1778 3096
511 166 613 207 LIB.
639 165 734 208 XV.
789 165 908 207 CAP.
938 166 1032 206 XX.
1413 166 1495 208 355

51 279 214 327 hahent,
249 279 375 318 maleel
409 279 584 317 ominate's
598 277 663 331 *).
722 276 833 326 Quod
869 276 995 331 mim)
1037 290 1167 317 verum
1199 282 1283 325 est,
1324 283 1363 316 et
1397 276 1492 315 libro

49 337 168 388 primo
197 334 451 386 Epistolarum
467 333 587 386 ***):

216 403 361 439 Omnem
391 401 504 438 erede
532 401 627 437 diem
659 398 754 437 libid
779 388 951 436 illuxisse
977 410 1204 449 supremum,

49 480 97 505 ex
133 479 203 517 quo
241 466 377 503 factum
419 473 478 503 est
517 466 589 504 tibi
621 465 817 502 de'luoez'sse.
878 462 951 501 Est
988 471 1110 501 autem
1149 464 1201 501 ita
1234 463 1378 501 locutus
1405 462 1489 500 Ho-

50 523 191 566 ratius,
229 527 267 558 ut
296 520 428 558 Livius
443 520 493 573 †)
525 521 562 558 in
590 520 679 557 illo:
722 521 793 557 Hie
820 521 1008 569 speezbsus
1042 520 1193 556 ultimus
1222 519 1302 556 dies
1330 520 1371 556 P.
1404 520 1489 557 See·-

42 578 155 628 pz’onz'
179 577 320 614 illua-it.
372 575 481 626 Apud
506 576 673 614 Plautum
703 587 847 625 quoque
869 574 908 611 in
931 572 1105 611 Rudente
1120 572 1228 626 ††)‚
1260 573 1299 611 in
1321 580 1490 612 extrema

49 631 197 676 fabula,
231 631 292 668 ubi
322 631 432 681 vulgo
464 632 516 668 ita
545 631 702 681 legitur:

166 697 252 736 Tibe·
273 699 435 748 propino
466 699 618 735 decuma
638 694 777 746 sonte:
813 700 853 732 tu
883 694 957 732 tz‘be‘
979 694 1088 740 inde,
1118 694 1158 731 εἰ
1178 694 1298 744 sapis,

50 776 124 802 non
154 762 274 801 habeo
305 762 478 808 dubium,
511 763 597 812 quin
627 762 678 798 ita
706 758 902 810 legendum
934 760 1004 797 sit:

165 828 252 867 Tibe·
270 829 461 878 propz'uod
489 841 612 865 eccum
639 840 662 865 α
681 826 798 878 sonte
814 843 825 863 .·
855 831 897 864 τα
922 826 994 864 tibi
1018 825 1132 869 inde,
1167 824 1206 861 .ςί
1227 825 1345 874 sapis.

50 893 196 945 Aquam
226 894 322 931 enim
360 905 541 930 conservo
579 893 749 942 propinat
786 899 824 929 et
852 905 933 929 eum
973 891 1074 929 iubet
1102 890 1226 928 vinum
1263 889 1333 926 sibi
1372 889 1491 939 ipsum

51 951 227 988 miscere.
289 948 388 996 Quin
418 948 525 985 etiam
557 948 620 984 lib.
649 946 793 985 XLlll.
824 946 1093 996 Digestorum,
1135 944 1201 982 sub
1230 945 1334 982 titulo
1356 943 1490 996 †††)‚

51 1004 114 1041 Ne
146 1003 233 1054 quid
261 1004 297 1041 in
327 1004 408 1040 loco
439 1003 585 1053 publico
615 1003 671 1040 vel
704 1002 838 1039 itinere
870 1003 955 1047 fiat,
1000 1001 1062 1039 ubi
1092 1001 1251 1050 legitur:
1291 1001 1392 1038 Idem
1422 1001 1491 1044 ait,

51 1061 90 1097 εἰ
115 1061 229 1096 odore
257 1060 337 1096 solo
370 1059 473 1095 loeus
498 1059 776 1107 pestilentiosas
790 1058 897 1107 fiat.-
930 1070 1002 1094 non
1033 1069 1112 1093 esse
1142 1055 1190 1091 ab
1219 1067 1261 1091 re
1291 1056 1336 1091 de
1363 1067 1408 1092 ea
1437 1055 1494 1091 ἰη-

54 1114 214 1151 ῑενιίίσίο
238 1113 310 1157 nli,
343 1111 540 1162 legendum
566 1124 727 1149 censeo:
755 1125 829 1150 non
858 1125 937 1150 esse
962 1111 1009 1149 ab
1038 1111 1107 1148 red
1126 1123 1168 1147 eo
1194 1109 1396 1147 interdicto
1421 1109 1490 1146 uti.

550 1209 839 1249 CAPUT
893 1209 995 1249 XX.
1518 1202 1581 1233 371

52 1287 254 1326 Essentiae
284 1300 416 1326 nomen
446 1301 469 1326 α
498 1290 682 1327 Cicerone
710 1294 884 1325 novatum
916 1300 1011 1325 esse.
1070 1284 1302 1324 Emendatus
1330 1285 1497 1322 Senecae

569 1357 618 1380 ex·
649 1343 828 1393 Epz‘slole‘s
857 1343 974 1380 locus.

52 1409 262 1468 RIAGNAM
295 1429 443 1467 saeculo
474 1443 540 1467 suo
571 1429 712 1468 laudem
744 1436 967 1467 consecutus
990 1435 1049 1467 est
1073 1435 1110 1466 et
1140 1424 1289 1465 dicendi
1319 1425 1497 1463 facultate

55 1494 94 1525 et
122 1483 377 1536 philosophiae
410 1485 567 1523 seientia
604 1493 640 1522 et
670 1485 853 1534 gravitate
892 1498 1032 1522 morum
1061 1484 1146 1521 Ser.
1180 1482 1332 1520 Flavius
1361 1481 1498 1518 Fabia-

56 1554 126 1579 nus
145 1540 215 1591 ἢκ
266 1539 450 1590 multaque
494 1539 539 1577 de
581 1553 627 1576 eo
667 1553 748 1577 cum
784 1539 870 1584 alii,
917 1547 992 1576 tum
1036 1538 1348 1588 locupletissimus
1388 1536 1498 1573 testis

58 1596 207 1635 Seneca
237 1594 615 1632 honorificentissime
642 1595 804 1645 scripsit.
865 1593 901 1631 Is
934 1607 1015 1631 cum
1047 1593 1315 1644 philosophiam
1346 1591 1498 1628 civitate

59 1651 198 1689 donare
225 1650 361 1695 vellet,
394 1650 504 1687 multa
535 1649 713 1687 voeabula
740 1656 963 1686 novaverat:
996 1662 1116 1699 neque
1146 1649 1245 1686 enim
1276 1647 1386 1684 aliter
1414 1646 1499 1683 fieri

58 1712 222 1758 poterat,
252 1717 333 1741 cum
362 1705 396 1741 in
420 1705 569 1742 Graeco
598 1716 743 1755 quoque
774 1717 962 1750 sermone,
996 1705 1056 1755 qui
1077 1704 1248 1741 Romano
1278 1703 1499 1739 immensum

59 1768 231 1813 quantum
259 1759 447 1809 copiosior
476 1767 549 1806 est,
580 1767 730 1797 veteres
763 1760 816 1796 illi
846 1772 1004 1797 necesse
1029 1759 1248 1796 habuissent
1277 1758 1388 1794 multa
1413 1769 1500 1806 pro-

59 1815 213 1855 cudere.
262 1814 466 1852 Putabatur
489 1822 609 1852 autem
634 1816 791 1866 primUS,
821 1827 928 1865 quam
952 1814 1091 1852 Graeci
1118 1815 1236 1851 usiam
1248 1809 1321 1863 ἢ)
1353 1811 1511 1856 dicunt,

60 1885 143 1910 eam
171 1870 307 1908 Latine
336 1873 531 1908 essentiam
563 1872 791 1907 nominasse.
852 1870 908 1907 lta
937 1877 1038 1909 certe
1070 1868 1346 1917 Quinctilianus
1376 1865 1500 1904 credi-

59 1926 136 1973 dit,
168 1926 228 1976 qui
254 1925 349 1963 libro
380 1925 544 1962 seeundo
560 1923 687 1977 ἢῆ,
722 1938 802 1962 cum
827 1923 1050 1962 rhetoricam
1073 1939 1095 1962 a
1120 1921 1336 1975 quibusdam
1362 1921 1499 1958 Latine

60 1980 296 2032 loquentibus
325 1981 523 2018 oratoriam
551 1988 613 2017 aut
641 1981 836 2018 oratricem
866 1982 992 2018 vocari
1023 1979 1200 2024 dixisset,
1229 1985 1267 2016 et
1293 1979 1410 2022 haee,
1443 1977 1501 2013 in-

60 2039 154 2089 quit,
180 2037 441 2086 mterpretate'o
470 2049 545 2074 non
573 2037 694 2073 minus
723 2037 820 2074 dura
849 2042 919 2082 est,
944 2049 1053 2087 quum
1083 2037 1148 2074 illa
1169 2034 1297 2073 Flavia·
1319 2032 1508 2070 essentia.

136 2139 179 2175 ÷::-)
199 2137 307 2167 W‘olfii
328 2145 444 2172 operae
464 2140 564 2167 maled
582 2140 817 2169 nominatis.

135 2186 205 2221 *etz-J
227 2187 433 2229 Tra11s1›011e:
461 2188 543 2222 quod
561 2195 668 2216 verum
688 2189 748 2225 est,
775 2189 809 2216 ut
823 2189 862 2218 et.
901 2189 940 2217 D.
960 2187 998 2216 R.
1019 2200 1055 2208 -
1093 2187 1244 2216 Fortasse
1264 2186 1370 2214 tamen
1397 2186 1427 2213 et
1446 2191 1503 2220 pro

61 2227 106 2255 ila
125 2227 153 2254 et
172 2231 273 2258 acclpl
294 2227 407 2258 potest.
446 2227 558 2254 FAEsr.

136 2273 230 2308 -212--221-333
249 2272 349 2306 Epist.
370 2272 399 2300 4.
420 2280 451 2301 v.
474 2275 521 2302 13.
562 2272 789 2303 Recentissimi
808 2273 948 2303 editores
967 2272 1022 2301 tibi
1041 2272 1192 2301 diluxisse
1212 2270 1408 2308 praeferunt.

138 2321 184 2360 †)
204 2321 258 2350 lib.
278 2321 447 2349 xxxvln.
468 2328 536 2355 cap.
555 2323 607 2351 52.

137 2369 211 2407 †·'s]
232 2371 296 2398 lmo
316 2369 348 2395 z'n
368 2369 474 2396 Sticho
494 2369 532 2397 V.
552 2370 588 2407 4,
610 2368 661 2399 26.

139 2416 240 2456 †††]
261 2418 290 2445 Θ.
310 2417 346 2444 Ιι.
367 2416 395 2444 2.
417 2416 447 2451 S.
469 2416 519 2445 29.

140 2466 184 2500 ἐξ)
211 2467 259 2493 De
280 2464 390 2498 Sergio
411 2464 526 2492 Flavio
554 2465 618 2493 vid.
646 2465 751 2500 Quint.
773 2466 850 2494 Inst.
873 2465 924 2493 Or.
948 2464 1001 2492 lib.
1022 2465 1060 2493 11.
1081 2470 1148 2499 cap.
1172 2463 1221 2493 14.
1242 2464 1274 2500 S.
1295 2464 1325 2493 2.
1360 2462 1413 2492 lib.
1436 2463 1505 2491 vn.

65 2511 135 2539 cap.
156 2504 186 2531 4.
207 2503 239 2538 S.
260 2503 310 2530 40.
339 2501 481 2535 inprimis
511 2501 565 2531 lib.
587 2504 667 2532 vm.
689 2511 758 2538 cap.
778 2504 808 2532 3.
829 2503 860 2538 S.
879 2504 930 2530 33.
960 2505 992 2530 et
1017 2502 1103 2535 Lips.
1133 2502 1174 2530 ad
1194 2504 1305 2531 Senee.
1333 2501 1432 2536 Epist.
1452 2501 1504 2528 58.

67 2543 130 2572 Sed
152 2539 358 2575 spaldingius
385 2539 424 2566 ad
447 2539 498 2567 lib.
520 2541 585 2568 Vll.
606 2547 672 2573 cap.
694 2542 723 2569 4.
744 2541 775 2575 §.
796 2541 846 2569 40.
876 2542 907 2568 et
927 2540 979 2568 lib.
1001 2540 1082 2568 vlu.
1103 2547 1172 2574 cap.
1194 2541 1222 2567 3.
1243 2542 1274 2575 §-
1295 2540 1346 2566 33.
1374 2538 1504 2570 iudicat,

67 2579 211 2607 omnibus
232 2576 432 2611 Quinctiliani
457 2577 555 2615 luem,
587 2579 699 2612 quihus
719 2579 822 2606 Flauii
844 2577 962 2606 mentio
990 2576 1060 2614 fiat,
1096 2577 1271 2613 Veryinium
1294 2573 1503 2612 [Virqz'nium]

67 2618 196 2648 Flavum
216 2617 372 2643 rhetorem
394 2614 544 2650 intelligi,
567 2615 605 2642 de
625 2622 686 2649 quo
708 2615 828 2650 Quinct.
850 2616 903 2643 lib.
925 2616 977 2642 111.
998 2620 1066 2648 cap.
1088 2616 1115 2643 1.
1138 2615 1170 2649 §-
1188 2615 1237 2643 21.
1278 2616 1388 2648 ltaque
1409 2612 1506 2640 etiam

67 2657 228 2689 postremo
249 2654 318 2680 loco
334 2651 478 2679 lib.V111.
498 2659 565 2687 cap.
582 2654 610 2680 3.
631 2654 663 2687 S.
679 2652 728 2680 33.
748 2653 916 2687 legendum
933 2655 1040 2680 censet
1059 2652 1202 2686 Verqz'm'o
1216 2652 1322 2679 Flavo.
1343 2652 1453 2678 Fmsr.
1468 2663 1506 2670 —-·

67 2691 116 2720 Cf.
137 2692 382 2718 VVestermann:
412 2689 518 2717 Gesch.
540 2691 569 2717 d.
594 2690 672 2718 rom.
690 2689 900 2719 Beredtsumk.
930 2696 1002 2724 pag.
1021 2689 1092 2718 258.
1121 2691 1227 2718 annot.
1246 2688 1296 2718 29.
1330 2687 1506 2717 Gernhard.

68 2730 110 2758 ad
132 2728 277 2764 Quinctil.
298 2728 375 2755 Inst.
395 2725 446 2754 Or.
466 2726 521 2755 lib.
542 2728 580 2756 11.
601 2734 669 2762 cap.
691 2727 740 2755 14.
760 2729 793 2764 S.
813 2730 843 2756 2.
862 2734 934 2763 pag.
953 2728 1004 2756 86.

142 2781 212 2818 -:::-÷::-]
234 2781 333 2810 scrib.
360 2771 490 2807 οὐσίαν
517 2781 549 2809 et
567 2779 619 2808 hic
639 2781 669 2809 et
689 2779 781 2809 infra.

142 2829 237 2867 {tete-22³)
263 2836 333 2866 cap.
354 2828 402 2858 14.
424 2828 456 2865 §-
478 2829 508 2858 2.
547 2827 594 2858 lbi
621 2827 825 2858 Gernhardus
845 2833 863 2857 e
884 2825 960 2858 Cod.
981 2824 1085 2856 Turio.
1113 2832 1204 2863 quam
1229 2827 1284 2857 illa
1304 2826 1440 2857 Plauti
1459 2832 1512 2856 es-

68 2869 176 2898 sentia.

1145 2902 1199 2942 23
1214 2901 1241 2928 ²¹⁶
