1778 3096
488 148 587 186 Lm.
622 146 765 186 xvsst.
824 144 941 184 CAP.
974 144 1087 183 XlX.
1426 143 1509 186 445

550 257 583 296 C
614 258 651 296 A
680 256 712 295 P
740 256 777 294 U
803 255 837 294 T
896 255 1026 294 XIX.

72 337 115 375 Si
143 338 253 376 telum
278 349 388 374 manu
415 335 533 386 fugit,
565 349 586 373 e
613 337 693 374 XII
721 335 893 379 Tabulis,
925 335 972 372 ab
1001 335 1161 371 Homero
1190 332 1434 381 desumptum,
1466 340 1510 372 nt

209 399 247 430 et
267 392 528 443 philosophiae
557 391 736 441 definitio.
797 390 989 428 Hadriani
1020 388 1187 426 Turnebe·
1213 389 1295 425 laus
1310 385 1373 438 xe).

74 459 144 519 Sl
185 481 293 518 telum
334 492 445 517 manu
478 479 603 530 filgz‘t.
674 477 745 514 His
789 476 913 514 verbis
949 477 984 513 in
1024 477 1108 525 lege
1146 475 1236 512 ΧΠ.
1279 475 1405 512 emissi
1441 476 1507 513 teli

70 536 275 586 significata
306 542 386 571 erat
416 533 674 585 imprudentia,
704 539 743 569 ut
771 533 807 568 in
832 531 943 568 tertio
972 529 1016 567 de
1039 530 1202 568 Oratore
1218 529 1297 581 ἔμε)
1330 531 1506 581 scriptum

71 599 141 628 est.
202 590 307 637 Quae
336 590 484 627 tralatio
514 602 595 626 cum
624 602 645 626 a
676 586 816 624 Crasso
846 593 1041 636 tantopere
1073 584 1374 631 commendetur,
1418 598 1507 635 ego-

69 658 140 695 que
178 658 258 682 eam
299 658 320 682 a
351 652 455 695 patre
493 643 723 694 eloquentiae
752 642 920 679 Homero
958 641 1110 677 fluxisse
1152 640 1504 678 animadverterim:

68 701 234 737 facturus
265 712 401 749 operae
430 700 584 748 pretium
616 697 759 743 videor,
791 697 822 734 si
854 696 889 733 id
919 696 1128 733 iudicarim.
1177 696 1243 732 Ille
1269 696 1383 745 igitur
1411 696 1506 732 libro

67 754 204 792 Iliados
232 756 357 806 quinto
372 752 467 805 iffi)
498 752 692 791 Diomedis
720 765 800 789 cum
831 751 1007 801 PhegeO,
1035 750 1189 788 Daretis
1219 751 1315 796 tilio,
1347 764 1504 800 pugnam

69 810 310 855 describens,
356 822 436 847 cum
478 810 639 859 priorem
680 808 792 845 ictum
821 807 966 857 Phegei
998 807 1141 843 irritum
1182 806 1297 842 fuisse
1331 805 1502 851 dixisset,

68 865 240 910 subiicit,
281 878 353 902 non
389 864 485 901 idem
520 862 695 900 Diomedi
736 863 930 906 evenisse,
976 874 1094 912 neque
1133 862 1168 898 ei
1206 861 1351 898 irritum
1390 861 1504 898 telum

67 933 176 957 manu
207 920 370 970 fugisse,
404 919 469 956 sed
501 918 656 956 defixum
691 931 774 955 esse
808 918 842 954 in
875 924 1027 967 pectore
1059 916 1226 965 Phegei:

292 987 370 1023 Τοῦ
394 981 429 1023 δ’
462 981 530 1035 οὐχ
559 982 666 1024 ἅλιον
693 982 803 1035 βέλος
832 982 971 1036 ἔκφυγε
996 978 1132 1035 χειρὸς,

225 1037 324 1078 Ἀλλ’
359 1039 468 1091 ἔβαλε
496 1043 641 1090 στῆθος
668 1036 904 1090 μεταμάζιον.

67 1105 133 1145 Sic
163 1112 201 1143 et
228 1104 367 1142 Iliados
399 1114 530 1144 octavo
545 1105 596 1158 †)
628 1105 718 1143 dicit
748 1105 911 1143 habenas
942 1103 1082 1154 fugisse
1114 1115 1134 1139 e
1164 1114 1273 1139 manu
1301 1099 1501 1140 Nestoris:

234 1170 408 1223 Νέστορα
437 1169 470 1210 δ’
506 1171 547 1211 ἐκ
571 1175 706 1224 χειρῶν
734 1167 855 1223 φύγεν
883 1167 975 1221 ἡνία
1004 1164 1236 1221 σιγαλόεντα.

65 1235 149 1289 ††)
177 1236 274 1287 quod
300 1237 349 1273 ita
379 1236 541 1274 reddidit
569 1245 674 1275 vetus
704 1240 810 1287 poe'ta
841 1236 970 1273 Livius
986 1233 1125 1286 †††):

232 1304 320 1340 Mea
344 1315 487 1352 puera,
520 1304 612 1353 quid
637 1303 746 1339 verbi
770 1314 834 1338 ore
858 1299 1035 1351 prqsitgz't
1065 1299 1156 1337 tuo?

64 1367 240 1407 Attexam
272 1368 356 1405 huie
393 1367 647 1404 observationi
684 1368 789 1404 aliam
820 1366 926 1404 valde
959 1365 1201 1403 dissimilem:
1247 1363 1374 1415 quidni
1405 1364 1504 1402 enim

64 1424 153 1461 mihi
190 1436 335 1474 quoque
368 1422 629 1475 Τουρνεβίζειν
661 1421 859 1473 aliquando
895 1421 1033 1459 liceat?
1065 1421 1201 1457 utinam
1239 1419 1383 1470 quidem
1413 1432 1503 1456 vere

64 1492 108 1516 ac
137 1479 237 1515 serio
278 1490 441 1528 possem.
501 1477 577 1514 Sed
607 1485 647 1514 ut.
686 1479 746 1528 qui
775 1477 917 1514 divinas
947 1476 1164 1513 Aristotelis
1196 1488 1238 1512 ac
1270 1475 1437 1512 Platonis
1452 1472 1500 1524 ³³)

63 1535 220 1572 virtutes
247 1533 381 1570 imitari
414 1546 485 1570 non
518 1539 709 1583 poterant,
741 1532 849 1569 huius
879 1531 1053 1582 gibbum,
1085 1531 1181 1568 illius
1211 1529 1390 1580 quoddam
1424 1530 1501 1567 oris

63 1590 100 1626 in
132 1588 316 1639 loquendo
346 1588 473 1625 vitium
505 1588 763 1633 imitabantur,
796 1594 835 1624 ut
864 1589 985 1637 aliqua
1018 1587 1145 1623 saltem
1177 1586 1212 1622 in
1244 1597 1285 1622 re
1318 1592 1502 1622 tantorum

62 1645 226 1681 virorum
259 1644 397 1680 similes
429 1649 576 1680 essent:
607 1643 658 1679 ita
687 1655 773 1692 ego,
805 1641 948 1692 quando
973 1640 1019 1678 ad
1048 1642 1144 1679 illam
1175 1640 1352 1678 infinitam
1383 1640 1504 1677 multi-

63 1700 171 1750 plicis
211 1698 404 1737 doctrinae
443 1699 609 1748 copiam,
651 1710 745 1748 quae
783 1698 818 1734 in
848 1697 1025 1734 Turnebo
1063 1697 1151 1741 fuit,
1195 1695 1388 1746 adspirare
1427 1708 1500 1733 non

63 1755 197 1800 ausim,
225 1754 410 1791 licentiam
435 1753 614 1804 quandam
645 1753 741 1789 illius
767 1753 802 1789 in
826 1751 1065 1789 dissimilibus
1094 1752 1203 1790 rebus
1233 1750 1501 1801 coniungendis

64 1809 133 1847 hoc
162 1809 245 1847 loco
275 1808 461 1845 imitabor.
524 1807 686 1847 Veteres
716 1808 830 1858 igitur
861 1805 1113 1860 Critieifflt),
1145 1807 1207 1858 qui
1234 1807 1378 1853 omnia,
1407 1818 1501 1856 quae

136 1919 181 1955 ξε)
203 1919 249 1949 Cf.
270 1921 422 1948 annotata
442 1918 482 1947 ad
502 1918 554 1947 lib.
575 1918 629 1947 IV.
649 1924 718 1952 cap.
739 1916 790 1945 20.

137 1968 207 2003 ἓξὲξ)
228 1974 296 2002 cap.
316 1967 366 1996 39.
388 1968 420 2002 §-
441 1967 511 1997 158.
550 1965 598 1997 ef.
618 1965 727 2001 Topic.
747 1972 817 2001 cap.
838 1965 887 1995 17.
907 1964 940 2001 §-
960 1964 1012 1994 64.

136 2016 230 2051 ΐεεῒε-ῑῖἓ]
251 2023 281 2044 v.
303 2016 343 2044 18
361 2022 408 2050 sq.

137 2063 183 2104 ἦ)
205 2072 236 2094 ν.
258 2064 327 2093 137.

138 2117 212 2156 ††]
240 2117 326 2146 Ante
346 2117 426 2145 haec
453 2116 554 2145 verba
573 2115 604 2144 in
625 2115 769 2145 Editione
788 2116 981 2150 Augustana
1010 2113 1128 2144 excidit
1147 2115 1344 2145 Homericum
1357 2137 1366 2151 ,
1397 2114 1503 2154 ποῖος

65 2169 107 2193 σε
135 2158 222 2196 ἔπος
244 2154 364 2201 φύγεν
387 2156 488 2201 ἕρκος
514 2156 697 2198 ἰδόντων;
737 2163 774 2190 D.
796 2163 833 2190 R.
855 2176 890 2182 -
929 2161 1044 2190 Faesio
1064 2161 1177 2196 iudice,
1200 2170 1281 2197 quae
1302 2164 1500 2203 exemerunt,

65 2212 107 2233 ex
138 2204 191 2232 lib.
220 2204 270 2231 lv.
300 2208 366 2236 cap.
395 2202 444 2230 20.
473 2202 546 2231 edit,
575 2202 671 2236 princ.
709 2202 756 2230 sic
783 2201 923 2236 suppleri
953 2204 1100 2236 possunt:
1140 2204 1209 2230 Non
1234 2205 1376 2233 dissimili
1402 2209 1501 2235 aulem

63 2242 154 2315 {13:¹10
173 2240 307 2306 effiltyegf
333 2241 437 2312 gjcgmt
455 2248 491 2268 ea
510 2242 620 2277 verba,
651 2246 729 2275 quae
752 2247 866 2274 parum
883 2241 1077 2268 considerate
1094 2240 1310 2274 proferuntur.
1347 2244 1502 2273 Homerus

134 2286 197 2313 yss.
237 2300 242 2305 .
287 2288 312 2305 r.
367 2299 372 2304 .
403 2284 413 2304 .·

203 2328 344 2360 Τέκνον
367 2322 479 2370 ἐμὸν,
505 2322 616 2359 ποῖόν
639 2335 680 2360 σε
705 2325 794 2364 ἔπος
819 2322 940 2371 φύγεν
963 2323 1065 2370 ἕρκος
1089 2322 1271 2368 dodanam,-

65 2383 148 2418 quod
163 2383 208 2410 ita
226 2382 361 2410 reddidit
377 2383 437 2410 eet.

141 2428 243 2469 †††)
264 2429 296 2457 in
318 2429 463 2464 Odyssea
483 2436 534 2464 ap.
553 2428 707 2458 Priscian.
726 2430 798 2459 Vol.
818 2431 842 2458 l.
863 2435 934 2464 pag.
956 2428 1026 2457 24⁷.
1047 2429 1095 2457 ed.
1115 2431 1222 2460 Krehl.
1241 2431 1293 2460 ubi
1312 2431 1444 2468 legitur:

282 2478 357 2505 Mea
375 2484 489 2513 puero,
512 2478 584 2512 quid
602 2479 687 2506 verbi
705 2486 746 2506 ea:
765 2480 817 2506 tuo
838 2485 893 2505 ore
911 2484 1007 2511 supra
1024 2476 1126 2512 fugiit?

65 2526 266 2556 Hermannus
285 2526 386 2554 Elem.
408 2527 513 2554 Doctr.
532 2527 625 2554 metr.
645 2533 716 2561 pag.
736 2525 807 2555 618.
828 2525 1025 2554 scribendum
1046 2527 1133 2556 esset
1152 2526 1245 2558 dicit:

680 2582 746 2602 mea
763 2581 874 2607 puera,

283 2611 358 2640 Mea
375 2617 491 2647 ymera,
512 2611 564 2645 qui
583 2613 668 2640 verbi
686 2619 728 2640 ex
747 2614 799 2640 tuo
820 2618 876 2639 ore
895 2609 1102 2647 subterfuyz'ct?

67 2659 213 2688 Osannus
232 2658 378 2688 Analect.
398 2659 467 2688 crit.
488 2666 560 2693 pag.
579 2660 630 2688 35.

283 2708 356 2736 Mea
374 2714 469 2744 puer,
491 2715 560 2736 mea
577 2714 672 2746 puer,
693 2709 766 2744 quid
783 2708 871 2737 verbi
889 2715 931 2737 ex
950 2708 1003 2736 tuo
1023 2714 1079 2736 ore
1095 2707 1260 2747 profugit?

67 2754 115 2786 cf.
136 2756 268 2785 eundem
288 2756 319 2784 in
339 2755 484 2785 Addend.
505 2756 545 2784 ad
564 2757 595 2785 h.
614 2757 637 2785 l.

141 2805 185 2839 κε)
207 2804 254 2834 Cf.
274 2810 373 2839 supra
391 2804 444 2833 lib.
465 2805 502 2832 X.
523 2810 591 2838 cap.
613 2804 662 2833 10.

140 2851 209 2888 {22:10
228 2851 299 2883 Vid.
319 2852 519 2882 Eustatnium
539 2853 580 2883 ad
601 2852 689 2882 iliad.
710 2853 747 2882 E.
768 2858 840 2889 pag.
861 2852 933 2889 53⁰,
954 2854 984 2883 5.
1024 2856 1135 2885 FAESI.

1530 1177 1593 1208 470
