1778 3096
285 146 368 191 478
576 146 881 189 OBSERVAT.
913 147 1060 188 IURIS
1091 147 1195 189 LIB.
1228 148 1439 189 SINGUL.

287 262 399 300 ctiam
427 260 566 299 Graeci
582 257 629 312 >l2‘)
656 273 701 297 eo
729 258 839 297 modo
871 258 1179 309 interpretantur.
1242 257 1319 296 Sed
1350 259 1438 297 mihi
1467 258 1575 310 plane
1604 266 1736 297 contra

262 316 448 363 ,videtum
509 315 671 353 Constat
700 316 819 360 enim,
863 314 908 351 ab
949 310 1090 351 iisdem
1111 314 1314 364 antiquitus
1344 316 1574 353 aestimatam
1615 315 1734 360 litem,

199 2272 263 2304 505

288 374 350 424 qui
380 371 424 409 de
449 370 737 422 repetundarum
769 370 926 407 crimine
958 375 1229 419 cognoverant.
1281 368 1333 407 Et
1363 383 1452 408 vero
1479 371 1578 421 quis,
1608 370 1737 421 quanti

288 430 339 466 s‘t
367 425 598 465 aestimanda
629 426 699 472 lis,
732 437 963 474 cognoscere
993 425 1124 462 melius
1152 425 1294 475 possit,
1322 438 1428 475 quam
1459 426 1490 463 is
1520 426 1629 476 ipse,
1675 425 1737 476 qui

287 491 403 521 totuin
436 483 578 520 crimen
609 480 814 531 cognovit?
871 481 987 517 lmmo
1021 493 1109 518 vero
1138 492 1219 516 eam
1249 480 1364 531 ipsam
1397 481 1517 532 legem
1548 480 1737 532 Defuncto

287 552 331 577 eo
370 544 458 589 puto
496 536 532 574 id
565 536 720 582 dicere,
762 537 793 573 si
825 534 1022 574 emendate
1062 535 1222 585 legatur.
1284 535 1380 572 Nam
1419 535 1601 587 quomodo
1639 548 1738 574 nunc

287 594 445 644 legitur,
488 592 625 630 nullam
662 591 812 629 videtur
848 591 1021 629 idoneam
1057 590 1280 628 sententiam
1317 591 1526 630 continere.
1587 589 1738 629 Censeo

287 651 403 700 igitur
429 647 626 699 legendum
660 647 728 686 hoc
760 646 892 684 modo:
931 646 1116 698 Defuncto
1147 659 1204 689 ee,
1238 648 1307 710 qqi
1330 660 1420 685 reus
1441 646 1526 698 fuit
1552 648 1736 692 criminis,

288 712 328 744 et
350 718 473 756 poema
503 705 709 747 eoestiueta,
737 705 947 755 quicunque
978 704 1015 740 iu
1045 714 1179 739 caussa
1209 703 1376 740 creme'nz's
1405 704 1587 740 eoestineti
1611 702 1743 740 debuit

287 773 538 810 cognoscere,
567 761 647 796 eius
677 760 723 795 de
746 759 974 809 pecuniaria
1005 771 1047 795 re
1077 758 1241 807 cognitio
1270 764 1341 795 est.
1401 756 1477 794 Pro
1505 759 1541 795 in
1572 770 1739 807 quocun-

287 830 358 867 que
389 815 472 866 lego
502 816 711 865 quicunque
739 816 802 859 in,-
831 827 898 864 pro
929 813 1043 851 (lebet
1069 814 1101 851 is
1128 814 1210 862 lego
1240 813 1368 850 debuit
1380 810 1478 863 **):
1512 812 1574 850 ubi
1601 813 1740 862 legitur

288 873 420 917 cuius,
463 871 548 920 lego
575 871 678 907 eius.-
722 882 816 920 quae
847 870 1072 906 mutationes
1102 881 1224 918 neque
1255 875 1448 906 contortae
1480 881 1524 906 ac
1553 868 1740 906 violentae

289 934 396 974 sunt,
431 932 468 964 et
497 924 544 963 ad
574 937 699 964 veram
727 925 951 962 sententiam
983 923 1206 963 eliciendam
1237 924 1478 962 necessariae
1507 922 1696 963 videntur.

810 1069 1100 1109 CAPUT
1161 1070 1217 1108 ΙΙ.

287 1154 446 1192 Servum
476 1163 546 1189 nec
575 1151 763 1202 relegari,
787 1163 859 1189 nee
888 1150 1101 1200 deportari.
1152 1148 1367 1186 Emendata
1390 1148 1427 1186 z'n
1454 1159 1537 1185 eam
1558 1159 1637 1185 rem
1659 1148 1737 1185 lex.

289 1237 641 1304 Qummnmomm
671 1260 933 1297 eoez'liinomen
965 1259 1001 1296 in
1024 1259 1132 1296 libris
1157 1259 1295 1296 nostris
1320 1270 1588 1308 saepenumero
1616 1258 1741 1296 mitius

287 1317 472 1368 accipitur
512 1323 550 1354 et
586 1315 856 1365 relegationem
890 1321 1030 1352 tantum
1072 1315 1281 1364 significat:
1305 1314 1368 1351 'ut
1405 1314 1550 1364 quoties
1587 1313 1741 1351 exilium

289 1372 555 1423 temporarium
587 1369 738 1408 dicunt:
773 1383 845 1407 non
876 1371 996 1415 enim,
1034 1370 1065 1406 si
1096 1369 1247 1420 proprie
1276 1368 1374 1420 loqui
1404 1368 1585 1415 velimus,
1617 1375 1742 1420 potest

291 1428 485 1479 quisquam
525 1425 571 1464 ad
610 1433 755 1476 tempus
787 1425 964 1471 exulare,
1006 1437 1127 1474 neque
1168 1425 1318 1461 omnino
1356 1422 1403 1461 ad
1441 1431 1586 1474 tempus
1618 1425 1741 1475 capite

290 1484 429 1521 minui:
477 1481 532 1519 sic
568 1487 606 1518 et
645 1493 780 1518 nomen
821 1481 1064 1530 relegationis
1102 1478 1299 1530 aliquando
1339 1477 1468 1516 durius
1506 1491 1550 1516 ac
1589 1480 1740 1528 gravius

290 1537 550 1589 accipiendum
578 1543 659 1574 est:
692 1536 742 1573 ita
771 1542 811 1572 ut
835 1534 1132 1586 deportationem
1166 1534 1367 1584 significet.
1419 1533 1472 1571 Et
1501 1534 1552 1571 ita
1583 1534 1742 1585 intelligi

291 1593 405 1632 debet
440 1594 476 1630 in
517 1594 543 1631 l.
577 1594 656 1630 Hos
695 1604 894 1641 accusare.
936 1589 961 1643 ξ
999 1590 1169 1628 omnibus
1201 1596 1340 1627 autem.
1372 1591 1418 1627 D.
1459 1590 1505 1627 de
1542 1602 1671 1628 aecus·
1703 1599 1742 1630 et

291 1645 588 1700 z‘nserz'pt.³“⁶*⁴⁴'⁶)
637 1645 733 1698 quod
777 1653 816 1684 et
855 1645 1064 1684 Accursius
1083 1644 1135 1698 †)
1180 1645 1335 1682 notavit.
1406 1643 1559 1696 Alioqui
1612 1658 1658 1683 ne
1695 1658 1741 1683 ea

291 1704 439 1757 quidem
470 1703 677 1754 relegatio,
709 1715 804 1753 quae
834 1702 870 1739 in
902 1709 1118 1753 perpetuum
1147 1707 1228 1746 est,
1261 1701 1362 1738 inter
1391 1701 1571 1751 capitales
1604 1714 1742 1752 poenas

290 1767 511 1800 numeratur
551 1760 578 1797 l.
615 1759 856 1809 Capitulium.
901 1760 948 1796 D.
984 1758 1029 1794 de
1057 1758 1190 1807 poenis
1208 1755 1307 1808 ††).
1369 1755 1497 1802 Quare
1531 1758 1656 1807 inepto
1695 1755 1741 1794 ad

289 1816 327 1855 id
359 1815 456 1867 quod
487 1815 668 1864 agebatur
697 1813 866 1864 exemplo
896 1812 1187 1850 Iurisconsultus
1220 1824 1309 1848 usus
1333 1818 1456 1849 esset.
1519 1811 1741 1864 Dep-orta—tjo

290 1873 408 1923 igitur
438 1870 610 1921 capitalis
651 1869 798 1921 quidem
831 1881 949 1919 poena
982 1875 1059 1914 est,
1105 1866 1173 1905 sed
1207 1868 1244 1904 in
1277 1879 1407 1904 servos
1443 1881 1516 1905 non
1547 1868 1738 1906 convenit.

288 1928 388 1966 Nam
430 1925 613 1978 quomodo
652 1938 735 1963 eum
773 1925 895 1975 capite
933 1924 1102 1968 minues,
1149 1923 1210 1973 qui
1245 1929 1355 1974 caput
1390 1936 1463 1961 non
1494 1922 1636 1961 habet?
1678 1930 1742 1961 aut

289 1982 474 2035 quomodo
504 1982 626 2027 bona,
659 1981 870 2026 civitatem,
902 1980 1113 2017 libertatem
1143 1977 1285 2016 adimas
1316 1978 1367 2025 ei,
1399 1979 1460 2029 qui
1490 1991 1611 2030 neque
1639 1980 1741 2030 quic·

289 2053 398 2091 quam
438 2037 553 2075 habet
594 2037 631 2074 in
671 2036 802 2081 bonis,
847 2048 967 2086 neque
1008 2035 1126 2080 civis,
1169 2047 1289 2085 neque
1326 2034 1423 2072 liber
1460 2034 1549 2072 est?
1610 2034 1740 2072 Nihilo

290 2095 415 2133 secius
449 2106 495 2131 ne
527 2093 711 2142 relegatio
748 2089 896 2142 quidem
926 2091 1076 2142 proprie
1106 2088 1203 2126 dicta
1234 2090 1369 2127 servile
1402 2102 1489 2128 esse
1521 2090 1740 2141 supplicium

289 2157 428 2202 potest.
489 2147 656 2185 Duriora
688 2147 783 2184 enim
822 2154 861 2184 et
891 2146 1086 2184 acerbiora
1116 2146 1297 2196 supplicia
1335 2145 1372 2182 in
1404 2158 1533 2183 servos
1565 2147 1740 2183 constitui

290 2206 439 2252 solent,
468 2217 541 2241 non
571 2203 755 2248 molliora,
789 2201 994 2239 cuinsmodi
1025 2201 1207 2251 relegatio
1240 2207 1310 2237 est.
1358 2199 1410 2237 Et
1436 2214 1517 2238 cum
1550 2202 1739 2251 relegatus

290 2262 454 2300 retineat
483 2259 687 2304 civitatem,
712 2264 933 2308 potestatem
962 2257 1134 2307 patriam,
1158 2255 1270 2301 bona,
1297 2256 1738 2303 testamentifactionem3

291 2318 373 2369 quis
408 2330 480 2354 non
519 2314 642 2360 videt,
685 2313 779 2351 haec
819 2313 856 2349 in
892 2325 1041 2350 servum
1073 2312 1276 2349 convenire
1317 2325 1390 2349 non
1431 2312 1572 2362 posse?
1629 2311 1740 2359 Quod

289 2374 427 2418 etiam,
461 2371 492 2408 si
522 2371 728 2420 fingamus,
769 2381 917 2406 servum
948 2368 1111 2417 relegari
1142 2379 1274 2418 posse,
1320 2365 1357 2404 id
1390 2374 1469 2413 est,
1511 2367 1585 2405 alio
1613 2380 1741 2405 amau-

290 2428 372 2466 dari
404 2435 442 2465 et
470 2425 563 2464 urbe
594 2425 832 2477 provinciave
862 2423 1080 2475 prohiberi,
1113 2422 1335 2460 beneficium
1365 2422 1464 2460 istud
1495 2423 1633 2469 fuerit,
1665 2436 1738 2460 non

289 2497 437 2536 poena,
475 2494 651 2520 amovere
681 2493 764 2518 eum
793 2479 839 2517 ab
872 2479 990 2518 oculis
1021 2477 1160 2516 domini
1187 2479 1295 2529 eique
1327 2477 1497 2529 fugiendi
1529 2479 1739 2517 necessita-

365 2618 410 2654 —:::-)
431 2615 563 2647 Basilio.
583 2616 671 2644 Tom.
692 2614 761 2644 vn.
783 2620 854 2648 pag.
875 2613 948 2643 544.

365 2665 434 2701 aare]
464 2665 569 2693 Verba
595 2670 656 2697 pro
683 2663 715 2690 in
743 2669 922 2698 quacunque
948 2663 1017 2699 leyo
1037 2661 1209 2697 quicunque
1235 2661 1352 2690 absunt
1380 2660 1420 2689 ab
1450 2659 1526 2691 edit.
1544 2660 1739 2690 Ruhnkenii.

289 2703 423 2735 Addidit
443 2702 578 2732 Faesius
605 2709 647 2729 ex
673 2700 746 2729 edit.
770 2708 814 2733 nr.
835 2703 868 2729 et
888 2702 975 2730 Grut.
1014 2699 1136 2730 Deinde
1156 2706 1207 2735 ap.
1230 2701 1318 2729 Grut.
1339 2702 1371 2729 et
1390 2700 1516 2729 Ruhnk.
1539 2700 1657 2729 vitiose
1677 2706 1739 2728 ex-

289 2749 438 2780 pressum
458 2743 508 2769 est
530 2740 643 2768 Curius
662 2745 718 2773 pro
737 2738 834 2765 cuius.

365 2790 459 2824 ›aete-23]
480 2790 516 2817 L.
539 2789 588 2816 12.
612 2786 644 2821 §-
665 2785 695 2814 4.
724 2786 762 2813 D.
785 2786 925 2815 XLVIII.
947 2786 976 2815 2.

365 2837 412 2875 ἦ)
432 2836 465 2865 in
485 2837 596 2871 glossa
616 2835 656 2863 ad
677 2835 739 2869 leg.
762 2835 906 2862 allatam.

365 2884 441 2925 ἢ)
461 2885 498 2915 L.
518 2885 569 2914 28.
588 2883 622 2919 §-
644 2884 674 2913 1.
705 2883 744 2912 D.
765 2883 905 2913 XLVIII.
928 2880 976 2911 19.
