1778 3096
492 125 594 169 LIB.
626 126 735 166 X111.
796 125 914 165 CAP.
946 125 1039 166 XX.
1405 124 1487 166 303

49 239 155 279 Nilo.
213 239 275 277 Ab
317 251 361 276 eo
394 244 515 275 aulem
556 235 756 274 secundum
797 237 931 274 Istrum
971 235 1060 273 facit
1099 232 1375 285 Sallustius*).
1433 233 1487 271 At

50 296 233 332 Ariianus
262 294 396 331 lsnum
427 293 587 329 omnium
620 293 813 329 maximum
850 304 934 329 esse
964 290 1134 328 adfirmat
1163 290 1221 327 his
1251 287 1484 340 verbis**):

43 347 142 389 Ἀπὸ
171 347 211 388 δὲ
239 351 306 398 τῆς
334 344 453 398 μάχης
481 350 645 398 τοιταῖος
673 344 888 396 ἀφικνεῖται
911 343 1158 397 Ἀλέξανδοος
1185 342 1248 383 ἐπὶ
1276 341 1344 383 τὸν
1372 358 1486 383 ποτα-

49 402 123 473 μρν
149 401 216 443 τὸν
231 400 402 455 Ἴστρον,
440 405 619 452 ποταμῶν
647 405 722 441 τῶν
750 398 841 451 μετὰ
867 397 937 451 τὴν
964 397 1164 451 Εὐρώπην
1193 398 1367 452 μέγιστον
1394 395 1486 438 ὄντα

48 459 114 500 καὶ
137 458 312 509 πλείστην
338 460 412 511 γῆν
437 454 694 509 ἐπεοχόμενον.
752 456 837 493 Hoc
865 457 980 506 igitur
1008 456 1158 506 appingi
1183 456 1319 506 poterit
1347 454 1392 493 ad
1422 467 1483 501 ea,

48 527 141 566 quae
177 513 223 551 de
263 512 320 550 his
355 514 566 550 fluminibus
607 511 757 550 tradidit
787 510 930 548 Gellius
968 512 1089 561 capite
1121 511 1276 560 septimo
1307 510 1393 548 libri
1421 508 1487 548 de-

49 570 148 608 cimi.
199 567 276 607 Sed
303 574 341 606 et
365 568 449 614 hoo,
474 568 571 620 quod
602 567 734 612 dicam,
760 565 870 604 adiici
891 567 1028 617 polerit
1047 565 1093 603 ad
1121 565 1158 602 id
1172 572 1290 628 'caput
1319 563 1486 603 eiusdem

48 626 256 675 scriptoris,
285 622 382 674 quod
411 625 578 674 proxime
608 624 788 674 sequitur.
842 622 898 659 Ibi
923 623 1018 658 enim
1050 620 1240 671 sanguinis
1272 621 1485 658 missionem

47 687 175 718 narrat
214 680 333 717 fuisse
370 680 456 717 olim
502 680 599 717 inter
642 678 863 729 ignominias
899 677 1104 714 militares:
1157 688 1276 726 neque
1314 689 1485 713 caussam

47 736 129 774 eius
169 736 226 774 rei
265 735 375 772 ullam
405 749 427 773 a
455 735 645 773 veteribus
655 709 860 784 0proditam
892 745 992 770 esse.
1053 731 1105 769 Se
1133 731 1250 781 igitur
1287 738 1418 781 putare
1447 730 1486 768 id

45 786 208 837 factum,
247 791 353 842 quasi
390 791 508 828 minus
547 791 627 828 sani
666 788 883 828 viderentur
917 800 1066 833 omnes,
1114 787 1174 837 qui
1213 785 1484 837 delinquerent,

25 845 93 884 'ob
121 844 229 897 idque
262 846 326 883 tali
355 847 575 897 purgatione
612 851 779 896 egerent.
835 842 922 894 Ego
951 850 1073 881 autem
1112 842 1232 893 potius
1271 840 1308 879 id
1347 842 1485 880 factum

45 907 154 953 putO,
194 908 233 939 ut
263 903 503 952 sanguinem,
553 914 660 952 quem
691 913 771 938 eum
808 900 928 950 gloria
966 897 1125 937 fundere
1164 909 1231 950 pro
1268 898 1389 949 patria
1420 909 1486 934 no-

45 957 216 1003 luerant,
245 969 327 994 eum
358 970 439 995 cum
470 957 675 1008 ignominia
704 956 931 994 amitterent.

119 1090 164 1127 δῖε)
184 1093 246 1126 Ap.
268 1092 349 1120 Gell.
369 1092 390 1119 l.
411 1097 437 1120 c.
476 1090 546 1120 Vid.
568 1091 646 1118 Sall.
667 1092 792 1124 Fragm.
812 1095 884 1124 pag.
905 1089 976 1118 256.
996 1095 1045 1117 no.
1067 1086 1138 1116 190.
1157 1086 1206 1116 ed.
1228 1087 1374 1115 Gerlach.

86 1181 96 1193 ο
119 1143 188 1178 *³10
208 1145 330 1181 Exped.
352 1146 450 1175 Alex.
471 1143 527 1174 lib.
547 1146 570 1174 Ι.
591 1151 659 1179 cap.
679 1145 709 1172 3.
730 1144 800 1174 init.
838 1143 885 1172 lbi
905 1144 990 1172 recte
1009 1141 1156 1171 scribitur
1185 1133 1301 1170 κατὰ
1324 1133 1388 1178 τὴν
1410 1133 1486 1169 Εὑ-

45 1197 188 1231 ρωπην.Δ
