1726 3106
185 150 267 192 230
745 151 876 193 VAR.
908 150 1062 191 LECT.

187 259 262 298 Est
289 268 410 300 autem
449 262 500 299 ita
531 261 691 309 dictum,
731 261 914 314 quomodo
945 262 982 299 in
1024 261 1095 300 bac
1125 263 1202 314 ipsa
1247 262 1368 301 fabula
1384 262 1454 315 *)‚
1500 272 1630 303 nostro

185 319 327 366 generi
350 331 422 355 non
446 319 574 356 decet.-
607 325 646 356 et
669 317 762 368 apud
783 318 1002 355 Terentium
1022 316 1123 370 Μ),
1156 326 1197 356 ut
1219 320 1323 356 vohis
1350 320 1476 358 decet.-
1509 319 1631 358 Grae-

190 385 317 409 corum
338 373 406 409 hoc
434 386 578 424 quoque
600 374 803 411 imitatione
824 381 860 411 et
883 373 1068 422 exempIO.
1120 373 1184 411 Sic
1209 375 1244 411 in
1268 375 1370 412 libris
1396 376 1487 412 iuris
1505 373 1629 426 *2⁶*ss

189 429 306 465 Decet
333 430 429 465 enlm
458 436 587 467 tantae
615 430 828 476 maiestati,
868 442 934 467 eas
962 441 1118 466 servm-e
1145 430 1265 480 leges,
1307 430 1440 481 qulbus
1468 432 1546 482 epse
1574 445 1633 470 so-

191 483 291 521 lutus
319 484 485 523 videtur.

103 596 162 626 241
678 593 709 633 C
740 593 776 633 A
805 593 838 632 P
868 593 903 631 U
931 593 966 631 T
1021 592 1149 632 XIV.

191 669 425 709 Emendatus
455 678 493 710 et
521 672 739 710 declaratus
769 673 874 710 loeus
902 671 1052 722 quidam
1080 684 1130 708 ex
1161 671 1340 722 Epe'stolz‘s
1369 672 1421 710 ad
1447 674 1632 711 Atticum.

191 747 335 806 Suum*
365 769 518 817 Cicero,
551 784 632 808 cum
664 770 872 821 proverbiis
905 770 1034 815 utitur,
1068 769 1192 807 mutila
1221 783 1333 820 saepe
1363 783 1408 808 ea
1437 778 1474 809 et
1502 771 1637 810 decur-

190 830 267 861 tata
308 826 502 876 proferre:
543 825 639 877 quod
678 833 714 863 et
755 827 817 863 alii
849 833 922 863 tum
956 825 1105 871 Latini,
1147 832 1219 862 tum
1254 825 1388 863 Graeci
1428 829 1635 878 scriptores

191 892 305 930 saepe
342 882 503 918 faciunt:
551 880 771 932 videturque
811 882 846 918 in
886 894 932 918 eo
971 881 1096 918 inesse
1138 880 1273 931 aliquid
1315 882 1452 932 leporis
1493 896 1536 921 ac
1573 897 1636 922 ve-

191 937 365 982 nustatis,
398 950 479 974 cum
503 937 755 987 unusquisque
787 938 867 974 eius
901 936 1048 986 linguae
1074 949 1144 972 non
1169 937 1321 986 ignarus
1352 935 1476 974 audito
1507 951 1636 976 eorum

189 990 373 1041 principio
412 992 522 1029 facile
562 993 704 1043 reliqua
744 1005 810 1043 per
848 1005 889 1030 se
928 993 1163 1029 subiecturus
1195 1004 1279 1028 csse
1315 991 1499 1030 videatur.
1560 993 1638 1032 Sed

189 1044 315 1083 adfert
345 1054 466 1085 tamen
511 1060 554 1085 ea
585 1061 646 1085 res
676 1047 858 1085 interdum
891 1048 1052 1085 orationi
1083 1046 1219 1096 aliquid
1252 1047 1515 1094 obscuritatis,
1553 1061 1637 1087 cum

191 1113 237 1138 ex
267 1114 338 1139 una
363 1111 425 1139 aut
455 1115 502 1141 ex
530 1104 648 1141 altera
679 1103 809 1141 vocula
840 1116 911 1140 non
943 1103 1098 1154 quilibet
1128 1103 1250 1140 statim
1283 1104 1518 1154 proverbium
1552 1117 1639 1143 esse

189 1155 473 1204 animadvertit,
517 1172 638 1210 neque
675 1159 756 1196 eius
787 1159 908 1195 statim
948 1157 1183 1196 recordatur.
1244 1158 1371 1210 Itaque
1410 1171 1454 1196 ea
1494 1172 1638 1213 quoque

189 1224 252 1249 res
294 1226 365 1250 non
405 1227 540 1264 paucas
585 1215 747 1252 maculas
785 1215 933 1264 scriptis
972 1221 1138 1251 veterum
1178 1212 1379 1264 adspersit.
1442 1213 1639 1261 Quomodo

190 1266 360 1317 equidem
382 1269 544 1306 arbitror
565 1268 803 1320 depravatum
828 1270 943 1306 fuisse
967 1269 1086 1306 locum
1107 1268 1287 1319 quendam
1310 1268 1393 1321 e†)
1414 1269 1509 1306 libro
1522 1269 1635 1307 Xlll.

189 1321 442 1372 Epistolarum
465 1324 510 1361 ad
538 1325 702 1362 Atticum
719 1324 827 1376 ἦῆ),
854 1324 913 1360 ubi
936 1325 984 1361 ita
1004 1325 1162 1373 legitur:
1197 1325 1275 1369 sed,
1300 1337 1454 1375 quaeso,
1481 1326 1639 1376 epistola

190 1391 271 1416 mea
301 1380 352 1416 ad
382 1382 590 1417 Varronem
622 1382 777 1418 valelene
816 1380 888 1418 tibi
908 1380 1085 1429 placuit?
1141 1381 1245 1417 Male
1273 1381 1366 1417 milei
1393 1381 1464 1426 sit,
1499 1382 1538 1418 εἰ
1563 1395 1641 1418 um-

191 1446 301 1483 quam
343 1436 539 1485 quicquam
576 1442 651 1473 tum
690 1437 828 1473 enitar.
890 1434 985 1480 Quis
1026 1435 1123 1471 enim
1169 1435 1260 1472 haee
1300 1442 1488 1485 postrema
1527 1436 1642 1474 verba

191 1487 324 1538 legens
361 1503 433 1526 non
475 1491 588 1527 sentit
617 1491 770 1527 insuave
811 1488 983 1540 quiddam
1023 1497 1062 1526 et
1091 1502 1111 1525 a
1141 1489 1411 1528 consuetudine
1442 1490 1641 1529 Ciceronis

191 1543 382 1580 alienum?
439 1543 533 1582 Cum
574 1553 696 1582 autem
738 1545 774 1581 in
818 1545 908 1581 satis
947 1550 1076 1581 vetere
1114 1544 1235 1590 libro,
1278 1558 1350 1596 quo
1391 1558 1448 1582 me
1491 1545 1643 1585 donavit

190 1598 314 1636 lumen
344 1612 388 1637 ac
417 1599 596 1650 splendor
625 1600 843 1650 amplissimi
873 1598 1037 1644 ordinis,
1078 1598 1284 1636 Gulielmus
1315 1600 1475 1638 Sirietus
1507 1601 1643 1639 Cardia

192 1654 288 1691 nalis
302 1653 442 1707 †††)‚
482 1656 650 1705 legatur:
695 1656 799 1693 Male
829 1656 1021 1698 mihz'se't,
1059 1656 1096 1691 εἰ
1122 1668 1293 1706 umquam
1329 1657 1530 1706 quidquam
1567 1664 1642 1695 tum

193 1711 310 1748 inim.-
342 1710 424 1747 fieri
452 1718 591 1761 potest,
623 1718 663 1748 ut
693 1711 817 1755 fallar,
851 1709 917 1747 sed
947 1709 1035 1746 mihi
1067 1710 1174 1759 plane
1207 1710 1414 1760 persuadeo
1445 1711 1644 1762 legendum

193 1777 303 1802 esse:
347 1768 385 1803 si
415 1779 587 1817 umquam
624 1768 823 1817 quidquam
865 1773 940 1803 tam
979 1767 1118 1802 invita:
1164 1773 1202 1802 et
1238 1764 1530 1804 subaudiendum
1569 1770 1645 1806 Mi-

192 1833 335 1858 nerm:
374 1828 413 1858 ut
439 1822 647 1872 significet,
688 1834 729 1859 se
760 1821 850 1857 nihil
882 1834 1048 1871 umquam
1090 1827 1162 1857 tam
1199 1821 1312 1858 invita
1344 1821 1519 1860 Minerva
1548 1825 1644 1861 scri-

194 1876 343 1925 psisse,
385 1890 491 1928 quau·
533 1878 630 1915 illam
670 1876 862 1927 epistolam
894 1875 939 1913 ad
973 1875 1212 1922 Varronem,
1261 1877 1308 1914 ob
1346 1876 1456 1928 idque
1497 1879 1640 1926 mirari,

195 1930 292 1981 quod
320 1932 382 1970 illa
408 1931 537 1971 Attico
569 1939 642 1970 tam
674 1932 781 1972 valde
810 1932 1006 1983 placuerit.

694 2051 987 2092 CAPUT
1043 2052 1140 2092 XV.

620 2132 743 2169 Locus
778 2132 954 2169 Caesaris
981 2130 1212 2168 emendatus.

199 2207 285 2264 ῙΑΜ
314 2238 473 2266 PRIDEM
502 2228 747 2267 animadverti
779 2230 890 2267 multa
915 2229 952 2266 in
980 2228 1129 2279 optimis
1160 2228 1366 2279 quibusque
1397 2229 1645 2280 scriptoribus

199 2283 250 2319 ita
279 2283 477 2321 manifesto
501 2283 716 2335 depravata,
742 2292 781 2322 ut
811 2297 854 2322 ca
883 2285 963 2335 ipsa
994 2285 1082 2321 mihi
1107 2297 1240 2322 caussa
1266 2285 1394 2330 fuerit,
1426 2297 1472 2322 ne
1497 2286 1645 2336 publice

199 2337 446 2391 testarer-fi),
485 2340 666 2391 quomodo
698 2339 930 2379 emendanda
964 2338 1204 2386 viderentur,
1247 2339 1344 2392 quod
1377 2341 1563 2379 neminem
1593 2342 1646 2380 ita

275 2458 319 2493 *J
340 2460 379 2487 11.
401 2460 430 2495 2,
455 2460 523 2488 188.

275 2507 344 2542 ÷1÷÷1÷J
366 2508 503 2542 Adelph.
524 2511 576 2537 Ill.
597 2508 635 2546 4,
657 2508 707 2537 45.
747 2509 882 2538 Fallitur
902 2511 1046 2538 Muretus
1073 2515 1116 2537 ex
1148 2509 1339 2537 Graecorum
1367 2507 1544 2538 imitatione
1568 2510 1648 2539 talia

202 2548 380 2584 explicans,
403 2558 590 2585 quamquam
612 2555 793 2580 constanter
813 2552 860 2580 illi
881 2552 1029 2581 dixerunt
1051 2547 1181 2591 πρέπει
1204 2558 1267 2590 μοι
1299 2557 1330 2583 et
1351 2554 1439 2588 sim..
1469 2561 1541 2583 nam
1562 2557 1648 2585 decet

202 2588 275 2614 mihi
301 2587 395 2615 facile
415 2589 564 2617 resolvas
591 2591 698 2618 decori
717 2592 762 2617 est
781 2591 861 2619 υιίΙιὶ.
902 2591 972 2618 vid.
994 2593 1092 2625 lntpp.
1114 2592 1153 2620 ad
1176 2590 1295 2620 Sanctii
1315 2593 1390 2620 Min.
1419 2594 1508 2621 Tum.
1528 2595 1552 2623 1.
1573 2600 1646 2629 pag.

202 2625 262 2654 211
283 2631 332 2660 sq.
352 2626 400 2653 ed.
422 2627 536 2654 Bauer.
576 2628 721 2656 Ruddim.
743 2629 816 2657 lnst.
840 2630 976 2656 Gramm.
997 2629 1032 2657 P.
1054 2631 1091 2657 ΙΙ.
1113 2636 1185 2664 pag.
1208 2630 1278 2658 207.
1301 2630 1349 2659 ed.
1370 2631 1484 2660 stalli).

277 2671 371 2707 *wo
392 2673 453 2708 Ap.
474 2675 564 2702 Paul.
587 2674 617 2702 in
637 2675 736 2704 pand.
757 2676 792 2704 L.
815 2676 864 2704 23.
888 2677 925 2704 D.
944 2676 986 2704 de
1005 2677 1099 2712 legat.
1117 2678 1146 2706 3.
1168 2678 1295 2708 XXXII.

276 2718 322 2758 ἦ)
343 2722 620 2757 praepositionem
639 2731 656 2752 e
676 2723 784 2753 omisit
804 2725 930 2754 Ruhnk.

277 2767 349 2807 ††]
369 2770 470 2805 Epist.
491 2771 532 2799 25
552 2775 634 2800 extr.
674 2772 814 2801 Orellius
835 2775 908 2808 post
927 2773 1108 2803 Ernestium
1128 2773 1206 2805 nihil
1225 2772 1373 2804 mutavit.

278 2816 379 2855 ’ἰὴ-ξ’)
402 2817 449 2848 Cf.
469 2821 550 2848 Mur.
573 2822 651 2854 opp.
673 2821 761 2850 Tom.
780 2823 805 2851 Ι.
826 2828 898 2856 pag.
921 2822 991 2851 188.
1012 2823 1083 2852 257.

277 2865 320 2901 ³³)
342 2866 475 2897 Rectius
496 2867 694 2898 scribendum
715 2872 764 2900 est
781 2870 886 2906 palam
905 2870 1047 2901 testarer.
1085 2871 1209 2901 Knarr.
