1778 3096
141 270 204 301 276

227 99 309 142 264
792 98 920 140 VAR.
951 98 1105 139 LECT.

229 210 365 250 dilectu
399 223 444 249 ac
473 208 689 248 discrimine
716 221 870 247 omnes:
914 216 954 246 ut
981 207 1017 246 id
1048 222 1119 247 non
1157 216 1220 247 aut
1250 207 1388 247 iudicio
1415 218 1478 249 aut
1505 211 1667 252 benevo-

230 268 345 305 1entia
374 265 546 311 adducti,
577 264 644 301 sed
676 264 802 302 morbo
832 263 988 314 quodam
1020 265 1131 302 animi
1164 266 1291 304 facere
1322 265 1529 305 videantur.
1590 267 1666 308 Sed

228 329 267 361 et
303 323 340 360 in
379 322 538 373 pecunia
576 319 697 366 idem,
739 332 953 371 quamquam
997 320 1119 357 rarius
1156 328 1194 357 et
1231 334 1251 358 a
1281 322 1542 372 paucioribus,
1584 324 1666 361 fieri

191 419 200 428 l
227 377 373 416 videas.
431 374 627 413 Eiusmodi
660 375 774 425 igitur
805 374 973 412 homiues
1003 383 1039 413 et
1075 375 1222 412 elevant
1249 379 1506 415 auctoritatem
1538 377 1667 416 iudicii

229 433 286 471 sui
316 439 352 470 et
381 443 527 468 omnem
556 431 837 468 benefactorum
868 431 1025 480 gratiam
1064 431 1246 469 amittunt.
1306 431 1366 470 De
1396 433 1528 483 quibus
1560 446 1668 483 prac-

230 489 330 526 clare
371 483 604 538 Seneca*)=
655 487 906 537 Beneficium,
950 486 1087 536 inquit,
1134 487 1233 536 quod
1267 488 1493 537 quibuslibet
1533 490 1665 534 (latur,

227 544 327 581 nulli
354 549 509 592 gratum
549 549 619 580 est.
686 543 806 579 Nemo
843 555 883 579 sc
918 541 1125 579 stabulat-ii
1165 548 1233 578 ant
1264 546 1441 593 cauponis
1486 544 1668 594 hospitem

229 598 397 644 iudicat,
442 610 511 635 nec
551 599 739 635 convivam
781 598 907 634 dantis
946 598 1119 647 epulum:
1164 596 1233 633 ubi
1267 598 1346 635 dici
1373 605 1521 648 potest,
1572 600 1672 649 Quid

230 654 325 690 em‘m
356 654 392 690 z‘n
421 665 478 690 me
503 653 692 690 contulit?
747 653 888 701 Nempe
917 653 1006 697 hoc,
1049 651 1150 702 quod
1177 652 1214 688 ίιι
1245 652 1347 690 illum
1385 661 1424 690 et
1450 655 1514 691 via,-
1541 661 1670 692 nolum

229 708 324 753 sz'be',
367 714 406 745 et
432 709 469 745 in
507 708 611 745 illum
641 709 752 745 etlam
787 708 974 744 mimicum
991 706 1066 755 Η)
1103 719 1148 743 ac
1185 709 1435 757 turpissimum
1471 710 1668 749 hommem.

229 764 422 812 Numquid
447 764 542 800 enim
573 775 629 800 me
661 763 815 811 clzg'nzcm
846 760 1052 799 iudicavit?
1109 761 1244 800 Morbo
1272 775 1339 799 suo
1369 776 1506 800 morem
1533 765 1667 813 gessit.

227 816 326 855 Puto
357 824 477 855 autem
509 817 596 864 hoc,
623 816 719 868 qnod
751 823 940 868 postremo
968 817 1049 853 loco
1077 817 1232 867 positum
1264 824 1336 863 est,
1366 819 1507 855 veteris
1536 822 1670 869 poetae

231 872 367 910 Graeci
407 872 577 922 exemplo
607 871 743 909 dictum
776 885 886 917 esse,
924 885 971 910 ex
1000 885 1071 922 quo
1104 870 1320 923 quadratum
1348 885 1495 911 versum
1527 874 1672 925 perele-

228 934 380 979 gantem
408 929 499 965 citat
523 926 748 965 Plutarchus
764 926 887 979 ***):

315 1001 374 1044 Οὐ
403 1001 682 1056 φιλάνθρωπος
708 1000 756 1044 σύ
782 1000 820 1057 γ’
853 1001 945 1044 ἐ’σσ’.
975 1002 1069 1055 ἔχεις
1095 999 1225 1044 νόσον.
1254 1002 1397 1058 χαίρεις
1424 1001 1567 1053 διδούς.

230 1081 286 1120 Ibi
319 1083 416 1120 enim
454 1083 618 1134 quisquis
649 1082 710 1119 ille
741 1088 823 1128 est,
866 1081 928 1133 qui
957 1082 1111 1133 loquens
1148 1081 1358 1128 inducitur,
1399 1088 1532 1133 negat,
1577 1080 1675 1133 quod

167 1183 169 1186 ι
230 1138 325 1176 alius
358 1138 536 1189 quispiam
579 1138 701 1175 multis
740 1138 935 1188 pecuniam
965 1137 1168 1188 largiatur,
1214 1137 1252 1175 id
1282 1137 1327 1175 ab
1358 1138 1474 1188 ipsius
1507 1137 1675 1175 humani-

148 2116 209 2147 277

230 1200 304 1231 tate
335 1206 379 1230 ac
410 1194 632 1231 liberalitate
662 1193 875 1244 proficisci:
908 1206 993 1232 eum
1023 1194 1122 1231 enim
1152 1193 1214 1230 illo
1245 1193 1350 1245 quasi
1375 1193 1502 1231 morbo
1533 1194 1671 1240 teneri,

231 1255 270 1286 ut
304 1247 435 1286 dandis
464 1249 632 1300 pecuniis
661 1247 838 1298 gaudeat.

739 1377 1023 1417 CAPUT
1085 1378 1171 1416 111.

489 1458 605 1496 Alius
632 1457 795 1495 eiusdem
824 1457 1023 1507 scriptoris
1053 1457 1159 1494 loeus
1189 1456 1417 1495 emendatus.

233 1536 468 1594 EXCEPTA
497 1556 744 1594 Macedonum
779 1561 914 1605 gente,
955 1554 1007 1591 ait
1044 1553 1142 1591 libro
1181 1555 1295 1591 tertio
1326 1553 1371 1593 de
1399 1554 1606 1594 Beneficiis
1623 1555 1675 1609 ἦ)

234 1613 399 1657 Seneca,
428 1624 504 1649 non
534 1618 592 1649 esc
620 1613 657 1648 z‘n
688 1612 765 1648 ulla
795 1611 886 1648 data
914 1611 1094 1647 adversus
1118 1610 1309 1660 ingratum
1340 1613 1453 1650 actio.
1508 1610 1584 1650 Sed
1614 1613 1677 1650 ubi

234 1665 429 1717 quidquam
467 1666 541 1704 tale
580 1664 625 1703 de
662 1665 937 1704 Macedonibus
977 1665 1111 1703 lectum
1155 1664 1240 1702 est?
1297 1665 1413 1703 Immo
1451 1679 1543 1704 vero
1581 1666 1679 1718 apud

235 1723 335 1759 solos
363 1722 570 1759 mortalium
595 1721 737 1759 Persas
767 1721 905 1770 ingrati
934 1721 1116 1758 actionem
1139 1719 1237 1767 dari,
1261 1733 1308 1758 ex
1326 1721 1578 1772 Xenophonte
1592 1721 1677 1776 ††)

235 1776 454 1823 didicimus3
496 1778 600 1815 cuius
636 1777 752 1814 verba
792 1775 1023 1843 describam,
1067 1789 1138 1812 non
1170 1783 1208 1812 ut
1237 1777 1347 1825 vulgo
1378 1777 1575 1827 leguntur,
1611 1777 1679 1816 sed

235 1839 277 1870 ut
303 1831 462 1883 legenda
493 1839 600 1870 sunt:
632 1829 826 1880 δικάζουσι
854 1829 895 1870 δὲ
922 1830 986 1870 καὶ
1009 1828 1238 1896 ἐγκληματος
1266 1834 1312 1871 οὑ
1342 1830 1452 1871 ἕνεκα
1461 1829 1681 1900 ἄνθρωποι

235 1891 391 1938 μισοῦσι
426 1885 494 1938 μὲν
523 1884 707 1938 ἀλλήλους
737 1884 916 1938 μάλιστα,
961 1883 1155 1933 δικάζουσι
1185 1885 1226 1925 δὲ
1255 1885 1410 1938 ἥκιστα,
1451 1884 1679 1940 ἀχαριστίας.

236 1942 424 1994 Numquid
465 1944 578 1993 igitur
618 1944 801 1980 Senecam
844 1943 1022 1979 memoria
1062 1942 1204 1993 lapsum
1243 1956 1329 1980 esse
1370 1942 1564 1981 dicemus?
1627 1944 1682 1983 At

238 2011 318 2035 cam
356 1999 516 2048 ipsemet
532 1997 647 2050 †††)
689 1999 884 2048 profitetur
923 1997 993 2035 sibi
1030 2010 1149 2049 usque
1188 2010 1232 2035 eo
1272 1999 1413 2036 firmam
1453 1999 1594 2046 fuisse,
1641 2006 1682 2037 ut

239 2067 312 2090 non
351 2060 488 2091 tantum
528 2052 574 2090 ad
611 2067 717 2090 usum
755 2053 963 2099 sufficeret,
1013 2052 1079 2089 sed
1117 2053 1153 2090 in
1188 2054 1403 2091 miraculum
1441 2067 1558 2105 usque
1593 2068 1682 2106 pro-

238 2107 406 2146 cederet.
465 2106 650 2158 Equidem
687 2107 761 2145 vidi
798 2115 963 2145 veterem
1002 2107 1174 2146 Senecae
1215 2108 1371 2154 librum,
1422 2109 1457 2146 in
1498 2122 1569 2161 quo
1607 2123 1680 2148 non

238 2165 487 2203 Macedonum
519 2163 737 2213 legebatur,
780 2162 847 2201 sed
875 2164 1119 2202 Maedonum.
1179 2163 1314 2215 Neque
1351 2162 1502 2202 dubium
1544 2164 1681 2214 habeo,

313 2285 357 2320 *J
379 2285 418 2313 de
438 2284 548 2313 Benef.
570 2286 593 2313 Ι.
618 2283 671 2312 14.

313 2333 381 2368 εἶ’-Ὅ
404 2335 464 2362 Ριο
485 2333 655 2367 inimicum,
677 2332 716 2360 de
735 2331 850 2362 Mureti
870 2331 1050 2361 coniectura
1070 2330 1101 2359 in
1121 2330 1224 2366 ipsius
1245 2330 1383 2360 editione
1401 2331 1577 2370 proposita,
1599 2340 1684 2364 nune

238 2370 355 2406 legitur
376 2372 536 2399 mimicum.
578 2370 647 2399 vid
669 2372 773 2399 schol.
794 2371 826 2399 in
846 2373 918 2399 Seu.
941 2370 1018 2404 Opp.
1041 2371 1129 2397 Τοιιι.
1151 2371 1203 2398 ΙΙΙ.
1225 2376 1296 2404 pag.
1316 2371 1346 2399 8.
1385 2372 1498 2399 Pru-:sn

354 2419 464 2453 <³1²Jln
484 2418 540 2447 vit.
561 2417 682 2453 Poplic.
704 2425 771 2452 cap
793 2420 841 2447 15.
874 2419 996 2465 Versus
1017 2419 1065 2446 est
1085 2417 1274 2453 Epicharmi.
1311 2419 1551 2454 Ap.P1utarch,
1571 2426 1592 2449 a
1609 2419 1686 2450 Sin-

241 2431 356 2493 tenisio
377 2463 525 2492 scribitur
552 2454 592 2489 τύ
617 2456 648 2499 γ’
675 2455 762 2489 ἐσσᾎ
802 2462 889 2491 libri
913 2452 989 2500 τόγ’
1014 2456 1110 2489 ἐσσί·
1137 2456 1238 2499 ἔχεις.

315 2510 360 2549 ᾧ]
381 2518 448 2545 cap.
470 2512 500 2540 6.
533 2512 699 2539 Medorum
720 2519 781 2540 non
806 2513 923 2545 recept.
943 2517 963 2539 a
982 2510 1102 2545 Lipsio
1125 2512 1182 2540 sed
1203 2518 1223 2539 a
1240 2511 1428 2546 Ruhkopfio.
1462 2513 1591 2548 Vulgat.
1610 2513 1685 2542 Μα-

240 2527 389 2615 {gignunt
416 2549 556 2578 defendit
581 2550 677 2578 etiam
704 2551 748 2578 10.
770 2550 914 2578 Rualdus
933 2549 1126 2578 Animade
1156 2549 1189 2577 in
1218 2550 1304 2579 Plut.
1327 2550 1375 2578 1⁷.
1394 2556 1467 2585 pag.
1487 2550 1585 2580 951).
1610 2550 1684 2581 ima.

244 2679 267 2712 ὁ
318 2638 391 2687 †·i·)
420 2641 535 2677 cyrop.
556 2641 609 2671 lib.
630 2643 653 2672 1.
675 2648 743 2677 cap.
765 2642 795 2670 2.
815 2640 847 2677 S.
866 2641 897 2670 ’7.
917 2640 970 2670 ubi
989 2641 1125 2672 alterum
1151 2631 1339 2676 δικάζουσι
1364 2649 1446 2672 nunc
1471 2644 1625 2673 mutatum
1652 2642 1684 2672 in

270 2676 460 2719 [xa-cousul-

318 2732 397 2771 -2-††
400 2734 418 2769 )
447 2734 615 2764 Confundit
645 2737 768 2770 patrem
789 2736 951 2769 Marcum,
980 2734 1033 2770 qui
1061 2736 1121 2764 hoc
1150 2735 1190 2764 de
1215 2742 1252 2764 se
1279 2733 1443 2770 praedicat
1460 2734 1566 2764 Praei.
1586 2734 1639 2764 lib.
1660 2735 1683 2763 1.

243 2773 349 2800 contr.
371 2779 439 2801 cum
465 2772 528 2801 filio
549 2772 662 2806 Lucio,
693 2780 787 2809 quem
806 2779 905 2808 saepe
931 2755 1085 2803 memoria
1112 2774 1240 2809 lapsum
1260 2780 1350 2812 esse,
1381 2773 1422 2802 ad
1441 2773 1539 2803 Rutil
1560 2774 1639 2808 Lup
1660 2773 1683 2801 1.

243 2816 314 2843 pag
336 2809 367 2838 9.
388 2810 573 2841 monuimus.
613 2811 650 2840 υ.
672 2812 708 2841 R.
