1778 3096
263 145 347 188 356
828 142 957 183 VAR.
990 142 1144 183 LECT.

264 255 316 296 Et
359 256 457 295 libro
497 255 610 294 tertio
634 251 715 306 ἐῢ),
770 253 915 299 usiam,
968 260 1090 304 ‘quam
1131 255 1285 293 Flavius
1333 255 1532 292 essentiam
1576 259 1709 300 vocat,

264 326 383 364 neque
411 324 504 350 sane
534 310 641 348 aliud
668 315 725 347 est
750 310 830 346 eius
859 321 990 347 nomen
1015 310 1206 348 Latinum.
1262 308 1312 348 Et
1341 310 1435 347 libro
1463 315 1593 347 octavo
1609 305 1708 358 *³¹02

264 370 389 408 Multa
416 380 466 404 ex·
498 368 643 405 Graeco
661 364 840 416 formata
872 377 982 409 nova,
1015 377 1060 401 ac
1083 365 1250 414 plurima
1277 378 1301 403 a
1331 366 1418 404 Ser.
1441 366 1594 403 Flavio.-
1620 376 1711 414 quo-

266 436 349 461 rum
375 423 474 460 dura
503 422 685 472 quaedam
714 420 910 458 admodum
939 420 1136 465 videntur,
1168 427 1212 459 ut
1237 433 1302 458 ens
1326 427 1365 458 et
1389 421 1575 458 essentia.-
1614 431 1710 469 quae

266 490 336 516 cur
365 483 561 528 tantopere
588 489 856 527 aspernemur,
898 476 997 513 nihil
1020 474 1151 522 video,
1192 476 1269 514 nisi
1291 476 1391 526 quod
1420 476 1543 526 iniqui
1569 475 1711 512 iudices

265 534 449 570 adversus
488 544 556 570 nos
594 545 744 578 sumus,
792 532 949 582 ideoque
977 537 1207 581 paupertate
1255 532 1436 569 sermonis
1477 530 1706 568 laboramus.

261 586 412 625 Primus
449 594 572 625 tamen
612 599 693 625 eam
730 598 860 624 vocem
901 586 1059 623 finxerat
1090 584 1252 623 Cicero:
1298 584 1362 623 sed
1395 584 1491 636 quod
1522 597 1603 623 eam
1634 584 1711 622 Fa-

263 642 399 681 bianus
426 643 566 694 primus
589 655 656 680 usu
686 643 870 687 trivisset,
894 640 1062 692 quodque
1092 641 1183 678 alias
1205 640 1336 678 multas
1367 640 1569 678 fabricatus
1592 646 1708 684 essct,

262 697 372 736 huius
403 711 548 749 quoque
577 699 686 748 origo
714 696 759 734 ad
791 709 876 734 eum
906 696 1156 734 referebatur.
1203 695 1281 734 Sed
1311 709 1392 734 eam
1420 695 1598 734 Ciceroni
1628 697 1713 733 vin-

263 752 365 791 dicat
386 753 535 791 Seneca
557 753 716 804 epistola
736 752 842 789 LIX.
861 749 962 802 Quave)
990 752 1061 789 nisi
1092 751 1188 803 quod
1218 753 1320 790 locus
1349 755 1642 802 corruptuskame
1670 751 1711 789 id

262 808 375 859 vulgo
396 808 729 856 animadvertatur,
760 805 1026 858 impedimento
1053 814 1124 845 est.
1178 807 1234 845 Ita
1257 808 1354 845 enim
1377 807 1538 857 legitur:
1574 808 1706 857 Cupio,

261 865 301 902 si
318 864 423 915 fieri
445 871 596 915 potest,
632 865 812 915 propitiis
843 863 1001 901 auribus
1038 864 1112 901 tuis
1141 863 1233 913 quid
1267 864 1426 901 sentiam
1455 863 1607 900 dicere:
1650 864 1708 900 sin

261 920 400 966 minus,
431 921 552 957 dicam
582 926 623 957 et
649 920 775 957 iratis.
831 920 1046 957 Ciceronem
1077 926 1270 956 auctorem
1300 918 1412 956 liuius
1437 916 1546 956 verbi
1571 916 1707 963 habeo,

253 981 374 1024 puto,
408 976 638 1026 locupletem.
698 975 1018 1012 &recentiorem
1048 975 1228 1024 quaeris,
1257 973 1488 1019 Fabianum,
1529 972 1710 1011 desertum

260 1035 301 1067 et
335 1031 587 1080 eloquentem,
629 1030 837 1075 orationis,
880 1030 993 1066 etiam
1024 1030 1076 1066 ad
1104 1036 1274 1067 nostrum
1301 1028 1508 1079 fastidium
1545 1028 1705 1066 nitidae.

259 1083 337 1121 Sed
367 1097 435 1135 pro
470 1084 533 1122 illo
573 1085 666 1134 quid
692 1085 851 1122 sentiam
889 1083 1039 1120 omnino
1085 1082 1284 1134 legendum
1319 1089 1379 1120 est
1415 1083 1613 1120 essentiam
1628 1080 1706 1134 †).·

257 1138 396 1189 alioqui
427 1139 526 1177 enim
548 1139 652 1176 cuius
685 1139 767 1176 illos
800 1138 906 1176 verbi
935 1138 1076 1176 habere
1100 1151 1141 1176 se
1169 1144 1342 1175 auctores
1367 1135 1542 1174 diceret?
1594 1135 1707 1187 quue

257 1195 458 1232 manifesto
488 1193 706 1240 declarant,
737 1205 831 1244 quae
861 1194 985 1230 statim
1016 1200 1246 1244 sequuntur:
1291 1193 1389 1242 Quid
1417 1194 1513 1230 em'm
1529 1191 1628 1242 flet,
1658 1192 1713 1229 mi

261 1249 412 1286 Lucili?
449 1250 630 1299 quomodo
660 1250 808 1287 debetur
841 1253 1016 1296 ΟΥΣΙΛ,
1054 1262 1117 1286 res
1154 1250 1370 1286 necessaria
1405 1254 1583 1285 naturam
1618 1260 1708 1285 con-

170 1308 233 1338 372
259 1305 396 1350 tinans,
418 1304 714 1355 ficnclamentum
743 1304 933 1341 omnium?
982 1306 1086 1353 Rogo
1115 1305 1258 1353 itaque,
1285 1304 1488 1353 permittas
1516 1303 1612 1340 mihi
1637 1303 1708 1340 hoc

256 1359 369 1397 verbo
396 1361 466 1396 uti.
527 1358 746 1409 Quanquam
777 1365 897 1396 autem
927 1371 990 1396 res
1021 1366 1151 1409 aperta
1183 1365 1264 1402 est,
1299 1371 1345 1395 ne
1379 1359 1461 1409 quis
1491 1364 1614 1395 tamen
1644 1370 1706 1395 ca-

254 1414 481 1459 lumnietur,
525 1415 635 1451 alium
677 1420 811 1451 testem
850 1414 888 1450 in
925 1426 1005 1451 eam
1047 1426 1124 1450 rem
1166 1411 1276 1450 dabo.
1336 1413 1372 1450 Is
1414 1414 1487 1450 erit
1523 1412 1705 1450 Sidonius

252 1468 503 1520 Apollinaris,
533 1469 639 1505 cuius
661 1467 756 1505 haec
778 1475 863 1505 sunt
883 1481 931 1506 ex
950 1469 1108 1519 epistola
1128 1467 1282 1517 quadam
1303 1468 1349 1505 ad
1371 1468 1576 1505 Polemium
1593 1467 1702 1521 ††).

253 1526 441 1563 Lecturus
479 1536 518 1560 es
556 1524 618 1560 liic
653 1525 765 1561 etiam
802 1536 935 1561 novum
970 1523 1143 1568 verbum,
1181 1523 1223 1560 id
1255 1530 1334 1568 est,
1374 1525 1595 1562 essentiam.-
1640 1523 1709 1561 sed

253 1581 357 1617 scias
382 1579 453 1617 lioc
487 1580 606 1628 ipsum
646 1579 788 1616 dixisse
817 1580 1048 1616 Ciceronem.
1108 1579 1206 1617 Nam
1239 1579 1438 1617 essentiam
1469 1592 1539 1616 nee
1567 1592 1643 1617 non
1669 1585 1708 1617 et

254 1635 484 1672 indoloriam
506 1635 729 1680 nominavit,
755 1635 899 1672 addens
912 1632 1054 1686 †††).·
1086 1635 1194 1672 Licet
1217 1635 1314 1671 enim
1342 1635 1447 1673 novis
1469 1634 1582 1672 rebus
1608 1646 1707 1672 nova

253 1691 406 1728 nomina
436 1690 640 1739 imponere.
702 1691 754 1728 Et
782 1696 887 1728 reete
922 1691 1046 1727 dz'oeit:
1088 1691 1186 1728 Nam
1217 1690 1315 1727 sicut
1344 1690 1392 1727 ab
1424 1703 1488 1735 eo,
1523 1690 1624 1740 quod
1650 1696 1708 1728 est

252 1745 363 1783 verbi
391 1745 527 1795 gratia
564 1757 700 1794 sapere
729 1752 766 1783 et
797 1746 1038 1795 intelligere,
1080 1746 1304 1795 sapientiam
1342 1753 1382 1783 et
1416 1746 1705 1794 intelligentiam

251 1801 487 1838 nominamus
515 1801 774 1849 regulariter,
811 1807 849 1838 et
877 1801 924 1838 ab
952 1814 1018 1846 eo,
1052 1801 1153 1850 qaod
1179 1806 1238 1837 est
1265 1813 1367 1847 esse,
1400 1803 1601 1839 essentiam
1628 1814 1704 1839 non

253 1862 460 1893 taceamus.
521 1854 598 1892 Iam
638 1855 753 1906 igitur
792 1857 854 1907 qui
890 1855 936 1894 ad
976 1855 1118 1893 Nizolii
1160 1856 1287 1906 epuias
1325 1856 1480 1893 bellaria
1518 1857 1701 1902 inferunt,

252 1912 437 1948 essentiae
473 1911 625 1948 nomine
657 1912 864 1949 auctiorem
905 1913 986 1949 eius
1023 1911 1158 1948 librum
1207 1911 1346 1948 faciant
1385 1911 1489 1949 licet.
1556 1913 1705 1951 Indolo-

252 1967 350 2004 riam
369 1963 441 2018 ᾗ),
479 1978 537 2003 me
569 1964 718 2016 quidem
755 1974 933 2013 auctore,
976 1980 1049 2004 non
1082 1965 1242 2004 addent:
1284 1979 1368 2005 nam
1399 1973 1438 2007 et
1465 1965 1563 2019 apud
1592 1965 1704 2005 Sido-

251 2021 352 2059 nium
385 2021 504 2072 ipsum
535 2022 779 2061 indolentiam
807 2023 884 2074 legi
914 2021 1054 2061 dehere
1086 2021 1263 2060 arbitror.

329 2155 373 2192 *J
394 2162 463 2190 cap.
483 2155 513 2185 6.
533 2155 564 2191 §-
586 2156 635 2184 23.
671 2157 875 2185 Gernhardus
895 2163 914 2186 e
931 2156 1028 2186 codd.
1049 2154 1153 2185 Turio.
1175 2154 1289 2185 iterum
1308 2155 1429 2192 recepit
1443 2155 1550 2187 Plauti
1571 2163 1700 2186 nomen:

254 2200 346 2230 quam
366 2194 542 2228 Plautus
564 2194 726 2222 essentiavit.
745 2196 844 2222 vocat.

331 2242 400 2279 -::<-÷·.:·)
421 2249 490 2278 cap.
509 2244 540 2272 8.
562 2243 594 2277 §—
613 2241 665 2270 33.

329 2291 424 2327 *xz-³22]
445 2291 503 2320 Est
521 2290 625 2325 Epist.
645 2290 756 2320 Lvm.

258 2337 733 2412 T0m†)111Mss.faegti5?2mendati⁰
753 2344 774 2367 a
791 2337 901 2373 Lipsio
921 2338 1053 2372 recepta
1078 2338 1138 2367 est.
1178 2337 1225 2367 Cf.
1248 2339 1328 2368 Mur.
1349 2338 1454 2367 schol.
1475 2337 1507 2367 in
1528 2340 1601 2368 Sen.
1623 2339 1700 2375 opp.

333 2423 409 2462 ††)
437 2426 469 2454 in
495 2398 596 2460 Epist.
623 2423 755 2454 carmini
781 2424 864 2453 XIV.
890 2422 1087 2461 praemissa,
1122 2423 1174 2452 ubi
1201 2422 1266 2453 vid.
1296 2424 1422 2454 Savaro
1448 2431 1520 2460 pag.
1551 2425 1621 2459 145.
1665 2427 1702 2455 ln

257 2463 318 2493 fine
337 2463 456 2498 legitur
475 2464 621 2492 tacemus.

335 2510 435 2549 †††]
458 2510 504 2540 Cf.
522 2511 586 2540 Cic.
608 2511 648 2540 de
662 2510 729 2539 Fin.
750 2510 804 2539 lib.
818 2510 870 2538 111.
891 2515 960 2543 cap.
979 2509 1007 2537 1.
1023 2508 1054 2544 S.
1071 2509 1101 2537 3.
1121 2509 1229 2544 quibas
1248 2510 1338 2537 etiam
1357 2511 1451 2539 verba
1463 2511 1615 2544 pavienda
1632 2513 1704 2541 sunt

257 2550 572 2583 imponendaque
600 2556 697 2577 nova
716 2549 830 2576 novis
848 2548 964 2575 rebus
983 2548 1146 2575 nomina.
1177 2548 1217 2575 de
1237 2549 1307 2575 Nat.
1327 2548 1423 2577 Deor.
1442 2549 1498 2578 lib.
1518 2550 1541 2578 1.
1561 2556 1630 2584 cap.
1652 2549 1701 2579 17.

259 2587 293 2623 §-
313 2587 364 2615 44.
384 2588 476 2615 sunt
494 2587 594 2615 enim
613 2588 730 2616 rebus
748 2586 866 2614 novis
884 2591 983 2613 nova
1001 2585 1184 2619 ponenda
1203 2586 1368 2614 nomina.

334 2633 377 2669 ἐξ)
396 2636 485 2663 Hanc
506 2641 628 2670 vocem,
644 2641 739 2669 quam
755 2636 899 2663 Muretus
915 2633 1011 2662 etiam
1030 2632 1111 2661 infra
1124 2633 1177 2661 lib.
1195 2632 1277 2662 XVI.
1295 2640 1362 2669 cap.
1381 2634 1429 2664 16.
1447 2636 1529 2663 extr.
1545 2634 1577 2663 in
1593 2637 1700 2664 trans-

258 2670 306 2700 itu
321 2672 457 2709 attingit,
479 2673 563 2706 apud
582 2673 767 2702 Ciceronem
786 2671 906 2700 frustra
923 2671 1110 2706 quaesieriS‚
1133 2671 1193 2699 etsi
1209 2672 1248 2699 de
1264 2672 1331 2700 Fin.
1348 2671 1402 2700 lib.
1418 2674 1453 2701 11.
1469 2679 1537 2708 cap.
1553 2673 1582 2700 ι1.
1599 2672 1631 2708 S.
1651 2674 1698 2701 11.

258 2716 316 2744 pro
344 2711 511 2738 indolentia
537 2712 698 2745 tamquam
725 2709 852 2739 Codicis
878 2709 1013 2739 alicuius
1041 2708 1165 2738 vetusti
1190 2709 1286 2739 lectio
1315 2709 1464 2740 offeratur
1489 2717 1510 2739 a
1535 2710 1699 2740 Lambino.

259 2746 331 2776 Vid.
353 2749 507 2778 Goerenz.
527 2749 568 2777 ad
588 2750 620 2777 h.
637 2749 660 2778 1.
680 2754 753 2784 pag.
775 2748 845 2777 128.

760 2859 1207 2866 ——.—
