1778 3096
152 1674 215 1706 392

227 124 309 168 374
784 123 912 164 VAR.
943 121 1099 163 LECT.

227 237 314 287 imp.
352 235 398 273 de
436 234 573 274 isdem.-
616 235 656 271 in
685 232 871 271 veteribus
907 236 1152 273 monumentis
1188 248 1331 287 semper
1369 236 1498 274 isdem.
1558 234 1667 274 Haec

227 291 323 329 levia
352 297 452 328 sunt.
512 289 580 328 Ad
607 301 698 338 quos
728 289 914 327 iuventus.
968 289 1121 339 Magis,
1152 292 1306 342 opinor,
1340 304 1360 328 e
1389 299 1552 329 veterum
1581 305 1670 329 con-

227 348 423 385 suetudine
459 347 499 383 in
529 358 565 381 v.
598 345 800 394 impresso,
843 345 1013 382 iuventus
1053 345 1104 380 ad
1132 357 1237 395 quos.
1275 345 1371 385 'Hic
1402 354 1507 385 recta
1535 346 1670 398 depra-

228 408 303 439 vat.
364 402 440 438 Eos
469 400 546 437 sibi
583 412 715 437 nomen
755 400 971 450 imposuisse
999 400 1156 438 Latinos
1191 401 1380 441 rhetoras.
1436 404 1481 441 In
1510 415 1545 440 υ.
1578 404 1667 453 imp.

229 470 294 493 cos
329 455 406 493 sibi
435 467 565 493 nomen
597 455 812 505 imposuisse
842 457 976 493 Latine
1011 456 1158 492 seilicet
1185 457 1384 495 Rhetoras.
1444 460 1549 507 Lego
1582 470 1669 507 ego,

231 512 335 549 lzaud
359 511 495 549 Latine
522 510 665 547 scilicet
692 511 901 556 libaturus,-
942 510 1002 547 vel
1022 511 1170 560 potius,
1215 512 1319 549 haud
1346 513 1479 551 Latine
1510 520 1671 558 tantum,

230 580 276 604 ne
307 567 344 603 in
381 567 500 603 edicto
537 565 686 602 verbum
717 567 892 603 rhetoras
918 564 1047 616 fuisse
1084 566 1350 616 intelligamus.
1410 567 1602 613 Mirabar,
1641 568 1675 605 si

231 621 298 658 tibi
334 619 530 671 quidquam
570 621 692 670 potius
730 619 943 665 videretur,
986 618 1080 670 quod
1123 634 1195 658 non
1234 622 1393 658 omnium
1431 621 1673 660 deterrimum

231 682 348 714 esset.
408 675 543 726 Neque
573 678 667 712 vero*
693 676 857 725 ignotum
888 682 965 721 est,
999 682 1146 713 veteres
1178 675 1306 714 scdulo
1336 677 1504 724 cavisse,
1535 691 1580 716 ne
1611 691 1677 730 pe-

231 731 406 781 regrinas
445 743 558 769 voces
598 729 745 767 Edictis
785 737 848 767 aut
879 731 1223 768 Senatusconsultis
1261 731 1533 770 admiscerent:
1579 732 1677 784 quod

233 794 357 824 tamen
395 800 466 823 non
503 786 556 822 ita
587 786 848 837 superstitiose
878 785 1066 832 vitabant,
1105 793 1143 823 ut
1181 781 1361 837 piaculum
1399 786 1603 835 ducerent,
1644 789 1677 826 si

233 841 320 892 quid
351 854 461 879 secus
492 841 627 878 factum
659 847 783 878 esset:
828 839 893 877 sed
922 841 992 878 hoc
1023 841 1104 878 loco
1135 840 1169 878 id
1200 843 1318 893 ipsum
1358 842 1403 880 ad
1435 842 1608 880 invidiam
1640 845 1677 881 in

233 897 319 934 illos
349 895 499 934 dicendi
526 896 725 946 magistros
756 894 985 934 conflandam
1015 897 1238 947 pertinebat,
1271 896 1366 949 quod
1397 898 1467 935 sibi
1492 897 1678 937 Graecum

233 952 452 990 vocabulum
484 952 743 1002 imponerent,
787 965 869 989 cum
899 959 986 989 ante
1018 951 1052 988 id
1082 959 1225 1003 tempus
1258 966 1440 1003 nunquam
1471 953 1678 992 Rhetorum

233 1006 452 1045 Latinorum
480 1019 613 1044 nomen
643 1006 803 1044 auditum
835 1014 961 1053 esset,
993 1014 1182 1058 totumque
1214 1008 1302 1046 illud
1335 1009 1531 1046 artificium
1561 1009 1681 1047 Sena-

233 1063 288 1100 tui
318 1062 550 1113 displiceret.
610 1062 723 1100 Mitto
753 1063 888 1108 multa3
927 1075 1047 1112 neque
1078 1065 1176 1100 enim
1209 1065 1302 1101 tanti
1331 1071 1412 1102 est:
1455 1063 1524 1101 hoe
1555 1072 1680 1103 tamen

236 1118 411 1155 omittere
440 1131 511 1155 nou
542 1131 706 1169 possum.
762 1118 933 1156 Suetonii
964 1118 1077 1155 verba
1106 1125 1213 1156 sunt:
1247 1121 1343 1158 Nam
1376 1126 1415 1157 ct
1439 1120 1541 1157 dicta
1566 1133 1681 1171 prae-

235 1175 340 1211 clare
367 1186 439 1224 per
470 1187 592 1211 omnes
613 1173 795 1224 figuras,
831 1187 902 1223 per
931 1186 1066 1217 casaS,
1111 1181 1148 1212 et
1176 1176 1378 1225 apologos,
1419 1176 1533 1213 aliter
1568 1183 1682 1226 atque

235 1230 351 1266 aliter
379 1241 582 1279 etz-ponere,
608 1235 646 1266 et
666 1230 910 1266 narrationes
938 1235 1013 1266 tum
1043 1229 1206 1266 breviter
1235 1237 1273 1268 et
1295 1243 1443 1280 presse,
1469 1237 1543 1268 tum
1569 1232 1683 1269 latius

235 1290 277 1321 et
303 1283 457 1321 uberius
480 1284 677 1334 explicare
707 1282 1056 1333 co71sueaerant*).
1111 1284 1185 1321 Ubi
1211 1286 1312 1322 dicta
1332 1287 1532 1335 praeclare
1556 1293 1681 1333 vocat,

238 1351 333 1388 quae
364 1338 513 1376 Graeco
550 1338 730 1375 vocabulo
769 1337 943 1375 dicuntur
974 1340 1137 1385 Clzriae,
1183 1338 1229 1376 de
1266 1341 1397 1389 quibus
1430 1340 1682 1387 Quintilianus

237 1393 335 1430 libro
361 1393 392 1431 Ι.
411 1391 486 1443 *³³5
542 1392 780 1443 Aphthonius
813 1393 849 1430 in
880 1392 1226 1444 Progymnasmatis
1244 1394 1378 1446 ***),
1420 1402 1458 1433 et
1485 1396 1563 1434 alii.
1621 1395 1685 1434 Ad

240 1461 306 1485 eas
337 1460 406 1498 per
434 1460 542 1486 casus
571 1447 768 1485 variandas
795 1448 1046 1485 assuefiebant
1075 1450 1181 1499 pueri
1212 1450 1249 1486 in
1274 1450 1427 1496 scholis,
1456 1450 1526 1489 hoc
1550 1450 1681 1489 modo:

241 1505 420 1542 Socrates
462 1502 623 1540 dicebat.
684 1504 861 1541 Socratis
898 1504 1036 1540 dictum
1075 1510 1146 1541 est.
1208 1506 1366 1542 Socrati
1394 1507 1554 1555 placuit.
1613 1510 1685 1546 So-

241 1564 385 1596 cratem
424 1559 566 1596 dzim'sse
603 1559 724 1595 airmt.
787 1560 817 1595 0
846 1559 1025 1595 Socrates
1036 1585 1049 1604 ,
1090 1560 1290 1607 praeclare
1318 1573 1342 1597 a
1371 1567 1406 1598 te
1444 1562 1580 1599 a’z'cmm
1611 1569 1682 1600 est.

240 1614 282 1652 A
309 1615 468 1652 Socrate
508 1614 587 1650 dici
611 1614 760 1650 solitum
798 1614 1020 1662 accepimus.
1081 1611 1134 1650 Et
1161 1613 1231 1652 hoc
1269 1622 1398 1665 aperte
1430 1623 1575 1654 constat
1602 1630 1685 1655 cum

243 1681 291 1705 ex
318 1668 428 1714 aliis,
459 1675 534 1706 tum
566 1681 614 1707 ex
642 1667 853 1714 Diomede,
887 1668 981 1705 libro
1012 1668 1130 1718 primo
1145 1668 1213 1721 †).
1272 1670 1331 1707 Ad
1359 1670 1467 1717 haec,
1502 1684 1596 1722 quae
1625 1673 1686 1710 vel

242 1724 369 1775 pueris
399 1731 486 1765 nota
516 1736 601 1762 esse
623 1723 833 1774 oportebat,
866 1736 951 1760 mox
978 1724 1028 1760 ita
1059 1724 1231 1774 scripsit:
1262 1728 1335 1764 Per
1359 1740 1482 1772 casus,
1517 1735 1683 1775 eventus,

242 1785 287 1816 ut
314 1780 406 1829 quid
425 1792 569 1830 quoque
596 1792 687 1817 casu
718 1779 925 1816 dicendum.
978 1780 1052 1817 Vel
1071 1793 1180 1817 casus
1195 1779 1277 1832 ’Μὴ
1310 1782 1511 1832 intelligit,
1544 1784 1588 1820 de
1614 1797 1686 1834 quo

247 1835 502 1883 Quintilianus
532 1836 570 1873 in
606 1836 652 1872 V.
671 1833 787 1886 ΤΗ)
824 1835 942 1872 Casus
970 1841 1109 1879 autem,
1141 1837 1283 1886 inquit,
1317 1839 1384 1887 qui
1407 1845 1443 1875 et
1469 1839 1547 1888 ipse
1570 1852 1688 1890 prae-

243 1896 325 1927 stat
353 1891 587 1940 argumentis
623 1891 768 1935 locam,
810 1891 890 1927 sine
929 1890 1042 1928 dubio
1079 1896 1136 1928 est
1170 1905 1219 1929 ea:
1256 1893 1549 1943 insequentibus.
1609 1892 1686 1933 Sed

246 1942 332 1995 quid
361 1957 432 1996 ego
460 1945 566 1996 plura
593 1943 825 1996 persequar?

743 2074 1028 2115 CAPUT
1082 2075 1188 2115 XII.

300 2151 418 2190 Plinii
441 2152 596 2191 minoris
626 2153 797 2203 Epistola
827 2160 961 2191 contra
994 2155 1213 2204 interpretis
1241 2154 1386 2193 eruditi
1407 2157 1631 2195 sententiam

863 2210 1069 2258 ewplicata.

247 2272 320 2330 UT
349 2293 525 2344 epistolas
546 2294 691 2332 Plinius
713 2295 994 2333 accuratissime
1021 2295 1183 2346 scripsit,
1211 2296 1264 2333 ita
1289 2296 1531 2347 interpretem
1557 2306 1686 2338 nactus

247 2356 307 2386 est
336 2350 674 2398 accuratissimum,
704 2351 762 2390 Io.
795 2349 956 2389 Mariam
988 2349 1194 2389 Cataneum
1207 2349 1276 2405 ᾗ),
1309 2352 1509 2400 homiuem,
1542 2362 1686 2406 patrum

321 2469 365 2504 εκ)
392 2469 530 2500 Wolfius
550 2471 744 2501 consuerant.
782 2472 819 2501 In
839 2471 1027 2503 declarando
1056 2472 1155 2502 verbo
1182 2479 1274 2502 casus
1293 2473 1432 2504 wolfius
1450 2474 1567 2505 Mureti
1586 2475 1687 2505 ratio-

247 2513 319 2536 nem
338 2508 491 2543 sequitur.
530 2511 642 2537 FAESL

321 2555 391 2590 ³23)
412 2557 486 2585 lust.
509 2558 560 2586 Or.
582 2565 650 2592 cap.
671 2558 701 2587 9.
723 2558 755 2594 S.
776 2558 877 2587 3—5.

322 2603 415 2639 εῑεῆεεῑὲ)
437 2611 508 2640 pag.
529 2606 558 2634 6.
580 2606 628 2634 ed.
649 2606 716 2635 Nic.
737 2605 870 2636 Heinsii.
897 2605 996 2642 Lugd.
1018 2605 1108 2637 1626.

322 2651 368 2690 ἦ)
389 2658 460 2687 pag.
482 2653 552 2682 289.
573 2654 622 2682 ed.
640 2655 770 2683 Putsch.

322 2700 397 2738 †-3-)
419 2701 530 2730 §Volfii
549 2701 626 2730 edit.
646 2709 759 2731 casum.

322 2746 424 2787 .2.††)
445 2751 521 2779 lust.
544 2750 595 2777 Or.
615 2755 684 2784 cap.
706 2749 755 2778 10.
776 2750 809 2786 S.
830 2750 881 2779 48.

322 2795 365 2829 ³12)
387 2796 464 2824 Eius
484 2796 601 2833 editio,
623 2797 655 2825 in
673 2804 737 2831 qua
757 2799 905 2829 scribitur
926 2798 1116 2837 Ualetiacus,
1138 2799 1254 2835 prodiit
1272 2799 1442 2830 Mediolani
1464 2800 1555 2832 15⁰6.
1576 2802 1686 2831 venet.

250 2833 340 2861 ¹510.
363 2835 394 2862 et
413 2834 544 2869 saepius
565 2838 614 2864 est
635 2836 781 2870 repetita.
