1778 3096
552 93 650 133 LIB.
681 94 790 134 XIV.
851 94 969 134 CAP.
1004 95 1073 134 VI.
1451 97 1530 139 311

94 218 162 256 per
202 218 242 243 se
272 205 330 242 vel
367 203 493 254 pueris
526 210 636 249 nota,
679 204 750 241 nisi
790 205 880 242 istos
911 218 975 241 sua
1017 212 1055 243 ct
1091 204 1318 256 quorundam
1356 207 1530 259 opinione

91 259 268 312 Lynceus
283 259 332 311 ³2⁴4)
363 258 455 296 nihil
485 259 521 296 in
553 259 609 296 eis
638 257 778 296 vidisse
806 259 998 298 vidissem.

598 401 887 441 CAPUT
943 402 1020 442 VI.

154 478 372 518 Dubz'latum
401 479 447 516 de
478 481 545 524 iis,
586 493 682 530 qecae
711 481 831 517 tradit
863 481 1004 518 Gellius
1031 494 1144 530 super
1171 483 1212 518 vi
1237 482 1459 520 musicorum

361 541 536 572 cantuum
567 536 605 572 in
635 536 774 573 morbis
804 536 1023 586 quibusdam
1052 537 1248 573 sanandis.

84 615 215 672 APUD
247 635 403 674 Gellium
433 649 514 686 cap.
547 635 653 673 XIII.
701 636 784 673 iibri
814 637 933 687 quarti
972 637 1064 673 haec
1095 636 1286 686 leguntur:
1333 638 1522 675 Creditum

84 692 154 728 hoe
182 702 205 727 α
226 692 420 741 plerisque
449 698 505 729 est
534 698 573 729 et
593 693 793 729 memoriae
821 693 1050 736 mandatum,
1074 692 1234 729 iselziaei
1257 705 1337 729 cum
1361 694 1522 729 muoeime

83 747 238 784 doleant
269 753 365 791 tum,
407 748 445 784 si
469 748 626 784 modulis
657 746 799 784 leuibus
835 747 970 784 tibicen
1001 748 1166 792 z'nez'nat,
1211 749 1332 784 minui
1357 749 1517 785 dolores.

82 803 169 850 Ego
195 803 408 850 nuperrime
437 803 473 838 in
506 802 601 839 libro
637 802 889 851 Theophrasti
912 803 1092 852 seriptum
1125 803 1269 846 inveni,
1308 804 1520 852 viperarum

80 856 266 893 morsibus
301 855 488 893 tibicinem
527 858 621 894 scite
659 857 918 907 modulateque
956 857 1162 894 adhibitum
1198 857 1352 894 mederi.
1412 856 1520 894 Haec

80 910 245 948 Gellius:
292 923 386 961 quae
416 924 572 956 vereor,
613 917 650 947 ut
681 911 726 948 ab
766 924 811 948 eo
853 912 944 948 satis
983 908 1231 961 fideliter**)
1270 912 1386 949 relata
1427 912 1514 948 sint.

79 965 195 1003 Certe
224 966 369 1016 quidem
402 966 683 1016 Theophrastus
714 979 786 1003 non
823 966 969 1004 lenibus
1004 966 1159 1003 modulis
1189 967 1304 1004 levari
1332 966 1517 1004 ischiacos

78 1021 302 1071 scripserat:
337 1019 403 1058 sed
431 1022 622 1058 harmonia
651 1020 834 1072 Phrygia,
875 1034 969 1072 quae
998 1022 1158 1058 omnium
1189 1022 1517 1059 vehementissima

77 1082 136 1113 est
163 1082 200 1113 et
228 1076 418 1126 aptissima
458 1075 502 1113 ad
531 1077 674 1113 animos
704 1076 933 1113 audientium
962 1075 1087 1113 divino
1119 1075 1273 1127 quodam
1305 1077 1432 1113 furore
1460 1077 1517 1113 in-

75 1129 257 1168 citandos.
309 1129 472 1180 Ideoque
503 1144 582 1168 eam
615 1130 843 1169 adhibebant
870 1132 905 1168 in
938 1132 1055 1181 orgiis
1082 1131 1224 1169 Bacchi
1252 1138 1291 1169 et
1319 1131 1515 1183 Berecyn-

74 1185 173 1223 thiae
189 1181 308 1236 miii).
368 1184 419 1222 Et
447 1185 518 1222 hoe
547 1192 605 1223 est
634 1185 729 1236 quod
760 1187 814 1224 ait
841 1185 1009 1223 Catullus
1024 1185 1100 1238 †)·

241 1261 390 1300 Tibicen
419 1261 488 1299 ube·
513 1263 616 1299 canit
642 1263 774 1312 Plugsoe
804 1275 917 1300 curvo
946 1275 1065 1312 grave
1099 1263 1261 1299 calamo.

73 1337 124 1376 Et
152 1345 351 1389 propterea
384 1339 435 1375 ait
464 1337 695 1375 Aiistoteles
711 1337 800 1404 ††)
829 1339 955 1376 tibiam
986 1336 1231 1376 adhibendam
1262 1349 1349 1376 csse
1386 1336 1427 1377 ἐν
1455 1333 1515 1385 οἷς

68 1390 97 1445 ἦ
133 1393 282 1446 θεωοία
325 1389 519 1447 κάθαρσιν
565 1396 707 1444 μᾶλλον
752 1391 911 1433 δύναται
957 1389 984 1444 ἢ
1027 1390 1211 1444 μάθησιν.
1288 1391 1398 1440 Quod
1440 1406 1512 1430 non

70 1448 430 1494 animadverterunt,
479 1449 540 1499 qui
577 1461 659 1485 eum
699 1448 918 1486 Aristotelis
966 1449 1085 1486 iocum
1125 1449 1360 1499 interpretati
1410 1455 1509 1487 sunt.

68 1503 215 1542 Verum
243 1511 365 1541 autem
396 1515 503 1547 esse,
540 1502 635 1553 quod
663 1502 738 1540 dixi
773 1503 819 1541 de
847 1504 1131 1554 Theophrasto,
1178 1510 1326 1540 constat
1358 1515 1404 1540 ex
1434 1502 1509 1549 his,

69 1571 164 1610 quae
202 1565 286 1595 sunt
319 1557 414 1607 apud
446 1558 680 1595 Athenaeum
712 1558 807 1595 libro
837 1559 949 1597 XIV.
971 1557 1086 1611 †††)
1126 1555 1184 1596 ὅτι
1213 1556 1252 1596 δὲ
1280 1556 1346 1597 καὶ
1372 1554 1511 1604 νόσους

68 1614 172 1653 ἰᾶται
199 1611 384 1664 μουσικὴ,
428 1609 674 1663 Θεόφραστος
703 1611 898 1665 ἱστόρησεν
935 1613 974 1653 ἐν
1001 1617 1054 1667 τῷ
1089 1611 1175 1664 περὶ
1211 1611 1509 1662 ἐνθουσιασμοῦ,

69 1665 262 1720 ἰσχιακοὺς
290 1665 451 1717 φάσκων
480 1664 646 1714 ἀνόσους
674 1668 837 1707 διατελε
801 1684 867 1717 ιν,
895 1668 929 1708 εἰ
952 1654 1183 1719 καταυλήσοι
1207 1683 1264 1714 τις
1291 1671 1360 1707 τοῦ
1387 1664 1508 1707 τόπου

67 1739 114 1778 τῃ
155 1722 339 1776 Φρυγιστὶ
377 1719 551 1777 ἆομονία.
610 1722 686 1761 Sed
723 1730 759 1760 et
798 1723 892 1787 quod
941 1724 1061 1761 statim
1103 1723 1252 1760 subiicit
1294 1722 1339 1760 de
1383 1736 1506 1760 morsu

66 1782 302 1841 viperarunni,
345 1791 481 1815 vorem
520 1791 566 1815 ne
607 1792 678 1815 uon
719 1777 764 1816 de
804 1780 944 1829 vipe1is
983 1779 1177 1828 scripserit
1206 1777 1503 1828 Theophrastus,

68 1833 136 1873 sed
176 1833 221 1872 de
262 1834 308 1870 iis
346 1833 575 1884 phalangiis,
626 1847 719 1884 quae
756 1833 865 1871 hodie
903 1834 1011 1884 vulgo
1048 1833 1274 1871 Tarantolae
1309 1840 1503 1879 vocantur,

69 1903 221 1940 quarum
249 1902 393 1926 morsus
425 1888 484 1925 hic
514 1888 681 1934 Romae,
721 1889 817 1938 quod
848 1890 986 1935 seiam,
1024 1889 1218 1933 innoxius,
1259 1889 1295 1925 in
1327 1888 1504 1939 Appulia,

69 1946 103 1982 si
131 1944 364 1994 negligatur,
398 1943 546 1981 lethalis
574 1950 652 1981 est:
694 1957 814 1994 neque
846 1943 944 1981 aliud
973 1944 1056 1981 mali
1089 1944 1258 1980 usitatius
1286 1950 1348 1980 aut
1378 1943 1505 1994 explo-

67 2001 187 2038 ratius
217 1998 444 2044 remedium,
485 2012 589 2049 quam
620 1999 656 2035 in
686 1998 911 2037 citharoedis
942 2006 980 2037 et
1003 1999 1241 2036 tibicinibus:
1280 1998 1410 2049 quibus
1440 2011 1504 2035 au-

69 2053 176 2100 ditis,
216 2054 317 2092 velut
347 2066 367 2092 e
396 2054 501 2104 gravi
533 2067 661 2091 somno
691 2055 897 2100 excitatus,
938 2055 1000 2105 qui
1030 2066 1173 2091 morsus
1205 2060 1287 2099 est,
1327 2054 1504 2091 attonitus

67 2117 107 2148 et
136 2116 242 2147 extra
275 2121 316 2146 se
347 2109 488 2160 positus
519 2109 656 2146 saltare
694 2122 739 2147 ac
769 2109 972 2160 tripudiare
1005 2109 1158 2159 ineipit3
1199 2121 1317 2159 neque
1346 2121 1504 2159 unquam

67 2164 226 2211 desinit,
259 2163 342 2201 dum
374 2176 420 2201 ne
451 2163 504 2200 illi
535 2162 680 2214 quidem
711 2165 977 2211 intermittant,
1012 2163 1132 2201 donec
1163 2161 1428 2215 delassatus*)
1460 2177 1503 2201 ae
1526 2174 1591 2204 325

66 2219 201 2257 sudore
240 2220 358 2257 fluens
388 2232 504 2270 prope
543 2219 724 2257 exanimis
763 2219 950 2258 concidat.
1009 2219 1096 2257 Hoc
1127 2217 1273 2270 quidem
1303 2225 1341 2257 et
1367 2219 1504 2257 certis-

142 2348 183 2385 ³·'·'·)
211 2349 398 2378 Lambinum
424 2349 535 2384 tangit.
575 2349 800 2386 Cic.11:pp.ad
820 2350 933 2380 Famil.
953 2351 1006 2380 IX.
1027 2351 1057 2380 2.
1098 2350 1172 2385 Quis
1191 2351 1252 2378 tam
1281 2349 1423 2388 lynceus,
1453 2351 1506 2386 qui

67 2389 100 2416 in
118 2389 210 2417 tantis
228 2388 364 2416 tenebris
383 2388 457 2416 nihil
476 2383 630 2422 offendat?

158 2435 210 2470 '²2²0
232 2426 385 2464 Cicerone
405 2436 533 2462 auctore
553 2435 716 2464 dicendum
737 2438 806 2465 erat
831 2437 905 2471 dili,
907 2438 1003 2464 enter.
1042 2437 1074 2464 Is
1094 2435 1176 2463 enim
1205 2436 1377 2470 exprobrat
1396 2435 1506 2464 Tironi

69 2480 129 2502 suo
157 2474 239 2501 hunc
261 2480 354 2501 usum
374 2471 518 2500 adverbii
535 2473 669 2508 fideliter
693 2475 793 2508 Epist.
814 2476 853 2502 ad
874 2474 986 2502 Famil.
1005 2474 1087 2502 xvi.
1110 2474 1157 2502 17.
1186 2476 1219 2502 ut
1238 2473 1288 2502 cui
1315 2472 1505 2501 domicilium

69 2511 113 2540 sit
138 2510 298 2544 proprium
324 2511 355 2537 in
375 2509 490 2544 officie.
529 2510 634 2538 Habet
663 2514 769 2539 tamen
799 2515 914 2540 Florus
943 2511 995 2538 lit).
1017 2512 1069 2538 111.
1091 2517 1158 2545 cap.
1179 2512 1209 2539 5.
1231 2511 1263 2545 ὅ.
1286 2510 1334 2539 14.
1363 2511 1504 2538 incendia

68 2555 179 2583 varum
195 2548 328 2584 fideliter
346 2547 513 2582 exstincta,
543 2549 575 2575 et
595 2547 717 2578 Plinius
738 2549 818 2578 dixit
835 2550 1010 2585 fidelissime
1029 2555 1163 2576 narrare
1187 2550 1345 2583 Panegyr.
1365 2554 1434 2582 cap.
1454 2547 1506 2578 56.

146 2600 241 2636 *za-*J
261 2599 304 2629 Ut
322 2601 442 2629 Graece
462 2596 695 2637 Βερεκυντία,
716 2602 763 2631 sic
784 2605 815 2631 et
834 2602 948 2631 Latine
968 2599 1086 2629 rectius
1105 2599 1252 2630 scribitur
1270 2601 1460 2637 Berecyntia.

145 2650 192 2689 ές)
214 2650 317 2680 Carm.
338 2651 417 2678 LXI.
439 2650 499 2684 (al.
520 2650 651 2685 inu.)
673 2658 702 2679 v.
724 2652 774 2679 22.

147 2697 222 2736 ††]
242 2698 336 2727 Polit.
356 2698 410 2726 lib.
431 2699 513 2727 Vin.
535 2705 605 2733 cap.
624 2698 654 2728 6.
675 2697 706 2734 S.
728 2698 759 2728 4.

149 2745 250 2784 urst)
271 2753 341 2781 pag.
360 2746 432 2776 624.
452 2747 493 2775 A.

152 2795 195 2832 e)
217 2794 381 2826 Poeticum
401 2796 551 2832 verbum3
572 2794 605 2824 in
624 2794 732 2824 soluta
751 2792 894 2824 oratione
914 2794 1055 2830 praestat
1075 2790 1269 2829 defatigem.
