1778 3096
138 1386 203 1418 416

235 162 319 206 396
800 163 928 203 VAR.
961 162 1114 202 LECT.

236 274 458 321 obscuram,
489 274 680 312 insuavem
708 273 914 311 orationem
944 273 1046 311 facit.
1096 273 1226 324 Itaque
1256 279 1477 313 ornamenta
1495 272 1680 324 sanorum

235 338 341 369 recte
372 329 535 368 dixeris:
570 329 651 374 sin,
681 341 762 366 cum
794 328 881 366 illud
912 328 1041 366 dicere
1071 329 1206 375 velles,
1237 343 1408 380 magnam
1439 330 1557 367 fuisse
1587 329 1680 366 mul-

233 386 431 423 titudinem
463 397 591 421 corum
623 384 786 428 illorum,
813 385 875 435 qui
902 384 1068 421 fanorum
1097 392 1312 422 ornamenta
1335 391 1598 436 exspectarent
1613 382 1677 435 ᾗ),

234 441 397 486 dixeris,
440 453 608 490 magnam
640 439 758 477 fuisse
797 438 1062 477 multitudinem
1096 446 1343 490 spectatorum
1375 447 1678 478 ornamentorum

231 497 426 534 fanorum:
472 496 621 532 nescire
650 501 687 532 te
723 495 822 545 loqui
855 496 964 532 etiam
1002 495 1109 545 pueri
1139 494 1276 532 dicent.
1338 496 1462 546 Atque
1497 496 1567 533 hoc
1600 501 1676 540 est,

232 550 330 601 quod
367 551 541 588 rhetores
573 557 744 596 monent,
783 551 956 596 casibus,
999 549 1200 600 generibus
1233 557 1270 587 et
1302 552 1466 589 numeris
1498 549 1678 600 distingui

232 606 371 643 debere
399 607 619 645 orationem.
680 605 788 652 Quod
825 613 865 642 ut
896 606 1011 656 magis
1042 606 1296 654 intelligatur,
1340 618 1594 645 removeamus
1624 604 1679 642 al-

231 668 350 698 teram
393 674 437 699 ex
470 662 542 699 illis
581 661 723 699 duabus
761 661 937 706 vocibus,
978 668 1017 698 ut
1047 662 1119 705 sit,
1162 668 1464 699 ornamentorum
1491 661 1678 712 sanorum

223 718 376 768 plenam
407 718 579 762 domuum
610 729 728 768 aeque
758 717 883 766 inepta
920 716 993 754 erit
1019 716 1154 752 oratio.
1216 715 1300 753 Non
1332 717 1444 766 igitur
1475 715 1570 766 quod
1600 723 1677 753 tres

229 785 344 811 voces
384 771 515 810 eodem
557 771 665 809 modo
702 772 1014 816 terminarentur,
1057 784 1102 809 eo
1135 772 1185 808 ita
1225 771 1323 822 loqui
1361 770 1499 809 Cicero
1536 771 1674 808 noluit:

230 827 298 865 sed
328 835 482 879 propter
510 840 615 873 eam,
648 840 753 878 quain
787 826 895 864 modo
925 827 1102 877 exposui,
1133 839 1318 864 caussam.
1378 826 1435 864 Ea
1461 827 1558 864 enim
1589 825 1677 864 sub-

229 882 304 921 lata
334 884 547 920 coniunctio
589 897 661 920 non
691 883 800 920 trium
834 880 965 929 inodo,
1009 881 1076 919 sed
1106 889 1143 919 et
1182 882 1336 932 plurium
1369 882 1539 919 similiter
1577 880 1678 918 desi-

229 939 395 976 nentium
426 952 554 976 vocum
578 939 659 975 vitii
689 938 779 975 nihil
804 937 973 974 habitura
1002 944 1074 975 est.
1124 936 1262 974 Cicero
1291 938 1328 974 in
1351 934 1673 988 Miloniana**)z

229 995 453 1040 Seulorum,
492 994 734 1044 gladiorum,
759 992 987 1044 frenorum,
1029 1005 1256 1043 sparorum,
1296 994 1535 1043 pilorumque
1564 993 1677 1029 etlam

227 1050 428 1087 mullitudo
459 1050 691 1099 deprehendi
712 1061 823 1099 posse
851 1048 1108 1086 mdicabacur.
1172 1047 1313 1093 Vides,
1344 1060 1450 1098 quam
1480 1047 1542 1084 illa
1571 1047 1676 1084 simi-

227 1104 315 1142 liter
347 1103 555 1142 desinentia
585 1118 659 1142 non
692 1103 837 1153 fugiat?
887 1102 1006 1140 Addit
1030 1103 1138 1140 homo
1163 1102 1453 1149 eruditissimus,
1474 1101 1542 1140 sed
1570 1109 1676 1140 certe

226 1158 413 1197 interdum
452 1162 572 1197 minus
610 1166 829 1205 accuratus,
874 1172 979 1210 quam
1012 1172 1079 1210 par
1116 1165 1219 1204 erat,
1262 1160 1449 1196 invenisse
1480 1170 1520 1196 se
1564 1158 1676 1195 etiam

228 1215 385 1253 alterum
418 1216 536 1253 locum
566 1216 604 1253 in
635 1214 834 1253 Ciceronis
864 1215 1038 1266 scriptis,
1082 1214 1119 1251 in
1156 1227 1227 1265 quo
1257 1214 1319 1251 ille
1350 1227 1372 1252 a
1404 1211 1675 1251 consuetudine

228 1283 294 1308 sua
323 1270 563 1316 discesserit,
607 1283 729 1321 neque
759 1283 800 1307 se
830 1277 955 1307 tantae
990 1271 1137 1307 consilii
1167 1270 1381 1307 mutationis
1411 1281 1579 1306 caussam
1610 1267 1676 1305 ad-

227 1326 330 1364 ferre
361 1339 496 1377 posse3
539 1326 611 1362 nisi
641 1325 776 1376 aliquis
807 1332 911 1375 putet
940 1324 976 1361 id
1018 1332 1142 1361 natum
1174 1325 1219 1361 ab
1250 1325 1362 1361 animi
1397 1323 1676 1374 perturbatione

228 1395 377 1431 magna,
409 1394 479 1432 qua
507 1387 594 1418 tunc
623 1381 875 1430 premebatur.
935 1379 1034 1417 Esse
1065 1380 1162 1417 enim
1192 1380 1227 1416 in
1258 1380 1370 1416 tertio
1400 1379 1494 1416 libro
1523 1377 1676 1428 Episto-

227 1437 344 1474 larum
376 1436 422 1473 ad
444 1436 608 1474 Atticum
625 1433 748 1486 ***),
781 1448 871 1485 quas
898 1436 1066 1485 scripsit,
1091 1448 1173 1472 cum
1203 1436 1323 1485 patria
1352 1435 1528 1485 expulsus
1550 1434 1672 1472 foret:

227 1492 305 1529 illie
335 1492 448 1541 igitur
478 1492 528 1528 ita
558 1490 780 1541 scripsisse:
824 1492 888 1528 Ex
918 1492 992 1528 tuis
1021 1491 1158 1527 litteris
1190 1491 1326 1539 plenus
1361 1503 1441 1527 sum
1479 1496 1675 1539 exspecta-

230 1549 330 1585 tione
359 1547 404 1584 de
433 1547 631 1597 Pompeio,
675 1546 851 1595 quidnam
894 1546 939 1582 de
966 1545 1073 1582 nobis
1101 1545 1193 1582 velit
1229 1551 1295 1582 aul
1324 1546 1511 1582 ostendat.
1573 1542 1677 1591 Quid

186 1620 192 1652 χ
227 1615 303 1640 non
334 1602 370 1639 in
397 1602 530 1638 animis
558 1601 744 1638 hominum
777 1600 889 1637 efficit
913 1599 1054 1637 doloris
1085 1598 1301 1637 acerbitas?
1352 1599 1408 1637 Ita
1437 1598 1674 1650 perturbatus

192 1662 194 1665 ’
228 1664 313 1695 erat
351 1654 509 1703 Cicero,
553 1655 649 1707 quod
686 1656 853 1707 patriae,
901 1654 998 1706 quod
1037 1654 1187 1701 uxoris,
1233 1652 1328 1718 quod
1355 1654 1572 1692 liberorum
1611 1653 1676 1692 ad-

188 1720 190 1723 ’
228 1719 360 1764 spectu
390 1719 564 1758 eareiet3
605 1719 660 1758 ut,
695 1725 778 1749 eum
808 1711 1002 1748 eonsilium
1036 1711 1201 1761 cepisset
1229 1709 1387 1747 nominis
1410 1712 1550 1763 plenus
1581 1723 1675 1748 nun-

175 1814 185 1821 !
228 1781 338 1819 quam
377 1769 449 1806 nisi
481 1775 639 1818 urgente
679 1768 906 1805 necessitate
946 1780 1028 1804 cuin
1060 1773 1166 1803 sexto
1199 1778 1286 1803 casu
1317 1760 1589 1816 coniungendi,
1635 1765 1675 1803 in

227 1830 330 1861 tanta
369 1837 411 1862 re
441 1799 654 1874 im1›1³·³udens
691 1823 885 1860 consilium
924 1823 1141 1867 mutaverit,
1186 1829 1221 1858 et
1254 1835 1324 1858 non
1365 1822 1673 1872 eoespeetate'omk,

228 1876 313 1917 sed
338 1881 617 1930 eoespectatz'one
652 1879 806 1929 plenum
852 1890 938 1915 esse
979 1890 1019 1915 se
1059 1878 1266 1927 scripserit.
1333 1876 1408 1914 Sed
1445 1883 1567 1914 tamen
1604 1876 1675 1914 hoc

227 1942 388 1986 patrono
418 1934 571 1984 effugiet
599 1947 745 1984 quoquo
777 1931 883 1970 niodo
910 1930 1188 1970 inconstantiae
1217 1939 1353 1969 notam.
1404 1931 1458 1969 At
1488 1931 1557 1969 hoe
1585 1944 1676 1982 quo-

227 1988 337 2028 modo
366 1990 640 2034 excusabimus,
672 1987 768 2039 quod
798 1989 974 2039 scriptum
1005 1995 1063 2026 est
1091 1988 1127 2024 in
1157 1989 1326 2025 oratione
1356 2000 1422 2038 pro
1453 1986 1676 2039 Sex1÷0†)·2

232 2047 363 2083 Ote‘osa
390 2047 486 2090 vila,
530 2044 704 2094 conferta
735 2050 773 2081 et
798 2046 912 2094 plena
940 2043 1207 2095 voluptatibus.
1269 2043 1368 2090 Quid
1384 2040 1493 2095 ἦῆ),
1526 2042 1596 2080 boc
1626 2054 1674 2080 ex

228 2100 326 2138 libro
354 2101 466 2137 tertio
494 2099 539 2137 de
570 2099 727 2136 Finibus
748 2098 896 2151 †††)?
941 2100 999 2137 Eo
1030 2100 1178 2137 heatior
1206 2100 1374 2148 quisque,
1410 2111 1481 2148 qno
1510 2099 1563 2135 sit
1589 2110 1675 2134 eor-

222 2157 334 2207 poris
370 2162 439 2194 aut
476 2156 645 2192 eoetemn's
685 2154 791 2191 bom's
825 2155 990 2204 plenior.
1061 2152 1162 2201 Quid
1200 2154 1270 2190 alia
1312 2152 1480 2189 eiusdem
1521 2153 1674 2203 generis

229 2210 372 2249 multa?
428 2209 705 2260 Cogitationem
744 2209 839 2245 lianc
874 2209 1054 2259 suscipiat
1088 2209 1195 2245 alius.
1263 2206 1360 2245 Nam
1401 2207 1489 2244 mihi
1525 2206 1673 2259 quidem

228 2266 323 2304 nihil
363 2267 552 2312 occurrit,
595 2277 667 2317 quo
706 2270 842 2302 tantam
881 2264 1029 2302 consilii
1067 2263 1309 2301 mutationem
1346 2274 1532 2302 excusare
1563 2274 1674 2315 posse

228 2321 376 2361 videar.

306 2455 350 2490 *J
372 2455 425 2483 Sic
443 2454 560 2487 iegitur
581 2454 611 2482 in
631 2456 673 2483 M.
694 2451 821 2484 Velseri
840 2452 994 2481 Editione.
1034 2453 1095 2481 Sed
1117 2454 1260 2482 Muretus
1280 2452 1471 2489 scripserat:
1491 2458 1530 2481 m.
1548 2451 1575 2488 f.
1594 2451 1676 2480 mul·

227 2494 387 2523 titudinem
407 2500 532 2529 eorum,
556 2494 608 2528 qui
626 2492 774 2528 fanorum
794 2492 973 2520 oruaiiienta
993 2493 1178 2525 spectarent.
1218 2493 1256 2521 1).
1277 2493 1315 2521 R.

249 2543 280 2597 ·'
305 2551 371 2587 —:::--:::-)
393 2551 534 2618 9³⁰1t24·
557 2552 590 2589 S.
611 2552 662 2582 64.
703 2551 841 2583 orel-lius
869 2557 981 2580 vocem
998 2549 1164 2586 frenorum
1190 2553 1352 2587 tamquam
1378 2551 1560 2586 suspectam
1585 2548 1676 2579 uncis

228 2597 465 2624 circumscripsi
482 2612 488 2617 .

304 2649 400 2684 {³2:3³2}
421 2648 521 2685 Epist.
545 2647 593 2677 14.
613 2646 681 2676 init.

304 2707 352 2747 ἦ)
373 2715 442 2743 cap.
465 2707 513 2737 10.
533 2707 564 2743 S.
585 2708 636 2736 23.
676 2706 843 2737 Ernestius
862 2707 897 2737 et
918 2706 1072 2735 Orellius:
1093 2709 1124 2737 et
1140 2708 1233 2742 plena
1252 2708 1284 2737 et
1299 2706 1441 2742 conferta
1460 2707 1674 2742 voluptatibus.

276 2808 286 2836 t
306 2768 484 2835 †t†)FEdit.
504 2774 551 2802 pr.
571 2768 684 2796 habet:
716 2769 824 2803 Quod
843 2769 900 2797 hoe
927 2776 969 2797 ex
989 2768 1070 2797 libro
1089 2769 1180 2797 tertio
1201 2769 1260 2796 eet.
1287 2767 1371 2802 quoa
1390 2765 1531 2797 fortasse
1550 2765 1676 2795 defendi

229 2814 271 2842 po
290 2815 323 2835 es
341 2828 348 2835 .
415 2813 500 2835 ansi.

309 2865 411 2904 †††]
432 2871 501 2901 cap.
526 2865 573 2894 13.
593 2865 627 2901 S.
647 2865 698 2894 43.
719 2863 773 2894 ubi
793 2873 876 2896 nunc
892 2865 1026 2902 legitur:
1047 2873 1083 2895 eo
1104 2864 1222 2894 beatior
1241 2863 1369 2899 quisque
1387 2865 1458 2903 sit,
1479 2870 1539 2900 quo
1558 2863 1598 2893 sit
1616 2865 1674 2893 cet.
