1726 3106
107 934 169 965 136

210 148 285 190 130
763 147 890 187 VAR.
921 146 1074 186 LECT.

204 262 254 300 Ut
285 259 392 300 valde
421 271 578 304 verear,
622 269 667 296 ne
697 257 804 309 quiS,
841 265 882 295 ut
913 270 1086 305 versum,
1123 256 1169 296 ad
1202 259 1308 297 cuius
1338 272 1546 299 mensuram
1577 262 1648 300 ali-

204 317 291 369 quid
322 317 457 355 deesse
493 313 667 359 videbat,
710 313 901 363 expleret,
943 313 989 351 de
1026 327 1093 351 suo
1123 313 1309 352 addiderit
1347 315 1435 353 illud
1469 324 1643 368 postque.

202 373 289 424 Ego
319 379 441 411 autem
477 370 599 421 potius
629 367 877 414 crediderim,
917 368 1005 406 illud
1035 371 1225 420 magisque
1252 371 1514 421 geminandum
1544 385 1645 410 esse.

203 429 290 467 Non
323 440 408 465 raro
439 426 538 463 enim
571 424 748 473 contigit,
783 431 821 461 ut
851 437 920 462 eae
950 437 1085 470 voces,
1119 438 1213 476 quae
1245 426 1493 476 geminandae
1523 434 1644 473 erant,

203 485 318 523 semel
342 488 481 519 tantum
502 480 547 518 ab
574 479 758 530 imperitis
784 479 947 518 librariis
969 488 1209 531 ponerentur.
1264 481 1401 520 Notum
1428 490 1486 520 cst
1506 490 1645 528 autem,

202 541 325 589 magis
351 538 473 587 mageis·
512 543 549 573 et
577 537 698 586 magis
727 537 922 587 magisque
961 548 1074 587 saepe
1110 536 1156 573 ab
1196 538 1354 588 antiquis
1401 538 1646 589 scriptoribus

202 595 300 640 dici,
332 607 400 645 pro
425 604 496 643 quo
525 590 672 628 Ennius
705 591 864 629 fortasse
897 590 1034 629 dixerit
1062 593 1256 643 magelsque
1282 595 1500 645 magisque,-
1532 600 1569 631 ut
1599 594 1648 632 sit

202 650 321 689 simile
352 650 405 687 illi
435 645 731 699 Catullia11o*):

369 726 544 766 Omnibus
572 726 682 775 inque
711 725 804 762 locis
832 723 1046 762 celebretur·
1063 723 1178 775 sama
1207 726 1370 775 sepulti:

422 783 692 833 Clarcsculque
721 781 846 830 magis
873 786 1043 818 mortuus
1070 786 1182 830 alque
1211 782 1348 832 magis.

697 924 985 964 CAPUT
1041 922 1139 962 XV.

275 1004 425 1055 Ecquid
451 1002 664 1041 adhibenda
693 1004 773 1041 sinc
801 1004 839 1042 z'n
871 1004 1048 1042 conviviis
1075 1007 1322 1048 acroamata,
1355 1014 1403 1040 an
1433 1004 1567 1042 mc'nus.

191 1088 411 1146 REC'rENE
441 1108 581 1145 saciant
618 1121 664 1145 an
696 1120 832 1153 secus,
872 1108 933 1158 qui
963 1106 1164 1150 tibicines,
1207 1112 1270 1143 aut
1298 1104 1552 1151 citharoedos,
1583 1113 1647 1144 aut

192 1165 266 1203 alia
303 1163 340 1201 id
371 1176 491 1214 genus
521 1170 733 1201 acroamata
772 1164 808 1199 in
840 1163 1022 1200 conviviis
1059 1160 1262 1207 adhibent,
1308 1162 1442 1199 merito
1471 1168 1511 1198 ut
1540 1161 1646 1199 dubi-

191 1221 264 1258 tari
294 1232 404 1271 posse
436 1218 632 1264 videatur,
674 1217 829 1255 duorum
861 1219 898 1256 in
930 1217 1164 1269 philosophia
1195 1230 1419 1254 summorum
1454 1216 1644 1254 hominum

193 1276 263 1313 hac
305 1274 352 1312 de
392 1287 457 1320 re,
501 1282 541 1311 ut
578 1273 747 1319 videtur,
799 1273 1097 1311 dissentientium
1135 1273 1225 1309 facit
1267 1272 1484 1310 auctoritas.
1546 1271 1644 1310 Nam

192 1329 288 1382 apud
316 1329 508 1367 Platonem
540 1330 576 1366 in
608 1329 814 1379 Protagora
832 1328 906 1377 *ἢ
936 1328 1115 1366 Socrates
1156 1328 1324 1364 abiectos
1363 1327 1471 1364 modo
1509 1334 1546 1364 ct
1575 1328 1644 1364 im-

191 1386 335 1438 peritos
373 1393 409 1423 et
447 1385 765 1423 circumforaneos
804 1384 971 1421 homines
1011 1382 1047 1420 id
1091 1383 1218 1421 facere
1256 1383 1386 1420 solitos
1428 1382 1538 1420 dicit:
1582 1383 1643 1433 qui

191 1455 275 1479 cum
304 1455 385 1479 eam
425 1441 497 1478 vim
526 1454 598 1477 non
631 1440 816 1484 habeant„
857 1446 896 1477 ut
926 1439 1068 1476 urbana
1100 1438 1220 1487 aliqua
1261 1445 1298 1474 et
1326 1438 1491 1488 eleganti
1528 1438 1643 1476 collo-

192 1498 341 1536 cutione
381 1503 526 1546 tempus
576 1494 664 1532 illud
713 1495 876 1546 epularis
929 1493 1187 1532 accubationis
1202 1491 1304 1545 ***)
1355 1492 1553 1531 traducere
1606 1500 1644 1531 et

191 1553 327 1591 mutuis
368 1550 601 1589 sermonibus
639 1551 783 1588 animos
821 1562 908 1586 suos
949 1549 1113 1586 hilarare
1152 1548 1322 1598 possint,
1368 1549 1449 1587 eius
1487 1549 1544 1586 rei
1582 1561 1643 1586 re-

190 1606 352 1646 medium
382 1620 404 1644 a
430 1607 550 1644 mimis
581 1612 618 1643 ct
648 1605 693 1642 ab
723 1604 967 1642 histrionibus
997 1611 1035 1641 et
1064 1616 1085 1640 a
1111 1616 1240 1641 vocum
1270 1603 1442 1642 fidiumve
1472 1603 1643 1642 cantibus

190 1670 335 1714 petunt.
387 1661 441 1700 At
472 1674 562 1712 quas
591 1659 635 1698 ad
668 1661 795 1711 epulas
825 1660 913 1697 boni
944 1666 982 1697 et
1006 1657 1142 1696 eruditi
1168 1660 1347 1697 convivae
1379 1660 1639 1706 convenerint,

192 1719 230 1756 in
262 1719 317 1756 eis
355 1730 475 1768 neque
513 1716 724 1761 tibicinam,
768 1728 888 1766 neque
927 1715 1114 1766 psaltriam
1148 1714 1292 1760 audiri,
1330 1727 1450 1765 neque
1481 1715 1642 1753 saltatri-

191 1787 272 1813 cem
300 1773 464 1823 speetari
495 1772 629 1809 ullam:
672 1771 856 1821 ablegatis
888 1783 953 1808 eos
993 1769 1176 1807 eiusmodi
1204 1771 1312 1820 nugis
1349 1777 1460 1821 atque
1491 1771 1641 1821 ineptiis

190 1828 359 1867 modeste
390 1829 488 1865 inter
516 1840 557 1865 se
589 1834 626 1865 et
655 1827 774 1864 hilare
804 1826 987 1877 colloqui:
1021 1838 1142 1875 neque
1174 1839 1332 1876 unquam
1364 1825 1497 1863 deesse
1528 1827 1638 1876 ipsis,

190 1883 237 1922 de
275 1896 347 1935 quo
387 1896 578 1921 sermones
617 1881 906 1920 iucundissimos
944 1882 1163 1927 conferant,
1204 1882 1315 1918 etiam
1349 1882 1380 1918 si
1415 1881 1562 1919 multam
1600 1881 1639 1919 iu

190 1946 337 1977 noctem
369 1939 575 1977 convivium
615 1937 856 1989 producatur.
917 1937 1045 1987 Itaque
1084 1949 1132 1973 ex
1170 1936 1232 1973 illo
1261 1936 1374 1973 nobili
1411 1936 1506 1988 apud
1536 1936 1641 1987 Aga-

190 1995 342 2032 thonem
371 1994 542 2032 convivio
557 1992 609 2046 †)
648 1994 801 2031 eiicitur
838 1993 990 2030 tibicina
1029 1998 1068 2030 et
1095 1999 1158 2029 aut
1190 1991 1286 2038 sibi,
1335 1999 1397 2029 aut
1423 1992 1640 2030 mulieribus

190 2062 329 2088 canere
369 2049 532 2087 iubetur.
591 2047 645 2086 At
677 2049 829 2086 hercule
867 2049 1034 2086 alumnus
1066 2046 1233 2084 eiusdem
1272 2046 1513 2098 disciplinae,
1556 2047 1639 2085 Xe-

190 2104 365 2155 nophon,
397 2104 434 2141 in
466 2102 504 2140 id
534 2104 742 2141 convivium
761 2103 870 2156 ††),
901 2104 938 2140 in
970 2116 1041 2154 quo
1072 2109 1108 2139 et
1138 2102 1316 2140 Socrates
1342 2110 1459 2147 esset,
1493 2110 1530 2140 et
1558 2102 1639 2140 Au-

190 2160 397 2205 tisthenes,
430 2165 468 2197 et
497 2159 560 2196 alii
588 2159 773 2208 sapientia
802 2166 1038 2208 praestantes
1070 2158 1162 2203 viri,
1189 2170 1262 2194 non
1291 2156 1398 2194 modo
1427 2157 1637 2208 Philippum

191 2213 380 2254 excitandi
421 2214 518 2251 risus
552 2214 734 2251 artificem
772 2212 939 2258 induxit,
994 2225 1123 2250 verum
1163 2212 1273 2249 etiam
1315 2213 1472 2250 sublatis
1517 2213 1635 2263 epulis

191 2271 470 2323 Syracusanum
510 2269 610 2307 illum
651 2276 943 2307 comessatorem
979 2281 1059 2306 cum
1098 2267 1250 2305 tibicina
1289 2275 1328 2305 et
1370 2268 1557 2306 saltatrice
1597 2275 1636 2306 et

191 2327 356 2364 formoso
385 2338 530 2376 puero,
576 2325 637 2375 qui
666 2331 704 2362 et
734 2326 815 2376 ipse
844 2330 919 2361 tum
956 2321 1148 2368 saltando,
1190 2329 1265 2360 tum
1296 2322 1431 2361 fidibus
1469 2322 1636 2362 canendo

192 2395 335 2420 summa
364 2393 457 2426 eos,
497 2380 558 2432 qui
585 2379 767 2427 aderant,
806 2379 992 2430 voluptate
1030 2377 1286 2429 perfunderet.
1347 2379 1389 2416 ln
1421 2379 1635 2416 Homericis

191 2438 304 2476 etiam
337 2436 458 2488 epulis
496 2443 534 2474 et
561 2435 741 2473 Phemius
775 2436 876 2474 canit
911 2441 950 2473 et
976 2432 1216 2472 Demodocus
1231 2432 1370 2487 †††),
1409 2441 1447 2472 et
1475 2436 1512 2472 in
1541 2433 1635 2474 Vir-

264 2558 308 2595 322)
329 2559 432 2588 carm.
453 2558 554 2586 LXVI
575 2557 636 2591 (al.
652 2555 812 2591 LXVIII).
834 2563 868 2584 v.
886 2555 937 2584 47.
977 2555 1172 2590 Quamquam
1192 2555 1279 2590 prior
1297 2562 1414 2584 versus
1433 2561 1454 2584 a
1471 2554 1635 2592 plerisque

188 2598 280 2627 MSS.
301 2600 387 2626 recte
407 2597 507 2624 abest.
547 2595 664 2623 tvoffl.
685 2609 721 2615 —
759 2595 824 2624 Pro
844 2594 1056 2628 clarescatque
1076 2593 1179 2623 editur
1198 2594 1404 2629 notescatque.

260 2645 329 2680 aare]
349 2650 422 2680 pag.
442 2643 515 2672 347.
537 2643 571 2672 C.
593 2644 639 2671 st.

258 2693 352 2728 *³:⁶20
374 2694 448 2722 Vox
475 2692 637 2725 corrupta,
668 2689 758 2719 cuius
785 2690 817 2720 in
843 2691 948 2721 locum
978 2690 1156 2721 substituas
1183 2690 1399 2728 accubitionis,
1435 2689 1499 2720 vid.
1525 2687 1629 2719 Beier.

185 2732 225 2760 ad
247 2731 313 2762 Cic.
333 2731 390 2760 off.
410 2731 465 2760 lib.
486 2731 511 2758 1.
531 2735 599 2763 cap.
619 2728 670 2757 35.
691 2729 712 2763 ὅ
745 2729 815 2758 128.

259 2778 306 2817 ἦ)
325 2781 408 2809 Plat.
429 2781 576 2814 SympoS.
598 2783 671 2812 pag.
692 2777 761 2807 176.
791 2779 826 2806 Ε.
848 2778 893 2807 st.

257 2826 332 2864 ἢ)
352 2829 496 2863 Xenoph.
518 2825 654 2856 cons-iv.
675 2832 744 2861 cap.
765 2827 792 2855 1.
815 2826 847 2861 S.
871 2827 919 2854 11.
947 2832 1015 2860 cap.
1037 2826 1065 2855 2.
1087 2826 1118 2861 §-
1142 2827 1168 2855 1.

258 2873 358 2913 ’ξ’-Η)
379 2875 450 2905 Vid.
469 2877 561 2905 Hom.
583 2875 698 2911 Odyss.
717 2876 740 2905 1.
763 2875 833 2905 154.
852 2875 925 2904 326.
951 2874 1033 2904 vlu.
1053 2875 1094 2905 62
1113 2883 1183 2911 sqq.
