1726 3106
558 122 660 161 LlB.
694 122 746 162 V.
807 121 925 163 CAP.
954 123 1026 162 VI.
1434 121 1511 165 101

81 238 370 270 consentaneum
410 229 618 277 videbitur,
665 230 701 269 id
736 231 932 282 amplecti3
980 232 1066 282 quin
1107 231 1145 269 id
1187 231 1235 270 ab
1274 230 1430 269 eruditis
1474 239 1512 270 et

80 286 207 323 harum
246 299 367 324 rerum
405 286 696 335 intelligentibus
738 286 944 324 hominihus
976 287 1013 324 in
1054 287 1176 337 magni
1212 286 1386 324 beneficii
1427 287 1511 325 loco

79 342 188 378 etiam
216 348 323 391 atque
353 341 460 378 etiam
492 349 599 391 pete,
640 348 679 378 ut
709 355 778 392 qua
807 348 881 378 tum
913 341 1106 387 libertate,
1148 348 1223 379 tum
1257 341 1510 380 moderatione

78 396 222 433 alienos
252 409 272 432 a
301 409 357 433 me
388 408 536 433 errores
567 395 690 446 detegi
722 395 870 441 vident,
909 396 1036 433 eadem
1066 397 1136 447 ipsi
1165 409 1267 434 meos
1307 397 1504 448 detegant:

78 456 118 487 ut
146 451 227 487 sine
263 451 333 487 ulla
363 450 618 488 maledicentia
655 451 775 488 studia
805 451 931 488 harum
971 464 1058 488 vere
1098 453 1342 502 ingenuarum
1374 453 1508 490 artium

77 504 310 542 adiuventur.
361 504 469 543 Nune
494 507 606 555 igitur
628 507 844 556 principium
866 505 1000 551 Stichi,
1032 505 1128 556 quod
1150 508 1186 543 in
1211 507 1379 544 omnibus
1402 507 1507 544 libris

78 561 359 609 corruptissime
383 560 538 611 legitur,
571 560 774 598 describam
803 561 875 608 ita,
903 561 955 598 uti
986 559 1181 610 legendum
1211 575 1349 599 censeo
1366 561 1439 614 *)3
1470 563 1507 599 iu

77 627 148 665 quo
181 615 317 664 optima
346 614 417 652 fide
443 616 625 653 affirmare
653 629 822 666 possum,
858 615 1008 653 voculas
1039 616 1197 665 aliquot,
1239 630 1329 667 quas
1359 617 1506 663 sustuli,

76 670 290 707 auctoribus
319 670 477 721 antiquis
501 671 602 708 libris
633 683 717 708 esse
745 671 930 716 sublatas;
962 671 999 708 in
1020 669 1150 708 ordine
1179 672 1261 722 ipso
1291 672 1506 717 verborum,

76 730 115 762 et
144 725 180 761 in
211 725 378 762 versibus
413 725 709 775 distinguendis,
749 727 892 771 fateor,
924 738 982 763 me
1012 726 1228 764 coniectura
1256 726 1509 764 tantummodo

76 791 161 817 esse
198 793 320 817 usum.
382 780 474 818 Cum
514 782 610 818 enim
649 779 794 831 quidam
834 780 941 818 homo
980 779 1146 818 eruditus
1182 780 1506 834 tradidissetffiss),

74 847 206 872 versus
246 836 328 872 illos
365 848 451 873 esse
487 837 650 873 numeris
685 836 894 886 permistis,
939 833 1178 902 τριμέτρους,
1222 843 1260 874 et
1299 836 1509 890 διμέτοους,

75 885 378 941 ἇκαταληκτους,
407 887 722 941 κατειληκτικοὺς,
760 898 798 928 et
824 888 1221 957 βραχυκαταλήκτους,
1260 894 1382 943 putavi
1414 893 1509 930 hane

77 946 351 983 confessionem
383 946 502 996 potius
540 945 718 996 quandam
753 958 838 983 esse
869 942 1097 997 ἀμηχανίας,
1139 959 1246 997 quam
1275 949 1369 985 certi
1399 955 1508 999 atque

75 1000 258 1050 explorati
290 1000 416 1038 iudicii
448 1001 732 1051 professionem.
792 1001 920 1051 ltaque
958 1002 1018 1051 qui
1058 1014 1185 1040 omnes
1222 1003 1391 1041 senarios
1423 1016 1509 1042 esse

75 1054 294 1102 crederem,
326 1056 376 1093 ita
404 1054 576 1093 distinxi:

128 1142 314 1180 PANEGY.
360 1143 482 1180 Credo
512 1155 581 1192 ego
608 1145 782 1181 miseram
800 1143 928 1194 sitisse
957 1144 1198 1207 Penelopam,
1228 1157 1353 1191 soror,

127 1199 192 1236 Ea·
220 1200 365 1243 animo,
395 1210 490 1247 quae
520 1205 593 1236 tam
623 1200 687 1236 elza
717 1212 783 1236 sao
812 1199 938 1235 caruit
964 1200 1058 1235 viro.

127 1254 227 1291 Nam
255 1267 323 1290 nos
352 1265 431 1290 ems
460 1254 620 1290 annnam
650 1255 695 1291 de
723 1254 865 1290 nostris
893 1254 1092 1298 noscimus,

133 1310 298 1357 Quarum
327 1309 403 1346 viri
427 1321 524 1345 nunc
549 1309 635 1345 hinc
663 1308 819 1345 absunt.-
852 1320 1050 1357 quoramce
1078 1321 1147 1346 nos

129 1365 326 1414 Negotiis,
358 1369 399 1400 ut
424 1375 578 1413 aequom
609 1370 685 1409 est,
718 1363 926 1400 absentiam

130 1420 308 1457 Solicitae
336 1424 466 1455 noctes
495 1425 535 1456 et
562 1419 664 1463 dies,
697 1430 829 1462 soror,
861 1430 1000 1455 samus.

129 1473 221 1511 P1N.
264 1475 417 1523 Semper
444 1480 611 1511 nostram
641 1473 799 1523 officium
824 1485 892 1510 nos
911 1472 1051 1523 faeere
1080 1481 1297 1524 aequomst.-
1325 1487 1444 1525 neque

129 1530 176 1567 Id
191 1528 382 1579 faciemus
411 1529 555 1577 magis,
593 1541 702 1577 quam
735 1539 803 1564 nos
832 1528 957 1577 pietas
989 1535 1123 1566 monet.

131 1585 209 1622 Sed
237 1585 298 1621 laic
328 1595 407 1619 mea
435 1595 547 1620 soror
576 1584 692 1620 assis.-
724 1583 839 1620 multa
869 1584 956 1619 dam
984 1584 1065 1620 volo

137 1640 268 1677 Tecam
294 1639 398 1688 loqui
422 1638 468 1674 de
498 1650 542 1675 re
569 1639 655 1675 viri.
715 1635 787 1673 ΡΑ.
830 1638 1011 1674 Salvaene
1024 1635 1153 1689 ἢῆ,
1188 1639 1350 1676 amabo?

128 1693 192 1731 P1.
225 1695 342 1743 Spero
371 1693 538 1743 quidem,
572 1700 612 1730 et
636 1692 743 1730 volo.-
774 1692 843 1728 sed
868 1692 938 1729 hoc
965 1693 1115 1730 crucior
1144 1706 1280 1732 soror:

129 1751 280 1788 Patrem
312 1754 434 1793 tamn,
467 1760 656 1798 meamque
684 1748 776 1784 adeo
811 1748 878 1797 que·
903 1760 997 1784 unas
1025 1749 1132 1785 unice

129 1806 193 1843 Ea:
221 1803 388 1841 omnibus
413 1803 635 1852 perhibetur
662 1802 803 1839 civibus
824 1802 982 1851 probus,

129 1861 226 1899 Eam
257 1871 357 1896 mmo
384 1858 546 1907 improbi
572 1856 692 1906 officio
709 1855 835 1906 sangi
858 1858 946 1901 viri,

137 1917 279 1953 Tantas
306 1913 398 1950 viris
430 1914 496 1962 qai
519 1912 733 1950 absentibus
760 1913 901 1949 nostris
919 1910 1026 1962 saeic

130 1970 297 2008 [niurias
327 1968 536 2005 immerito.-
567 1980 706 2017 nosque
736 1966 925 2004 abducere

131 2024 196 2064 Ab
226 2025 272 2060 iis
299 2023 388 2060 volt.
449 2025 530 2061 Hae
560 2035 622 2060 res
648 2023 746 2059 vitae
775 2034 832 2058 me
854 2027 1054 2066 saturant,
1088 2034 1225 2059 soror.-

131 2081 213 2118 Hae
242 2079 336 2116 milti
361 2079 523 2116 dividiae
552 2085 590 2115 et
616 2077 718 2115 senio
745 2082 845 2114 sunt.
905 2075 979 2113 ΡΑ.
1013 2089 1059 2114 ne
1089 2078 1277 2122 laorama,

133 2137 281 2173 Soror:
314 2146 403 2171 neve
437 2140 499 2171 tuo
528 2133 568 2170 id
591 2133 713 2170 animo
732 2131 830 2183 fae,
863 2131 935 2169 tibi
960 2132 1063 2181 quod*
1087 2138 1173 2170 tuus

133 2191 308 2228 Minatur
325 2186 525 2236 saetarum
549 2195 678 2238 paler.
739 2188 832 2237 Spes
859 2192 935 2233 est,
968 2199 1050 2223 enm

133 2245 272 2284 silenus
289 2243 504 2295 factarum.
566 2243 667 2281 Novi
689 2255 757 2291 ego
786 2242 915 2286 illam3
950 2242 1069 2279 istaec
1095 2242 1177 2279 ioco

134 2300 263 2343 Dicit,-
295 2312 414 2349 neque
441 2300 502 2336 ille
532 2304 678 2336 mereat
704 2300 904 2335 Persarum
932 2297 1010 2334 sibi

135 2356 303 2399 Montes,
333 2355 402 2404 qai
421 2367 500 2392 esse
524 2353 773 2404 perhibentur
801 2353 932 2397 aurei,
962 2350 1065 2389 istud
1092 2357 1137 2389 ut

136 2410 291 2454 Faciat,
322 2410 422 2459 qaod
449 2416 488 2446 ta
517 2409 661 2446 metuis.
717 2409 792 2453 Et,
820 2409 857 2445 si
870 2406 1022 2458 faeiat,
1057 2413 1180 2444 tamen

137 2465 293 2503 Minime
319 2465 440 2502 irasci
466 2465 594 2502 decet:
625 2476 745 2514 neque
771 2463 812 2500 id
838 2463 1018 2500 immerito
1047 2462 1203 2500 eveniet.

139 2520 236 2557 Nam
267 2520 399 2557 tertias
425 2519 486 2557 liic
514 2526 573 2558 est
600 2531 742 2565 annus,
773 2527 817 2557 ut
844 2518 968 2556 nostri
994 2516 1100 2555 domo

164 2652 208 2688 -tr-J
229 2652 290 2681 Sed
316 2654 396 2682 haec
420 2653 563 2683 violenta
590 2653 758 2689 dispositio
780 2655 812 2684 et
830 2653 1009 2683 emendatio
1038 2654 1083 2682 ab
1107 2652 1278 2682 editoribus
1306 2649 1435 2685 recepta
1459 2653 1523 2677 non

90 2693 159 2725 est,
191 2690 252 2718 nisi
280 2697 299 2718 a
325 2690 434 2720 coelio
460 2692 604 2720 Secundo
626 2693 763 2721 Curione
791 2693 823 2720 et
848 2691 1011 2721 Lambino.
1051 2690 1099 2722 Cf.
1119 2690 1191 2721 infr.
1218 2690 1300 2719 XIV.
1322 2689 1371 2718 17.
1409 2689 1522 2718 FAnffl.

88 2729 161 2759 vid.
181 2727 353 2756 Hermanni
372 2730 470 2757 Elem.
490 2731 598 2757 Doetr.
617 2731 709 2758 metr.
731 2736 801 2765 pag.
822 2728 883 2757 457
904 2736 952 2764 sq.

165 2774 231 2811 ἰκθ)
252 2775 327 2804 Sine
348 2776 440 2805 dubio
461 2778 525 2806 loa.
547 2777 759 2808 Camerarius.
798 2779 910 2806 FAEsn

166 2823 259 2861 elem)
279 2825 410 2854 Salvene
429 2825 575 2856 wolfius.

1540 1586 1600 1617 106
