1778 3096
307 144 390 188 372
871 145 996 186 VAR.
1029 145 1180 185 LECT.

309 258 399 296 cilia
426 258 587 295 Latinae
609 256 722 294 simul
751 257 993 306 Graecaeque
1020 257 1252 306 eloquentiae
1276 255 1494 308 professor,
1532 255 1631 294 male
1659 268 1745 294 ocu·

309 313 410 351 latas
438 319 478 349 et
501 313 618 348 dicax
641 324 717 361 par·
742 313 949 349 oculorum.
1003 313 1045 350 In
1076 313 1242 349 amicitia
1269 314 1325 350 M.
1349 313 1516 350 Antonii
1544 312 1750 350 Triumviri

307 368 479 405 extitisse
517 379 558 403 se
598 366 738 404 aicbat.
798 366 856 404 lta
889 366 999 417 vulgo
1031 367 1181 415 legitur.
1243 366 1320 404 Sed
1355 380 1485 417 aquam
1521 366 1603 416 quis
1633 366 1745 403 citius

304 435 327 460 e
353 421 499 472 pumice
514 419 587 473 ςἒξ),
626 434 733 471 quam
764 421 871 458 ullam
902 433 949 458 cx
978 421 1036 458 his
1065 421 1188 459 verbis
1218 421 1389 460 idoneam
1425 421 1647 460 sententiam
1679 432 1746 458 ex·

303 477 501 527 presserit.
561 474 822 514 Emendentur
852 477 964 526 igitur
999 474 1044 514 ad
1075 476 1171 514 hunc
1201 475 1369 514 modum:
1413 480 1508 516 Sex.
1543 476 1695 514 Clodius
1723 488 1744 512 e

304 531 435 570 Sieilt‘a
471 533 634 569 Latinae
667 533 782 569 sz‘med
817 535 1059 582 Graecaeque
1104 533 1338 581 eloquentiae
1374 532 1597 583 professor,
1647 531 1744 568 male

302 587 476 624 oculatus
505 593 542 624 ct
570 587 707 624 dicaoe:
744 589 840 636 pari
864 588 1057 624 oculorum
1086 588 1287 624 amicitiam
1316 588 1373 625 M.
1405 587 1568 625 Antonii
1596 587 1742 625 Trium-

301 643 381 679 viri
403 643 551 679 stetisse
589 642 665 680 sibi
690 641 851 681 (licebat.
910 640 1003 678 Cum
1032 642 1128 678 enim
1162 640 1219 678 M.
1251 641 1438 678 Antonius
1477 640 1512 679 e't
1547 640 1742 691 plurimum

301 695 451 733 biberet
479 697 582 747 ipse,
615 703 652 734 et
683 709 772 741 eos,
803 697 864 746 qui
894 695 990 733 idem
1022 697 1215 741 facerent,
1249 704 1405 742 amaret,
1441 703 1478 733 ut
1506 709 1553 733 cx
1587 696 1744 733 historia

300 751 532 788 notissimum
563 758 644 797 est3
678 750 847 796 Clodius,
880 752 956 802 qui,
985 758 1024 788 ut
1052 751 1109 788 M.
1142 750 1307 788 Antonio
1334 752 1628 801 obsequeretur,
1659 749 1742 787 dies

301 814 508 857 noctesque
539 819 622 843 cum
662 818 707 843 eo
737 808 981 856 perpotabat‚
1024 806 1140 844 ocu11s
1171 806 1242 842 sibi
1272 807 1484 843 constitisse
1522 806 1622 843 illius
1651 806 1743 842 ami-

300 861 425 899 citiam
456 860 672 898 dictitabat:
706 873 772 898 eos
804 861 901 898 enim
932 860 1093 911 potando
1123 868 1356 911 corruperat.
1416 861 1545 911 ltaque
1576 861 1613 896 in
1643 873 1744 897 com·-

296 923 468 967 potorum
507 916 604 952 illius
643 928 798 953 numero
835 929 856 953 a
898 914 1178 967 Cicerone**)
1219 922 1410 953 censetur.
1482 917 1744 965 Compotorum

299 971 398 1007 enim
433 969 630 1020 legendum
661 970 767 1021 plane
795 976 877 1015 est,
914 983 986 1008 non
1017 972 1320 1021 competitorum.-
1363 977 1400 1008 et
1426 969 1500 1007 alia
1530 982 1675 1020 quoque
1706 970 1743 1006 in

297 1025 424 1062 verbis
452 1025 676 1070 Ciceronis,
717 1037 812 1075 quae
841 1025 900 1063 hic
931 1026 1166 1072 refeiuntur,
1208 1038 1255 1063 ex
1286 1024 1475 1063 Cicerone
1506 1025 1586 1074 ipso
1616 1037 1744 1062 emen-

297 1078 434 1117 danda.
493 1080 569 1117 Hie
607 1080 740 1130 aliquis
777 1093 824 1117 ex
862 1081 945 1118 istis
988 1082 1092 1118 novis
1122 1080 1458 1132 Astydamantibus
1475 1076 1576 1131 ***)
1617 1076 1741 1119 εὐστο-

295 1135 382 1185 χίαν
421 1148 522 1172 suam
563 1134 834 1180 admiraretur,
876 1144 912 1174 et
946 1135 1138 1173 Musarum
1179 1136 1287 1174 fidem
1323 1136 1562 1199 imploraret,
1604 1142 1642 1172 et
1670 1135 1742 1172 sibi

296 1193 503 1228 inauratam
534 1197 692 1228 statuam
728 1191 810 1240 ipse
840 1189 1077 1229 dccci-‚neret
1139 1191 1217 1229 Sed
1257 1204 1326 1241 ego
1359 1192 1468 1228 istam
1501 1202 1633 1227 novam
1665 1191 1743 1228 elo-

296 1247 484 1295 quentiam
515 1245 675 1283 nondum
706 1245 841 1283 didici:
875 1253 912 1284 et
941 1259 1060 1284 senex
1089 1260 1183 1284 sum.
1233 1247 1360 1284 Satius
1391 1246 1519 1291 fuerit,
1547 1245 1604 1282 his
1634 1247 1743 1296 nugis

296 1301 467 1346 omissis,
508 1301 599 1338 alias
639 1314 756 1350 nugas
796 1301 899 1351 (quid
941 1303 1039 1339 enim
1076 1301 1173 1339 aliud
1211 1302 1304 1339 haec
1337 1309 1464 1338 nostra
1498 1301 1630 1352 sunt'l)
1670 1301 1742 1338 hue

297 1367 523 1404 congerere,
546 1363 583 1393 et
612 1355 792 1406 quaedam
825 1357 861 1393 in
891 1357 1052 1393 ultimam
1084 1355 1248 1394 eiusdem
1276 1357 1389 1394 libelli
1422 1363 1564 1406 partem
1593 1362 1739 1394 notare.

294 1410 340 1447 In
371 1411 418 1447 iis
447 1411 576 1461 igitur,
609 1424 703 1461 quae
734 1410 780 1448 de
812 1410 860 1448 C.
892 1411 1111 1464 Albinio-1⁴)
1144 1419 1355 1457 narrantur,
1389 1413 1436 1448 ita
1470 1409 1628 1460 legenda
1657 1418 1743 1449 sunt

296 1464 413 1502 haec:
458 1472 704 1516 receptasque
739 1467 776 1503 in
805 1468 941 1503 Planci
970 1469 1136 1504 oratoris
1176 1467 1483 1511 contubernium,
1521 1467 1587 1504 cui
1617 1467 1742 1505 decla-

297 1527 446 1558 maturo
468 1533 545 1558 mos
569 1527 654 1558 erat
674 1523 787 1571 prius
810 1523 984 1570 aliquem,
1013 1523 1186 1571 quiante
1211 1523 1376 1567 diceret,
1406 1523 1594 1568 excitare,
1617 1534 1741 1560 susee-

209 1578 272 1609 39⁰
291 1577 354 1627 pit
383 1587 447 1612 eas
466 1582 614 1625 partae,
641 1582 756 1626 atque
783 1577 838 1613 ita
867 1577 1043 1626 impleuit,
1071 1583 1113 1614 ut
1132 1578 1271 1614 Planco
1298 1579 1488 1615 silentiam
1520 1578 1741 1627 imponeret,

296 1644 369 1669 non
400 1631 559 1668 audenti
576 1632 613 1668 in
637 1633 954 1681 comparationem
975 1645 1015 1668 se
1046 1633 1250 1670 dimittere.
1304 1631 1352 1669 Et
1381 1646 1480 1677 mox,
1505 1631 1567 1668 ubi
1590 1632 1739 1683 legitur,

296 1687 431 1727 solitas
462 1687 658 1737 proposita
694 1688 952 1724 controversia
989 1688 1120 1725 sedens
1159 1690 1198 1725 in
1232 1701 1367 1738 opere,
1414 1686 1610 1738 legendum
1647 1690 1742 1726 inci-

290 1754 387 1793 pere
405 1740 506 1794 ††).
566 1740 623 1778 Ac
653 1742 775 1778 statim
809 1754 875 1792 pro
905 1742 1120 1780 declamare
1149 1750 1218 1781 aut
1242 1756 1397 1792 gemere
1422 1744 1529 1780 vario
1566 1743 1651 1793 lego
1677 1744 1743 1781 de-

296 1798 462 1835 clamare
499 1803 621 1834 autem
655 1810 798 1846 genere
832 1799 938 1834 vario
954 1796 1086 1850 †††).
1147 1796 1198 1834 Et
1233 1798 1342 1849 paulo
1379 1805 1486 1849 post,
1532 1797 1593 1835 ubi
1631 1799 1741 1848 vulgo

298 1854 551 1890 tantummodo
590 1852 801 1890 trivialibus
837 1852 985 1898 verbis,
1037 1852 1232 1903 legendum
1277 1860 1420 1892 tantum
1456 1866 1554 1898 non,
1605 1868 1741 1905 μονον-

296 1906 461 1960 ουχίῆ).
521 1906 636 1952 Mox,
684 1908 768 1945 dum
808 1883 1096 1958 amplissimamD
1102 1922 1284 1959 quamque
1321 1915 1514 1954 sectatur,
1559 1922 1657 1954 non,
1700 1916 1740 1946 ut

295 1963 430 2012 vulgo,
461 1975 698 2027 quamquam.
757 1962 851 2000 Tum
884 1965 1050 2013 pauculis
1081 1964 1250 2001 versibus
1276 1963 1506 2011 interiectis,
1540 1970 1580 2002 et
1604 1977 1740 2002 rursus

299 2030 382 2055 eum
413 2020 451 2055 in
480 2009 694 2068 eogfflzztzor‘ze
731 2019 859 2055 caedis
882 2020 1095 2057 Mediolani
1120 2032 1143 2056 a
1168 2031 1206 2057 L.
1237 2031 1274 2058 P.
1306 2031 1343 2058 P.
1377 2020 1416 2058 d.
1445 2032 1480 2057 7.
1511 2033 1545 2057 e.
1571 2033 1607 2058 e.
1638 2021 1663 2058 l.
1695 2033 1734 2059 77.

300 2073 327 2110 I.
363 2086 398 2110 v.
439 2074 493 2111 eta
533 2074 761 2120 excanduit,
808 2080 851 2111 ut
884 2075 1081 2124 deplorato
1119 2076 1257 2113 Italiae
1291 2082 1394 2113 statu
1409 2073 1514 2125 ’Μὴ
1563 2081 1602 2112 et
1643 2087 1737 2126 quae

373 2173 417 2209 ³3)
444 2174 625 2202 Plautinum
647 2177 696 2203 est
723 2174 925 2218 proverbium
950 2176 1040 2204 Pers.
1061 2177 1085 2205 1.
1108 2176 1144 2214 i,
1165 2175 1215 2204 42.
1245 2183 1355 2212 aquam
1380 2184 1400 2205 a
1423 2178 1544 2211 pumice
1567 2179 1737 2214 postuletne

299 2212 382 2247 quod
403 2219 463 2245 quo
484 2212 658 2248 pertineat,
684 2211 780 2241 facile
800 2212 904 2247 quivis
924 2213 1022 2242 videt.

373 2260 413 2286 ³:2³1
400 2259 598 2319 κἶ)Ρίιί1ἰρρ.
618 2262 655 2289 ll.
677 2261 725 2289 17.
746 2260 776 2295 3.
798 2260 848 2289 42.

413 2308 466 2343 ¹³1³]
488 2308 646 2338 cavillari
665 2307 790 2337 videtur
809 2308 1003 2337 Lambinum.
1043 2308 1151 2343 Atque
1171 2307 1281 2336 eodem
1301 2309 1395 2337 modo
1423 2310 1572 2345 loquutus
1596 2313 1646 2341 est
1664 2314 1737 2342 Mu-

298 2347 390 2374 retus
399 2320 516 2375 Senol.
543 2346 575 2374 in
596 2348 706 2374 senec.
729 2347 805 2380 Onu.
827 2347 914 2374 Tom.
936 2349 988 2375 111.
1010 2353 1080 2381 pag.
1103 2347 1142 2373 76
1163 2353 1210 2380 sq
1250 2348 1297 2374 De
1317 2348 1552 2381 Astydamante
1579 2349 1616 2378 cf.
1643 2351 1735 2384 mog.

297 2383 406 2411 Laert
433 2384 485 2412 lib
507 2383 861 2418 1¹.§.42.P110tius
886 2385 964 2412 Lex.
994 2391 1064 2419 pag
1091 2384 1163 2411 372.
1190 2384 1377 2412 comicorum
1404 2386 1602 2420 proverbium
1626 2387 1735 2416 affert:

298 2419 447 2462 Σαυτὴν
473 2421 653 2462 ἐπαινεῖς,
680 2419 794 2465 ὥςπερ
815 2418 1062 2468 Ἀστυδάμας,
1082 2419 1204 2467 γύναι.
1244 2427 1315 2457 Vid.
1336 2427 1475 2457 Meinek.
1501 2429 1542 2458 ad
1570 2429 1736 2459 Menandri

297 2468 331 2494 et
349 2466 484 2495 Philem.
504 2466 629 2501 Reliqq.
649 2473 721 2501 pag.
741 2467 812 2496 425.

294 2549 351 2581 lm
371 2512 425 2581 ili}
446 2521 517 2587 afflig.
535 2516 585 2581 55
606 2514 660 2544 ubi
685 2517 774 2545 recte
799 2521 882 2545 nunc
908 2514 1024 2550 legitur
1058 2521 1092 2544 se
1119 2514 1288 2544 demittere.
1331 2512 1403 2542 vid.
1431 2514 1569 2543 Gronov.
1598 2514 1639 2544 ad
1665 2514 1735 2544 Liv.

370 2597 445 2638 ·’·†)
466 2600 621 2635 Renosuit
639 2600 788 2631 Wolfius.

371 2645 473 2687 †††)
493 2648 630 2678 tVolfius
651 2657 721 2679 cum
741 2648 976 2684 Oudendorpioz
1004 2648 1254 2677 declamabat
1276 2649 1378 2676 autem
1395 2653 1508 2683 yenere
1525 2647 1623 2676 vario.

371 2696 416 2731 ξιτ]
438 2697 532 2726 Editt.
553 2697 747 2726 recentiores
768 2700 948 2726 constanter
963 2699 1089 2725 tuentur
1103 2696 1321 2730 tantummodo,
1339 2695 1396 2724 sed
1415 2702 1564 2731 quamque
1577 2695 1754 2732 receptum·

294 2733 345 2763 est
363 2740 421 2768 pro
442 2736 528 2769 vulg.
550 2742 746 2772 quamquam,
768 2738 800 2765 et
818 2736 936 2771 legitur
955 2734 1018 2763 iam
1038 2735 1122 2769 apud
1142 2735 1343 2762 Beroalaum.

367 2782 437 2817 ωε)
456 2783 573 2812 Melius
592 2791 689 2813 nunc:
716 2785 760 2812 Et
779 2790 892 2813 rursus
910 2784 943 2811 in
961 2784 1133 2818 coynitz'one
1148 2784 1268 2819 caedis,
1294 2782 1466 2811 Mediolani
1482 2782 1567 2815 apud
1584 2781 1621 2809 L.
1637 2781 1733 2810 Piso-

291 2824 378 2855 nem,
397 2822 630 2857 proconsulem,
650 2821 819 2857 defendens
839 2828 940 2857 reum,
963 2828 1070 2856 quum,
1093 2822 1249 2849 cohibente
1264 2821 1374 2850 lictore
1395 2821 1504 2848 nimias
1522 2820 1730 2848 laudationum

290 2863 400 2894 voce-3,
415 2859 458 2887 ita
474 2860 700 2897 excandui-sset,
722 2861 756 2889 ut
771 2862 800 2889 et
815 2859 978 2894 deplorato
995 2858 1104 2887 ltaliae
1121 2860 1204 2889 statu
1218 2860 1276 2888 cet.
1316 2858 1417 2889 Vetus
1436 2857 1533 2888 lectio
1553 2858 1639 2887 etat:
1658 2863 1727 2887 cum
