1778 3096
264 143 346 189 416
825 147 955 187 VAR.
986 146 1140 187 LECT.

263 259 418 306 accinit,
451 272 523 296 non
555 258 662 296 huius
695 258 806 297 facio.
848 257 1066 296 Turnebum
1095 259 1234 297 miror:
1265 260 1425 299 cerritos
1455 260 1571 298 miror
1599 259 1706 312 quid·

263 327 370 366 quam
402 328 556 365 unquam
585 327 653 365 pro
683 327 776 351 sano
806 313 921 364 loqui.

175 442 238 472 437
720 432 752 471 C
780 434 817 473 A
845 433 877 472 Ρ
905 433 942 472 U
971 434 1005 473 T
1059 433 1244 473 XVIII.

306 512 474 549 Duorum
504 524 654 550 rursum
686 514 723 550 ‘ln
750 513 914 551 Poenulo
943 513 1108 550 locorum
1139 513 1380 563 explanatio,
1410 519 1447 552 et
1474 512 1657 551 accessio.

259 588 420 648 ΡΑΕΝΕ
449 623 507 648 me
539 611 608 649 iam
640 610 828 649 Poenulus
855 609 1054 650 delassavit
1067 609 1136 662 ³er‘)‚
1169 610 1236 649 sed
1265 611 1380 649 satius
1408 618 1465 650 est
1493 611 1607 649 semel
1637 608 1704 649 de-

261 667 387 716 fungi,
432 680 537 717 quam
568 666 762 718 quidquam
791 666 1026 717 reliquiarum
1070 667 1197 704 facere
1216 666 1311 718 ΨΚ).
1373 666 1606 705 Adolescens
1636 667 1704 703 im-

261 723 404 772 patiens
443 735 593 767 morae,
635 722 920 770 advocatorum,
966 736 1057 774 quos
1094 734 1222 760 secum
1262 721 1444 769 ducebat,
1490 721 1703 760 tarditatem

261 790 444 815 accusans
474 778 525 814 ita
559 776 853 830 lo‹1uit=11·***):

342 855 602 906 Nequidquam
632 855 700 892 hos
726 868 867 906 procos
895 857 950 894 mi
974 856 1092 906 elegi,
1126 855 1337 906 loripedes,
1369 854 1617 892 tardissimos.

260 930 369 979 Quod
398 932 595 969 Turnebus
610 931 660 985 †)
691 932 741 970 ita
770 932 927 983 accipit,
966 939 1006 970 ut
1031 933 1151 970 subsit
1179 933 1326 970 irrisio:
1368 930 1464 983 quod
1493 942 1602 969 senes
1632 930 1705 967 siut

260 999 331 1026 nec
371 1000 415 1024 ea
451 995 596 1033 aetate,
638 1000 708 1038 qua
746 1001 880 1038 procos
921 989 1002 1038 quis
1043 989 1122 1026 suis
1158 988 1303 1026 filiabus
1344 986 1512 1037 deligere
1550 985 1699 1023 debeat.

259 1042 345 1093 Ego
375 1056 466 1081 vero
497 1050 626 1080 contra
657 1044 797 1080 sentio:
831 1051 870 1081 et
897 1056 1092 1094 procorum
1119 1044 1266 1080 nomine
1289 1043 1457 1093 intelligo
1486 1040 1704 1079 adolescen-

258 1105 317 1136 tes
351 1111 396 1136 ea
421 1105 558 1144 aetate,
581 1105 621 1136 ut
649 1098 694 1136 de
724 1111 840 1136 uxore
871 1098 1040 1136 ducenda
1068 1100 1235 1149 cogitare
1261 1099 1416 1149 possint.
1467 1095 1703 1135 Adolescens

257 1154 374 1198 enim,
409 1155 470 1204 qui
497 1161 733 1205 properaret,
765 1166 877 1192 senes
907 1155 978 1191 sibi
1008 1153 1192 1192 advocare
1218 1155 1409 1191 noluerat:
1441 1152 1703 1190 adolescentes

258 1216 492 1260 sumpserat:
532 1208 599 1247 sed
639 1208 675 1246 id
706 1209 778 1247 sibi
809 1209 902 1247 nihil
937 1210 1125 1261 profuisse
1159 1209 1270 1254 dicit,
1312 1222 1395 1247 cum
1426 1220 1516 1259 prae
1547 1206 1702 1244 mollitia

257 1271 297 1301 et
326 1264 472 1302 deliciis
505 1263 571 1317 (ob
599 1263 636 1301 id
666 1265 763 1302 enim
793 1277 859 1302 eos
884 1279 1025 1315 procos
1050 1264 1177 1316 vocat)
1211 1265 1324 1302 nihilo
1360 1265 1520 1303 celerius
1550 1261 1702 1300 incede-

257 1327 365 1365 rent,
406 1332 512 1370 quam
542 1332 666 1356 senes,
728 1319 843 1369 quue
874 1321 953 1369 ipse
982 1320 1033 1357 ita
1062 1321 1260 1370 perspicue
1297 1319 1425 1357 dicere
1455 1318 1623 1363 videtur,
1664 1323 1703 1354 ut

256 1376 394 1421 mirer,
427 1387 499 1412 non
530 1373 614 1412 dico
641 1374 873 1420 Turnebum,
904 1375 1090 1412 hominem
1117 1376 1477 1425 perspicacissimum
1509 1381 1545 1411 et
1575 1371 1701 1410 erudi-

255 1431 463 1474 tissimum,
495 1428 562 1466 sed
591 1442 811 1479 quemquam
842 1431 990 1468 omniuo
1021 1431 1163 1478 fuisse,
1205 1431 1266 1482 qui
1293 1431 1403 1469 aliter
1431 1430 1605 1480 accipere
1635 1441 1701 1479 po-

255 1485 384 1523 tuerit.
444 1484 592 1523 Versus
622 1484 659 1521 hi
688 1491 797 1522 sunt:

309 1564 438 1612 Atque
467 1562 635 1612 equidem
664 1562 794 1600 leet-ele
822 1563 951 1600 dedita
981 1575 1100 1613 opera
1130 1563 1268 1600 amieos
1284 1560 1463 1612 fugitavi
1487 1573 1610 1607 senes,

311 1617 459 1656 Scibam
487 1623 611 1655 aetate
638 1619 850 1655 tardiores.-
882 1624 1004 1655 metuo
1032 1631 1112 1655 meo
1141 1619 1266 1656 amori
1288 1630 1444 1655 moram.

307 1674 569 1724 Neqaz'equam
597 1674 665 1711 lios
685 1687 828 1724 procos
854 1675 908 1710 mz'
931 1674 1049 1724 elegi,
1080 1674 1287 1724 loripedes,
1321 1673 1568 1711 tardzlssz'mos.

251 1747 306 1786 At
336 1748 372 1786 id
410 1762 478 1800 per
515 1763 555 1788 se
596 1750 725 1789 videre
766 1750 921 1802 quilibet
961 1749 1135 1788 duntaxat
1173 1764 1245 1788 non
1288 1749 1522 1788 tardissimus
1551 1751 1692 1801 potuit:

252 1804 337 1850 hoe,
371 1804 466 1856 quod
498 1806 732 1856 subiungam‚
765 1821 836 1844 non
868 1807 972 1844 item.
1025 1805 1100 1845 Ubi
1127 1807 1225 1845 enim
1256 1812 1293 1845 et
1321 1806 1359 1844 in
1382 1805 1562 1844 Ioachimi
1590 1813 1628 1844 et
1656 1807 1693 1844 in

249 1858 430 1912 Dionysii
458 1861 564 1898 libris
591 1862 642 1899 ita
671 1863 810 1913 legitur
823 1861 932 1916 ††):

470 1939 631 1986 Potare,
664 1953 794 1978 amare
820 1941 917 1986 volt,
947 1953 995 1978 ne
1023 1941 1092 1991 qui
1112 1941 1249 1986 sciant,

161 2019 225 2050 438
248 2011 383 2052 deesse
415 2014 553 2065 aliquid
582 2015 628 2053 ad
659 2029 834 2064 versum,
876 2029 984 2055 nemo
1015 2024 1097 2063 est,
1139 2017 1225 2068 quin
1257 2016 1406 2054 sentiat.
1467 2014 1542 2055 Sed
1581 2028 1690 2055 unam

247 2069 357 2107 modo
386 2070 543 2120 aliquam
580 2085 710 2110 vocem
749 2072 884 2111 deesse
915 2073 1025 2111 facile
1056 2073 1137 2123 quis
1174 2071 1402 2110 crediderit:
1445 2085 1526 2110 eum
1568 2079 1689 2111 tamen

247 2123 320 2217 dqjo
358 2124 621 2189 propemodum
661 2139 793 2166 versus
830 2127 1107 2168 desiderentur.
1177 2127 1233 2165 Ita
1272 2128 1370 2166 enim
1412 2134 1472 2165 est
1511 2128 1549 2166 in
1586 2135 1689 2167 vete-

244 2193 276 2218 ri
307 2193 348 2218 us
376 2193 492 2218 meis:
1637 2209 1650 2229 ,ι

353 2249 517 2294 Potare,
549 2259 678 2286 amare
705 2246 796 2287 volt:
854 2247 930 2286 LY.
963 2250 1103 2286 Loeam
1134 2249 1292 2299 lepidam
1323 2247 1435 2286 dabo.

241 2300 322 2340 AD.
355 2305 413 2341 Ac
439 2304 534 2341 em‘m
564 2305 626 2341 laic
655 2305 750 2342 elam
768 2304 987 2356 furtimque
1016 2316 1096 2341 esse
1126 2306 1214 2350 volt,
1246 2318 1294 2342 ne
1323 2305 1391 2354 qui
1414 2304 1537 2342 sciant
1550 2302 1683 2357 †††).

241 2380 410 2418 Verbum
441 2382 532 2426 volt,
558 2394 630 2418 non
655 2380 766 2432 longo
795 2381 989 2419 intervallo
1015 2381 1071 2419 bis
1101 2382 1274 2432 positum,
1300 2382 1420 2419 errori
1447 2382 1684 2420 occasionem

240 2436 388 2474 obtulit.
449 2435 544 2473 Sunt
574 2443 611 2474 et
640 2437 713 2475 alia
742 2437 854 2475 multa
881 2438 921 2475 in
951 2437 1020 2475 hae
1049 2437 1131 2488 ipsa
1159 2436 1309 2484 fabula,
1339 2449 1434 2489 quae
1458 2436 1683 2489 corrigendo

312 2544 355 2581 ὕ)
377 2546 448 2575 Vid.
468 2546 510 2574 ad
530 2547 583 2576 lib.
603 2548 686 2577 XIV.
707 2555 777 2583 cap.
796 2546 827 2577 6.

234 2632 265 2661 l·
312 2594 381 2667 τῆξ-1))
402 2594 555 2624 Cicerone
580 2599 711 2626 auctore
740 2596 772 2625 in
791 2597 882 2626 Verr.
907 2595 962 2625 lib.
983 2597 1036 2624 111.
1057 2602 1126 2631 cap.
1147 2594 1197 2624 48.
1219 2596 1300 2625 extr.
1329 2594 1495 2625 dicendum
1524 2597 1594 2625 erat
1621 2602 1680 2624 re-

254 2639 335 2668 tquae
372 2640 472 2661 acere.

311 2681 404 2716 netz-*J
425 2683 478 2710 111.
500 2682 528 2711 1.
549 2682 578 2710 7.
598 2682 651 2711 ubi
672 2683 768 2717 vulgo
788 2682 861 2710 mim·
880 2688 936 2718 pro
957 2682 1007 2712 mi.

309 2729 356 2767 †)
377 2730 515 2758 AdverS.
535 2730 591 2766 lib.
610 2732 679 2760 XV.
698 2737 767 2766 cap.
789 2730 818 2759 7.

309 2776 383 2816 ††)
404 2779 457 2806 111.
477 2778 507 2814 3,
530 2779 581 2808 48.

307 2826 408 2866 -Η--ξῆ
437 2828 525 2856 Haec
544 2829 693 2861 leguntur
713 2826 775 2856 iam
796 2826 828 2855 in
849 2827 923 2856 edit.
945 2828 1062 2862 Gryph.
1084 2827 1176 2857 1535.
1202 2825 1264 2856 nist
1287 2825 1370 2862 quod
1386 2824 1497 2861 furtim
1525 2831 1582 2861 pro
1600 2824 1676 2860 fur-

230 2863 354 2900 timque.
393 2866 525 2895 Taunus.
546 2867 707 2895 muretum
726 2868 865 2896 secutus.
906 2868 1017 2895 FAESI.
