1778 3096
513 131 616 174 Llss.
646 131 740 172 XV.
800 130 918 171 CAP.
950 132 1059 173 XIV.
1425 132 1507 177 347

73 250 136 281 aut
159 243 236 281 sale
264 243 392 280 aliisve
420 239 538 279 modis
568 240 737 280 condiri:
768 243 970 280 mitescunt
997 249 1119 280 autem
1152 255 1196 281 ac
1227 250 1508 294 concoquuntur

73 305 241 349 tempore
279 304 315 335 et
349 296 396 334 ad
436 296 661 334 vescendum
697 297 804 334 utiles
847 298 951 334 fiunt.
1020 297 1084 335 Sic
1125 299 1341 348 sapientiam
1379 299 1431 336 ait
1468 300 1507 337 iu

73 353 265 391 iuvenibus
293 353 520 389 immaturam
551 364 661 390 esse:
695 350 920 402 procedente
950 359 1072 390 aetate
1097 353 1239 391 condiri
1269 366 1314 391 ac
1345 355 1509 404 mitigari

73 408 250 459 quasique
280 413 545 444 maturescere.
605 407 649 444 In
683 406 809 443 eadem
841 413 962 443 autem
1001 407 1124 445 fabula
1153 408 1328 446 iocularis
1361 410 1508 459 quidam

72 475 225 507 versuS,
255 462 316 512 qui
343 474 364 499 a
393 461 556 499 Stasimo
585 462 856 512 pronuntiatur,
890 468 928 499 et
955 469 1129 513 corrupte
1158 463 1318 514 legitur,
1350 471 1387 502 et
1413 465 1510 503 male

74 517 280 569 explicatur
293 515 358 568 ἢ.
417 516 621 559 Lambinus
651 516 721 553 hoc
751 515 882 553 modo:

238 583 361 621 Coena
390 583 483 620 llaec
513 594 663 621 annona
692 587 771 627 est,
802 583 884 619 sine
911 581 1034 619 sacris
1061 581 1267 621 hethdetas

72 653 110 685 et
150 647 326 697 exponit,
373 647 502 686 Coena
539 648 632 686 haec
668 654 726 685 est
763 648 881 685 instar
928 659 1111 684 annonae.
1180 648 1233 685 At
1269 647 1509 703 Lipsius*'⁵)

72 700 381 754 ε’ρωτηματικῶςε
420 705 545 742 Coena
579 704 672 742 haec
705 715 754 741 an
783 716 859 740 non
891 702 978 740 est?
1033 701 1118 753 Ego
1150 711 1316 743 veterem
1351 706 1511 757 scriptu-

72 770 151 795 ram
183 758 350 795 retineo:

243 825 391 869 Coena,
424 824 497 861 hac
526 836 697 869 annona,
731 829 787 861 est
816 823 897 860 sine
926 823 1049 860 saeris
1078 824 1286 862 hereditas.

72 888 146 927 Est
173 896 294 928 autem
331 890 405 927 lzac·
442 902 592 928 annona
629 886 831 934 ablativus,
872 894 912 925 ut
940 889 1173 938 grammatici
1208 889 1319 940 vulgo
1358 889 1514 942 loquun-

73 951 156 991 tur,
201 945 413 992 absolutus3
459 952 498 982 et
536 945 606 982 hoc
647 943 855 994 signifieat,
903 943 974 981 hac
1011 956 1180 981 annonae
1221 945 1378 984 caiitatc
1416 958 1511 997 quae

74 1013 171 1039 nunc
200 1007 272 1039 est.
332 999 397 1037 Sic
426 999 517 1037 a11b1
530 996 658 1050 ὴῖζηέζφ)

237 1067 379 1105 Mirum
406 1072 464 1103 est
491 1066 580 1104 lolio
609 1065 783 1103 vzmctetare
813 1070 872 1112 te,
908 1071 983 1103 tam
1012 1065 1081 1103 vile
1106 1065 1258 1104 trztz‘co:

75 1128 115 1168 id
144 1137 224 1177 est,
253 1143 337 1171 cum
366 1131 527 1169 triticum
556 1138 628 1169 tam
657 1130 731 1170 vile
757 1131 819 1168 sit.

558 1249 846 1288 CAPUT
900 1249 1028 1289 XIV.

145 1328 288 1367 Notata
317 1327 499 1379 quaedam
525 1328 628 1378 apud
648 1328 807 1373 Livium,
840 1328 877 1365 in
906 1326 1041 1378 quibus
1068 1326 1148 1378 ipse
1174 1325 1252 1364 sz'bz’
1269 1339 1449 1378 pugnare

614 1383 739 1420 vider-z·
761 1389 888 1433 potest
903 1381 972 1435 †).

74 1460 215 1527 len,
246 1480 485 1520 historiarum
510 1482 703 1532 scriptoris
733 1480 971 1519 disertissimi
1001 1493 1045 1519 ac
1068 1480 1335 1531 copiosissimi,
1365 1494 1515 1519 errores

77 1535 251 1587 quosdam
291 1537 432 1574 notavit
470 1537 555 1574 olim
584 1538 813 1575 Laurentius
843 1536 951 1574 Valla
966 1535 1073 1588 ††)‚
1111 1549 1222 1573 unum
1255 1537 1366 1573 etiam
1407 1536 1516 1574 homo

78 1591 349 1629 eruditissimus
375 1592 536 1643 mihique
555 1592 816 1637 amicissimus,
837 1590 994 1629 Carolus
1015 1590 1192 1640 Sigonius
1207 1590 1338 1643 Ἰ--Ῑ-ἦ),
1360 1591 1422 1642 qui
1446 1591 1517 1630 hoc

77 1653 244 1697 tempore
276 1654 414 1684 tantum
445 1647 481 1684 in
504 1647 603 1684 Livii
631 1647 823 1684 annalibus
853 1646 1052 1697 praestitit,
1077 1653 1249 1696 quantum
1274 1648 1336 1684 vix
1363 1659 1517 1697 sperare

77 1702 135 1739 fas
163 1708 257 1739 erat.
318 1703 529 1752 Supersunt
567 1708 605 1741 et
633 1702 718 1747 alii,
758 1714 848 1752 quos
882 1708 1010 1738 notare
1047 1714 1119 1737 non
1149 1702 1195 1738 ab
1226 1715 1267 1739 re
1298 1702 1436 1748 fuerit,
1478 1709 1520 1739 ut

77 1756 299 1794 incendatur
319 1757 559 1795 scribentium
582 1756 785 1802 industria,
817 1764 853 1794 et
875 1763 914 1793 ut
936 1755 1167 1806 intelligatur
1190 1753 1232 1795 τὸ
1256 1753 1520 1809 ἀναμάρτητον

78 1813 197 1850 maius
226 1811 396 1864 quiddam
422 1825 524 1858 esse,
556 1826 661 1863 quam
687 1819 728 1849 ut
757 1812 802 1849 ab
833 1811 980 1848 homine
1009 1812 1193 1862 praestari
1221 1819 1345 1862 queat.
1401 1812 1519 1850 Libro

77 1867 194 1917 igitur
222 1868 405 1904 annalium
443 1875 571 1919 quarto
586 1867 633 1920 ᾗ)
673 1868 794 1904 multis
833 1867 1064 1918 argumentis
1094 1865 1228 1913 docet,
1274 1880 1403 1905 errare
1434 1881 1517 1913 eoS‚

79 1923 141 1973 qui
171 1922 342 1969 tradunt,
373 1923 424 1960 A.
458 1922 672 1961 Cornelium
703 1921 886 1968 Cossum,
927 1922 1113 1960 tribunum
1146 1923 1322 1969 militum,
1355 1922 1522 1960 secunda

79 1977 202 2024 opima
224 1978 342 2028 spolia
361 1978 458 2016 lovis
477 1978 642 2016 Feretrii
667 1978 801 2029 templo
823 1977 1009 2016 intulisse.
1055 1977 1109 2014 At
1128 1977 1259 2015 eodem
1282 1978 1319 2015 in
1341 1978 1436 2015 libro
1449 1977 1520 2030 ²³2³)

78 2032 198 2070 Mam.
228 2033 428 2070 Aemilium
456 2032 640 2071 dicentem
673 2033 786 2080 facit,
816 2047 856 2071 se
886 2033 1040 2071 eundem
1071 2033 1293 2071 dictatorem
1323 2047 1427 2079 esse,
1460 2046 1523 2083 qm

80 2095 169 2126 ante
200 2089 407 2126 Vei‘entzum
435 2090 770 2139 Fzmderzatzumque
800 2089 987 2126 admnctz's
1014 2089 1196 2134 Faliscis,
1228 2089 1280 2125 ad
1302 2090 1523 2127 Nomentum

80 2145 273 2181 eaeerczlus
291 2143 465 2195 fuderim
498 2151 535 2182 et
561 2146 781 2194 magestrum
809 2145 989 2193 equitum,
1018 2146 1073 2181 A.
1109 2145 1336 2190 Cwffelmm,
1367 2145 1523 2181 eundem

81 2199 121 2237 in
146 2200 229 2236 acie
246 2198 356 2250 sore,
387 2201 455 2249 quz'
474 2201 606 2251 priore
619 2174 730 2238 obello
761 2199 936 2237 trzbunus
964 2199 1137 2245 mmmm,
1170 2202 1289 2238 Larte
1314 2200 1521 2245 Tolumnio,

155 2308 200 2344 κε)
221 2310 258 2337 11.
279 2307 310 2345 4,
331 2309 382 2337 83.

157 2357 226 2392 ὅτε-εκ)
248 2357 388 2385 Lection.
407 2356 516 2393 Antiq.
537 2359 560 2386 Ι.
580 2357 610 2387 5.

157 2404 251 2440 *at-³3)
272 2405 338 2434 Mil.
359 2406 443 2434 Glor.
463 2407 501 2434 11.
520 2406 551 2443 3,
572 2406 624 2435 50.

160 2451 206 2489 †)
227 2453 275 2480 De
289 2452 386 2482 totius
406 2453 499 2483 huius
516 2453 630 2487 canitis
650 2455 832 2486 argumento
852 2453 918 2483 vid.
933 2453 1124 2482 Lachmann.
1145 2452 1184 2481 de
1201 2451 1340 2482 fontibus
1356 2452 1525 2482 Historiar.

83 2489 180 2519 Livii.
210 2490 383 2520 comment.
403 2493 441 2520 11.
463 2491 621 2526 (Gottina.
642 2493 752 2526 1828.)
774 2495 805 2526 ἥ.
827 2493 877 2519 25.
899 2498 971 2526 pag.
992 2492 1032 2519 76
1052 2498 1120 2525 sqq.
1156 2492 1290 2520 Becker.
1323 2492 1525 2519 Vorarheiten

85 2535 126 2555 zu
146 2528 230 2555 einer
252 2528 359 2556 Gesch.
380 2531 434 2557 des
459 2535 532 2563 pun.
555 2530 686 2564 Krieqes
713 2529 745 2557 in
772 2529 966 2558 Dahlmanni
994 2536 1091 2564 opere
1116 2529 1410 2564 praestantissimo:
1441 2530 1525 2557 For-

85 2565 237 2599 schunyen
257 2568 315 2594 cet.
336 2567 374 2595 Π.
396 2573 468 2601 pag.
487 2567 528 2595 68
547 2574 596 2601 sq.
616 2567 657 2595 89
676 2574 723 2602 sq.
746 2568 816 2597 119.

162 2610 234 2650 ††]
255 2615 290 2641 In
309 2614 470 2649 Disputat.
490 2615 562 2643 adv.
580 2614 706 2643 Livium
723 2615 766 2650 (Ι.
785 2614 856 2650 46.)
877 2614 915 2642 de
933 2614 1053 2643 duobus
1068 2614 1249 2649 Tarquiniis
1263 2613 1348 2651 [vid.
1361 2614 1409 2644 ed.
1424 2615 1526 2644 Drak.

86 2652 175 2681 Tom.
196 2652 263 2681 vn.
284 2658 356 2686 pag.
380 2652 581 2687 150—154.)
602 2655 634 2681 et
652 2653 829 2681 Emendatt.
849 2652 881 2681 in
901 2652 972 2680 Liv.

160 2698 261 2738 †·i·†]
284 2700 471 2744 §ignificare
497 2700 624 2729 videtur
642 2701 745 2729 locum
764 2700 851 2743 pivii
870 2700 924 2729 lib.
944 2701 1040 2730 XLII.
1060 2707 1129 2737 cap.
1149 2700 1201 2731 4⁷.
1222 2701 1294 2730 coll.
1321 2706 1392 2730 cum
1411 2699 1465 2730 lib.
1486 2699 1526 2730 V.

84 2745 154 2774 cap.
176 2739 226 2766 27.
266 2738 337 2766 vid.
358 2740 422 2774 Sig.
444 2740 550 2769 schol.
571 2738 625 2767 fol.
644 2739 695 2767 88.
716 2745 745 2766 a.
766 2746 840 2768 uno.
879 2740 992 2767 Fausi.

160 2785 204 2820 *J
225 2792 294 2820 cap.
315 2785 366 2814 20.

162 2833 231 2870 *xz-22)
251 2841 320 2870 cap.
341 2835 394 2864 32.

1543 1547 1606 1577 363
