1778 3096
157 605 220 636 :34⁰

509 594 592 652 M.
637 591 1015 651 ΑΝΤΟΝΙΙ
1059 590 1412 651 MURETI

733 714 764 741 1.
803 713 842 741 C.
881 712 942 740 Ac
980 711 1112 740 CIVIS
1147 713 1189 740 R.

244 822 899 896 VARIARUM
967 821 1684 896 LEGTIONUM

676 972 1050 1017 LIBER
1131 971 1251 1016 XV,

770 1193 1063 1233 CAPUT
1119 1194 1151 1232 1.

287 1276 420 1313 Sermo
450 1273 600 1312 habitas
627 1285 710 1310 cum
741 1273 860 1310 Dario
890 1273 1091 1310 Bernardo
1121 1273 1167 1309 (le
1194 1273 1357 1310 stultitia
1388 1271 1637 1323 quorundam,

664 1328 733 1378 qui
758 1340 798 1364 se
831 1329 1094 1366 Ce‘ceronz'anos
1123 1334 1272 1365 vocant.

245 1407 490 1465 VENERANT
526 1424 572 1464 ad
603 1439 661 1463 mc
688 1426 725 1463 in
758 1425 991 1473 Quirinalem
1007 1423 1053 1477 ἦε)
1084 1424 1230 1463 visendi
1259 1438 1302 1463 ac
1332 1423 1517 1463 salutandi
1556 1437 1690 1463 caussa

247 1483 390 1519 nobiles
420 1483 558 1533 aliquot
587 1481 768 1518 Germani
797 1480 1080 1527 adolescentes,
1122 1481 1183 1530 qui
1214 1493 1294 1517 cum
1326 1487 1439 1518 totam
1469 1492 1583 1531 prope
1613 1480 1690 1517 lta-

248 1537 334 1574 liam
367 1538 659 1587 perlustrassent
684 1548 802 1585 neque
827 1548 1042 1586 quemquam
1070 1535 1149 1572 fere
1177 1536 1519 1585 praetermisissent
1542 1547 1688 1581 eorum,

249 1594 311 1643 qui
341 1605 475 1630 nomen
516 1590 664 1642 aliquod
696 1591 834 1628 habeut
872 1591 907 1627 in
939 1590 1096 1635 litteris,
1142 1591 1228 1640 quin
1266 1602 1348 1627 eum
1387 1589 1587 1635 vidissent,
1632 1602 1691 1628 me

251 1661 419 1699 quoque,
463 1654 502 1684 ut
530 1647 601 1697 ipsi
632 1645 778 1697 quidem
809 1644 1006 1691 dicebant,
1050 1643 1179 1683 eadem
1211 1643 1256 1683 de
1288 1659 1422 1683 caussa
1459 1643 1587 1683 videre
1615 1658 1691 1683 me-

251 1716 407 1753 cumque
448 1702 607 1753 colloqui
645 1702 853 1739 voluerant.
914 1700 1081 1751 Cumque
1122 1701 1193 1751 ipsi
1233 1713 1289 1737 me
1322 1700 1367 1738 de
1408 1699 1540 1738 studiis
1580 1701 1689 1746 meis,

251 1771 323 1807 ego
354 1765 482 1795 contra
519 1770 584 1795 eos
623 1755 669 1794 de
699 1756 927 1794 Germaniae
967 1764 1085 1801 statu,
1124 1756 1242 1806 deque
1273 1756 1341 1801 iis,
1383 1756 1443 1806 qui
1475 1756 1551 1793 illie
1582 1755 1691 1793 hodie

253 1814 391 1850 florere
425 1813 664 1857 dicerentur,
696 1810 851 1849 eruditis
882 1812 1090 1849 hominibus
1121 1812 1416 1861 interrogarem,
1449 1823 1541 1861 quae
1570 1812 1694 1848 cuius-

253 1881 323 1919 que
339 1866 414 1919 ³³⁵³&
453 1875 556 1906 aetas
594 1873 714 1913 esset,
757 1879 849 1917 quae
881 1866 1055 1904 habitudo
1095 1867 1286 1917 corporis,
1330 1879 1423 1916 quae
1462 1866 1609 1903 fortuna
1648 1879 1692 1904 ac

253 1923 416 1961 conditio
445 1921 618 1968 vivendi,
650 1923 687 1959 in
725 1923 856 1972 primis
885 1930 1031 1968 autem,
1065 1923 1210 1973 quinam
1241 1935 1288 1959 ex
1318 1922 1373 1959 eis
1402 1921 1572 1972 patritam
1590 1918 1691 1972 *³353

252 1985 362 2028 atque
394 1980 526 2016 avitam
555 1978 773 2028 religionem
805 1985 1021 2016 constanter
1049 1985 1242 2014 tuerentur
1269 1989 1388 2027 neque
1418 1977 1478 2013 illo
1509 1989 1549 2014 se
1578 1977 1693 2028 pesti-

253 2034 415 2070 ferarum
458 2034 669 2083 opinionum
708 2039 814 2070 aestu
830 2031 880 2084 †)
919 2032 1038 2083 abripi
1070 2034 1258 2069 sinerent:
1303 2032 1405 2069 varie
1433 2032 1525 2077 illis,
1569 2039 1609 2069 ut
1647 2031 1692 2069 de

254 2101 398 2138 quoque
436 2088 656 2137 interrogati
693 2095 819 2132 erant,
865 2087 1174 2138 respondentibus
1212 2100 1283 2124 una
1320 2094 1429 2137 atque
1458 2087 1574 2124 altera
1602 2087 1694 2124 hora

256 2150 473 2194 consumpta
502 2149 571 2180 est.
633 2141 859 2191 Complexus
891 2144 1005 2192 igitur
1043 2143 1123 2179 illos
1155 2148 1192 2179 et
1221 2143 1400 2179 abeuntes
1440 2141 1570 2178 faustis
1601 2142 1693 2178 omi-

255 2199 364 2236 nibus
401 2204 621 2249 prosecutus
660 2197 797 2234 dimisi.
867 2197 1097 2234 Interfuerat
1136 2197 1188 2233 illi
1229 2197 1391 2234 sermoni
1429 2209 1472 2233 ac
1510 2197 1692 2246 colloquio

256 2261 385 2291 nostro
416 2252 556 2290 Darius
586 2250 825 2297 Bernardus,
872 2253 1016 2289 iuvenis
1053 2259 1091 2289 et
1126 2252 1258 2289 festivo
1296 2252 1448 2301 ingenio
1486 2258 1524 2288 et
1554 2253 1692 2289 sanctis

256 2309 365 2359 plane
408 2315 518 2359 atque
568 2306 793 2357 incorruptis
832 2308 1018 2353 moribus,
1066 2308 1150 2358 qui,
1200 2307 1255 2344 eis
1295 2306 1504 2357 digressis,
1550 2307 1694 2346 Verum

331 2423 374 2457 -:::-)
395 2421 440 2450 Ibi
461 2421 627 2450 habitabat
646 2422 799 2450 Muretus,
839 2418 885 2448 Cf.
906 2419 1008 2454 Epist.
1030 2421 1052 2448 1.
1074 2421 1124 2449 85.
1146 2421 1223 2456 Opp.
1245 2422 1333 2450 Tom.
1354 2423 1377 2450 1.
1400 2427 1472 2456 pag.
1491 2420 1564 2450 521.

331 2469 399 2504 ³:÷÷::-)
420 2470 555 2497 XVolfius
577 2477 744 2504 perperam
765 2469 930 2498 cuiusdam.

330 2518 424 2552 222--221-220
440 2519 529 2545 Hauc
547 2517 698 2545 adiectivi
715 2518 846 2546 formam
867 2524 905 2544 ne
920 2517 990 2551 quis
1008 2517 1154 2544 defendat
1176 2516 1338 2546 Ciceronis
1355 2517 1546 2546 auctoritate
1566 2519 1694 2548 Tuscul.

256 2556 348 2590 nisp.
369 2556 422 2583 lib.
444 2557 465 2582 ΙΔ
487 2562 555 2589 cap.
580 2556 625 2583 19.
648 2556 678 2590 ᾗ.
700 2556 750 2584 45.
778 2556 851 2583 Imm:
878 2556 954 2582 euim
982 2556 1178 2588 ymlvlu-itmln
1207 2557 1296 2583 eliam
1325 2556 1355 2582 ’ἰιι
1383 2557 1477 2583 terris
1504 2558 1695 2590 patritam

257 2595 340 2622 illam
361 2594 397 2621 et
416 2594 560 2620 avitam
580 2594 800 2626 philosophiam
886 2594 1048 2620 escum-it.-
1077 2593 1157 2620 >ciat
1177 2600 1247 2620 eam
1268 2594 1306 2620 ab
1329 2593 1445 2621 ofellio
1472 2594 1605 2627 aliisque
1628 2594 1695 2622 iure

257 2635 410 2660 mutatam
431 2638 503 2657 esse
524 2631 554 2658 in
574 2632 717 2664 pam-lum.
749 2633 798 2658 Ac
817 2630 961 2658 simililer
982 2631 1082 2665 iungit
1097 2630 1256 2659 adiectiva
1274 2632 1396 2665 patrius
1417 2633 1448 2659 et
1467 2632 1566 2659 avitus
1583 2632 1694 2661 Cicero

256 2669 289 2698 in
310 2670 401 2698 verr.
422 2667 474 2696 lib.
496 2669 518 2696 Ι.
540 2675 607 2702 cap.
629 2670 657 2696 ὃ.
680 2669 710 2703 §-
735 2669 781 2695 13.

332 2715 377 2754 Ἠ
407 2715 490 2743 Dicit
517 2717 617 2744 bonus
638 2718 779 2744 Muretus
810 2716 974 2744 emendata
1004 2723 1060 2749 per
1087 2716 1258 2744 Lutherum
1289 2716 1418 2750 eius-que
1448 2716 1565 2744 amicos
1591 2723 1693 2754 sacra,

258 2761 339 2787 quae
360 2754 533 2782 catholicae
554 2754 708 2782 formulae
729 2753 850 2782 scilicet
870 2753 1020 2787 pestifera
1043 2761 1114 2781 esse
1135 2762 1194 2781 non
1212 2758 1330 2781 temere
1345 2754 1511 2782 iudicabat.
1547 2755 1614 2781 Non
1634 2755 1696 2782 nii-

258 2792 322 2819 tius
338 2792 476 2825 loquitur
497 2792 534 2819 de
557 2791 606 2827 iis,
629 2792 679 2825 qui
702 2795 835 2825 purgata
855 2798 945 2819 sacra
967 2792 997 2818 in
1015 2791 1118 2819 Gallia
1134 2798 1311 2825 propagare
1331 2792 1509 2827 studebant,
1526 2791 1605 2818 idem
1625 2794 1696 2819 Mu-

260 2831 359 2861 retus
381 2829 465 2857 alias
485 2830 732 2858 humanissimus
753 2832 784 2857 et
805 2829 1003 2863 lenissimus,
1038 2829 1066 2856 in
1089 2830 1173 2857 Orat.
1196 2830 1226 2857 in
1248 2828 1356 2857 sunere
1376 2829 1560 2866 Hippolyti,
1583 2829 1696 2859 Cardi-

258 2866 341 2894 nans
361 2867 517 2903 Estensis,
541 2868 640 2896 Oratt.
662 2868 734 2896 Vol.
757 2868 793 2896 11.
816 2868 866 2896 Or.
889 2868 938 2895 20.
961 2866 1039 2901 Opp.
1062 2868 1148 2894 Tum.
1171 2868 1193 2895 Ι.
1216 2873 1286 2901 pag.
1307 2867 1378 2896 329.
1418 2868 1540 2896 Knarr.
