1726 3106
576 118 672 159 LIB.
700 119 732 157 1.
792 118 912 157 CAP.
945 118 1050 157 XIV.
1485 118 1538 159 19

99 237 179 277 rat3
214 236 380 275 tantum,
418 229 619 275 Solonem,
659 242 742 266 eum
780 226 940 266 delatam
977 227 1047 265 sibi
1079 240 1101 265 a
1130 227 1272 265 civibus
1304 229 1380 266 suis
1410 234 1538 279 tyran-

100 285 224 323 nidem
261 284 420 322 maximo
448 284 570 321 animo
601 284 779 321 reiiceret
808 289 847 320 et
874 289 1161 332 aspernaretur,
1207 296 1228 320 a
1256 284 1376 320 multis
1409 296 1538 333 repre-

100 340 255 378 hensum
302 351 387 376 esse
429 345 467 375 et
502 351 630 389 parum
667 350 780 375 sanae
819 338 955 373 mentis
993 336 1169 373 habitum.
1228 336 1393 374 Aiebant
1422 339 1534 383 enim,

99 392 206 439 eum,
240 394 270 431 si
302 400 477 443 saperet,
511 401 747 443 accepturum
778 392 893 428 fuisse
921 391 1141 442 tyrannida,
1173 391 1232 428 vel
1261 392 1458 442 propositis
1490 392 1536 428 iis

100 449 402 494 conditionibus,
445 461 535 497 quas
573 461 684 497 supra
717 447 970 496 exposuimus.
1033 445 1137 495 Ergo
1183 458 1247 482 eos
1282 447 1537 495 reprehenso-

98 516 178 543 rum
209 516 356 541 suorum
387 515 580 540 sermones
611 503 666 539 his
695 501 862 540 versibus
891 500 1093 538 trochaicis
1119 501 1272 538 inclusit
1302 501 1392 539 Solo
1407 498 1478 551 ³⁰⁵)-

210 575 295 618 Οὔκ
323 577 396 628 ε’φυ
426 576 560 618 Σόλων
587 574 828 644 βαθύφρων,
852 573 944 616 οὐδὲ
968 573 1177 628 βουλευτὴς
1204 573 1314 630 ἀνηρ.

197 630 351 673 Ἐσθλὰ
380 650 429 701 γα
431 650 452 686 ρ
480 637 579 673 θεοῦ
607 630 802 681 διδόντος,
832 628 947 678 αὐτὸς
970 629 1041 670 οὐκ
1069 631 1230 679 ἐδέξατο.

208 686 435 739 Περιβαλών
492 686 501 701 ’
535 685 676 756 ἄγραν,
676 683 889 754 ἆγρευτὴς
917 683 988 726 οὐκ
1017 683 1202 726 ἀνέσπασε
1229 685 1322 739 μέγα

206 744 394 792 Δίκτυον,
406 747 554 808 θυμοῦ
582 741 629 783 θ’
662 736 861 795 ἇμαρτῶν,
890 741 956 781 καὶ
980 745 1133 809 φρενῶν
1162 739 1409 790 ἀποσφαλείς.

192 795 341 838 Ἠθελε
367 795 439 852 γάρ
466 814 533 838 κεν
561 796 768 850 κρατήσας,
794 800 961 837 πλοῦτον
989 794 1169 847 ἄφθονον
1194 797 1336 848 λαβεῖν,

204 853 284 893 Καὶ
302 851 565 921 τυραννεύσας
585 852 768 905 Ἀθηνῶν
798 855 944 919 μοῦνον
963 848 1108 904 ημέραν
1135 852 1242 903 μίαν,

199 905 340 949 Ἀσκὸν
366 907 525 962 ’ὕστερον
553 906 764 962 δεδάρθαι,
792 905 831 948 κ’
862 904 1142 963 ᾇποτετρίφθαι
1175 906 1295 960 γένος.

96 986 230 1037 Neque
272 1000 340 1036 ego
381 986 473 1024 haec
500 986 728 1030 indicarem,
768 985 838 1022 nisi
875 982 1064 1030 viderem,
1103 984 1309 1034 periculum
1342 995 1450 1029 esse,
1486 995 1534 1020 ne

96 1043 195 1093 quis,
228 1042 393 1080 Victorii
422 1042 634 1079 testimonio
665 1042 812 1086 fretus,
843 1052 891 1077 ne
919 1038 1172 1090 quaerendum
1201 1039 1350 1090 quidem
1380 1037 1534 1089 amplius

93 1103 268 1148 putaret,
300 1109 389 1135 vera
418 1103 568 1142 essent,
599 1109 645 1133 an
674 1096 810 1133 minus.

582 1183 865 1254 CAPUT
920 1214 1045 1253 XIV..

166 1294 411 1333 Aristotelem
438 1293 475 1331 ὑὶ
504 1294 735 1344 Ht‘ppodamo
766 1292 1075 1343 reprehendendo
1096 1302 1236 1342 purum
1262 1290 1358 1328 bona
1373 1289 1461 1340 fide

654 1354 842 1386 versatum
873 1361 965 1386 esse.

91 1428 300 1485 mena
327 1446 554 1485 Aristoteles
567 1444 639 1498 we)
681 1446 865 1484 interdum
906 1459 979 1483 non
1014 1446 1104 1483 satis
1132 1445 1228 1481 hona
1260 1442 1330 1481 lide
1360 1443 1534 1481 retulisse

94 1517 223 1543 eorum
261 1504 488 1548 sententias,
534 1515 625 1552 quos
665 1502 895 1552 redarguere
938 1515 981 1539 ac
1017 1499 1295 1551 reprehendere
1325 1500 1531 1536 statuisset.

94 1559 212 1597 Cuius
242 1559 297 1595 rei
329 1558 421 1595 libet
450 1570 547 1595 nunc
576 1558 782 1606 exemplum
816 1558 986 1620 preferre
1017 1569 1153 1601 unum,
1193 1569 1238 1592 cx
1268 1568 1338 1604 quo
1367 1553 1412 1591 de
1443 1553 1536 1590 mul-

94 1616 143 1652 tis
175 1613 353 1650 similibus
390 1613 607 1650 coniectura
645 1613 726 1649 fieri
768 1613 900 1662 possit.
967 1610 1119 1648 Etenim
1159 1610 1222 1647 lib.
1262 1610 1312 1649 II.
1382 1611 1533 1647 Πολιτι-

93 1666 251 1709 ’κῶνῆίῆυέ
242 1666 302 1720 ¹⁶),
325 1667 386 1705 ubi
405 1668 569 1718 exagitat
590 1680 669 1704 eam
692 1667 914 1717 reipublicae
934 1668 1106 1712 formam,
1129 1678 1252 1716 quae
1242 1665 1534 1715 ‘1bHipp0damo

93 1724 247 1762 Milesio
282 1697 497 1772 deseiipta⁰
503 1728 610 1768 erat,
645 1723 697 1759 ait
735 1723 920 1759 civitatem
962 1722 1007 1758 ab
1048 1734 1092 1758 eo
1123 1720 1356 1757 distributam
1386 1732 1470 1757 esse
1496 1719 1533 1756 in

94 1787 172 1817 tres
205 1785 355 1829 partes:
391 1790 523 1827 nempe
551 1778 585 1813 in
608 1778 787 1823 artifices,
819 1778 854 1814 in
883 1777 1067 1827 agricolas
1088 1784 1121 1813 et
1144 1777 1180 1811 in
1205 1775 1355 1812 milites.
1417 1777 1535 1813 Κατε-

93 1831 248 1880 σκεύαζε
277 1831 338 1880 δέ,
378 1833 517 1881 inquit,
562 1828 632 1882 τὴν
668 1830 780 1872 πόλιν
815 1835 866 1871 τῶ
904 1829 1047 1881 πλήθει
1085 1828 1127 1881 μὲ
1113 1846 1151 1868 εν
1181 1829 1438 1897 μυρίανδρον,
1480 1829 1535 1875 εἰς

94 1890 179 1939 τρία
221 1886 262 1927 δὲ
298 1886 390 1938 μέρη
422 1885 671 1941 διῃρημένην·
709 1887 828 1926 ἐποίει
855 1903 927 1940 γαρ
952 1888 998 1925 ἑν
1026 1884 1093 1937 μὲν
1121 1885 1232 1936 μέρος
1268 1885 1454 1935 τεχνίτας,
1489 1885 1535 1923 ἓν

94 1943 136 1984 δὲ
175 1957 385 2006 γεωργους,
422 1943 547 1995 τρίτον
586 1940 627 1980 δὲ
666 1939 708 1981 τὸ
737 1945 1026 1994 προπολεμοῦν,
1064 1940 1130 1980 καὶ
1169 1937 1210 1979 τὸ
1243 1937 1342 1978 όπλα
1371 1939 1456 1990 ε’χον
1467 1938 1531 1991 Γ).

95 1999 204 2046 Quod
241 2000 272 2035 si
309 2010 434 2035 verum
474 2004 597 2041 esset,
642 1997 847 2036 inscienter
882 2010 971 2034 sane
1011 2004 1047 2034 et
1076 1996 1249 2046 imperite
1280 2007 1321 2032 se
1350 1997 1534 2044 gessisset

93 2053 374 2105 Hippodamus,
418 2053 479 2102 qui
516 2053 703 2090 civitatem
743 2053 825 2090 sine
861 2052 1042 2096 consilio,
1083 2058 1255 2101 tanquam
1286 2063 1420 2101 coipus
1451 2050 1534 2086 sine

92 2111 232 2156 animo,
265 2120 350 2146 esse
375 2108 566 2146 voluisset.
627 2107 681 2145 At
712 2120 801 2147 vero
829 2121 903 2146 uon
933 2108 985 2145 ita
1013 2105 1245 2144 inconsultus
1272 2105 1408 2144 fuerat.
1460 2104 1536 2143 Ex-

168 2255 210 2290 ³12)
230 2254 293 2283 Vit.
315 2254 379 2282 Sol.
400 2261 469 2288 cap.
493 2254 541 2283 14.
581 2255 641 2282 Sed
663 2254 846 2284 immutatos
866 2254 919 2283 inv
923 2255 1011 2284 enies
1031 2256 1090 2282 nos
1112 2260 1227 2281 versus
1248 2252 1279 2280 in
1294 2251 1461 2287 praeclara
1478 2250 1517 2280 ἱ
1509 2259 1538 2278 ι-

94 2295 199 2323 tarum
220 2291 402 2320 recensione
424 2291 585 2320 Sintcnisii
607 2293 677 2320 Vol.
701 2295 722 2320 1.
745 2301 813 2327 pag.
841 2294 907 2321 176.
930 2301 971 2321 ex
991 2301 1053 2326 qua
1074 2291 1290 2325 discrepantes
1308 2289 1461 2317 lectiones
1479 2296 1537 2316 no-

94 2341 163 2366 iaie
185 2337 306 2370 placet:
333 2336 413 2362 v.1
434 2326 599 2371 βουλήεις
623 2343 677 2370 pro
702 2328 893 2373 βοιλευτὴς
913 2336 985 2364 libri
1006 2343 1127 2364 onmes
1169 2342 1200 2361 v.
1222 2334 1252 2361 3.
1272 2324 1445 2381 ἅγρευτής
1464 2331 1537 2359 libri

96 2389 224 2416 onmes,
259 2372 434 2417 ἀγασθείς
462 2379 578 2408 Mureti
608 2382 703 2424 alstsiss‘
724 2382 832 2409 Huetii
862 2380 1062 2415 coniectura3
1093 2378 1201 2421 paullo
1230 2381 1304 2409 post
1333 2371 1538 2405 ἀνέσπασεν

95 2426 267 2460 Χ)1.3ιιᾱθι·
306 2431 337 2451 ν.
359 2423 388 2451 4
408 2418 531 2461 θυμοῦ
554 2416 598 2450 θ’
625 2414 766 2464 ἁιιιιρῑῗ]
788 2423 857 2452 libri
880 2422 1016 2456 plurimi.
1058 2429 1089 2449 v.
1111 2424 1139 2450 5
1161 2410 1296 2468 ηθελον
1315 2431 1395 2452 con-
1416 2423 1538 2456 :islan-

95 2471 151 2497 der
179 2469 344 2513 (muretus
373 2467 512 2495 seribere
545 2471 630 2496 certe
658 2469 791 2496 debebat
822 2457 988 2503 ἢθελεν),
1031 2466 1145 2493 deinde
1173 2456 1294 2501 λαβών
1322 2467 1404 2497 libri.
1457 2474 1486 2494 v
1509 2466 1537 2493 7.

97 2504 228 2547 ἀσκός,
260 2512 292 2540 in
319 2512 380 2540 fine
406 2505 631 2550 mmmmm
625 2510 689 2538 θαι
724 2512 797 2541 libri
826 2511 963 2547 plurimi.
1021 2509 1067 2539 Cf.
1098 2511 1224 2538 Solonis
1250 2518 1332 2546 quae
1357 2513 1539 2546 supersunt.

94 2553 152 2582 Ed.
174 2550 239 2579 Nic.
261 2550 408 2578 Baebius.
429 2557 500 2585 pag.
524 2550 582 2579 102
603 2559 650 2585 sq.

170 2599 237 2632 mk)
258 2598 348 2625 Hane
374 2597 620 2632 disputationem
655 2596 854 2631 reprehendit
877 2598 912 2626 P.
932 2595 1092 2625 Victorius
1112 2597 1189 2625 Var.
1210 2598 1298 2625 Leet.
1318 2599 1488 2626 xxxvlll.
1511 2599 1541 2626 2.

95 2640 259 2670 Muretus,
282 2638 314 2663 ut
336 2636 448 2669 potuit,
472 2636 632 2670 respondit
652 2636 727 2662 var.
750 2637 837 2663 Lect.
857 2636 923 2662 XV.
948 2635 996 2662 18.
1037 2635 1098 2662 Sed
1119 2635 1236 2662 Mureti
1258 2635 1452 2664 sententiam
1471 2643 1540 2665 me-

95 2676 176 2711 lius,
200 2679 294 2708 quam
314 2672 383 2706 ipse
404 2672 538 2708 fecerat,
562 2673 699 2701 defendit
720 2674 758 2700 H.
780 2672 930 2701 Valesius
951 2673 1117 2701 Emendat.
1138 2673 1190 2701 IV.
1213 2671 1265 2701 10.
1302 2673 1341 2701 D.
1362 2674 1399 2702 R.

169 2721 261 2756 aex-212)
282 2727 352 2754 cap.
377 2720 397 2749 6
418 2720 485 2755 (5).
507 2721 576 2749 vol.
597 2723 635 2749 ιι.
657 2727 728 2755 pag.
750 2720 850 2757 1267,
872 2720 923 2749 30.
946 2721 1049 2749 Bekk.

168 2781 213 2816 †)
235 2779 287 2807 Sic
311 2775 428 2805 Victor.
477 2774 539 2802 sed
574 2775 655 2809 quod
684 2775 714 2802 in
744 2774 818 2803 aliis
846 2772 1038 2803 editionibus
1057 2772 1196 2804 Aristot.
1225 2773 1386 2806 invenitur
1409 2771 1469 2804 καὶ
1498 2769 1539 2805 τὰ

94 2817 188 2853 ὅπλα
215 2818 322 2863 ἔχον,
341 2816 464 2852 recepit
483 2824 582 2851 nuper
602 2818 781 2846 Bekkerus.
1194 2855 1259 2895 2*

1556 1621 1598 1649 23
