1778 3096
506 159 607 198 LIB.
641 158 774 198 XVII.
835 157 954 198 CAP.
987 158 1059 199 IX.
1426 160 1508 203 403

68 269 215 309 laudato
244 270 591 321 peregrinationes,
632 268 698 307 sed
739 269 819 320 ipse
855 276 891 307 te
920 269 1018 308 domi
1053 271 1258 308 contineto.
1317 270 1378 307 An
1408 271 1507 309 aliud
1534 277 1598 305 423

67 326 219 364 laudare
249 326 432 370 iubemur,
459 324 557 362 aliud
592 323 727 375 sequi?
777 324 827 362 At
855 325 953 362 aliud
984 327 1020 363 in
1053 338 1135 372 ore,
1160 325 1258 363 aliud
1288 325 1325 362 in
1355 333 1506 376 pectore

66 381 206 419 habere
222 378 293 432 ᾗς),
339 381 588 429 turpissimum
620 387 691 417 cst.
751 378 803 416 Et
833 387 954 417 tnmcn
993 381 1104 417 multa
1143 381 1227 418 talia
1259 387 1343 418 sunt
1379 384 1505 431 poe'ta-

66 449 168 474 rum·
211 442 251 473 ut
281 434 367 472 illud
387 435 557 472 Hesiodi
575 433 673 486 Μζ),
715 434 932 471 laudandam
964 447 1047 472 esse
1079 449 1227 485 parvam
1254 436 1398 484 navim,
1438 435 1505 474 sed

65 503 211 531 merces
241 491 279 527 in
309 503 476 540 magnam
503 488 768 541 imponendas,
802 496 841 526 et.
869 489 937 526 hoc
964 490 1113 539 Virgilii
1132 488 1257 543 ἢῆ),

614 578 668 584 --
696 556 872 593 Laudato
900 556 1070 604 ingentia
1100 567 1218 593 νἐιιια

339 611 530 660 Ewgwmm
561 612 685 648 caleto.

61 685 114 724 Et
143 685 253 724 hodie
293 687 329 724 in
360 687 466 725 ltalia
503 688 675 724 usitatum
713 693 773 723 cst
810 685 930 723 simile
963 684 1198 736 proverbium
1230 687 1500 736 agricolarum:

62 741 263 779 laudandos
293 749 457 788 montes,
502 742 567 779 sed
597 755 617 779 a
648 741 798 792 planitie
832 755 904 778 non
943 740 1207 780 recedendum.
1270 741 1437 793 Capitale
1465 743 1503 779 in

63 796 194 834 eodem
226 809 367 847 genere
397 797 484 834 illud
515 797 711 848 Sophoclis
729 795 803 849 -Ῑ-ε)
837 795 1055 834 laudandam
1088 796 1287 843 iustitiam,
1319 797 1385 835 sed
1415 797 1504 837 hae-

63 851 217 890 rendum
247 853 374 890 lucro:

774 900 820 945 τὰ
849 903 917 957 μὲν

282 958 413 1001 Aina?
451 960 619 1010 ἐπαίνει,
649 964 718 1000 τοῦ
747 960 788 1000 δὲ
814 960 1027 1015 κερδαίνειν
1058 958 1156 1012 ἔχου.

61 1037 99 1076 Α
137 1051 208 1089 quo
244 1046 442 1090 praecepto
481 1040 589 1077 etiam
626 1038 892 1089 improbissimi
928 1038 1064 1084 verbo,
1112 1051 1153 1076 re
1187 1044 1225 1075 et
1261 1037 1368 1075 factis
1399 1050 1446 1075 ne
1475 1037 1502 1074 ii

62 1094 230 1144 quidem,
281 1095 341 1144 qui
383 1095 468 1132 boni
506 1095 576 1131 viri
617 1094 823 1139 habentur,
871 1107 999 1131 ornnes
1038 1094 1254 1131 abhorrent.
1323 1091 1502 1143 Nunquid

61 1149 199 1197 igitur,
244 1156 282 1185 ut
310 1150 415 1186 aliam
457 1157 595 1187 vestem
629 1148 868 1187 domesticam
899 1149 1097 1194 habemus,
1143 1149 1250 1186 aliam
1286 1147 1499 1185 forensem:

61 1204 112 1240 ita
148 1204 218 1241 alia
269 1204 350 1241 aliis
392 1204 641 1250 laudabimus,
697 1204 768 1242 alia
808 1205 879 1254 ipsi
926 1203 1257 1242 consectabimur‘?
1325 1203 1384 1239 An
1431 1203 1501 1240 hoc

60 1259 182 1308 potius
223 1259 433 1308 significant
473 1267 600 1296 vetera
639 1259 700 1296 illa
727 1261 872 1309 poetica
913 1259 1109 1309 proverbia
1125 1258 1232 1311 ·1·†)·
1276 1269 1356 1294 cum
1388 1270 1502 1307 saepe

61 1314 187 1350 variae
228 1326 272 1350 ac
313 1314 535 1364 multiplices
574 1314 648 1351 sint
687 1314 873 1351 hominum
913 1314 1146 1358 sententiae,
1198 1313 1248 1349 ita
1290 1319 1329 1349 ut
1369 1312 1500 1350 eadem

60 1368 122 1406 alii
154 1367 325 1414 laudent,
366 1369 429 1405 alii
467 1370 701 1419 vituperent,
743 1381 951 1418 gravesque
986 1367 1169 1405 interdum
1207 1368 1423 1404 inimicitiae
1454 1380 1502 1405 ex

61 1423 242 1461 eiusmodi
281 1422 576 1461 dissensionibus
606 1425 795 1468 oriantur,
836 1423 974 1460 debere
1007 1436 1072 1460 nos
1102 1424 1229 1460 sinere
1260 1435 1502 1472 unumquem-

61 1490 131 1529 que
158 1478 294 1515 iudicio
325 1492 391 1515 suo
425 1480 490 1523 uti,
514 1487 552 1517 et
581 1479 702 1529 potius
733 1492 837 1529 quam
870 1479 978 1515 ullam
1012 1478 1290 1515 dimicationem
1321 1485 1384 1514 aut
1412 1490 1501 1514 con-

60 1534 264 1571 tentionem
306 1535 573 1584 suscipiamus,
615 1533 765 1571 laudare
806 1532 978 1570 iudicium
1016 1534 1155 1583 ipsius3
1196 1531 1262 1570 sed
1303 1538 1424 1569 tamen
1463 1531 1500 1570 id

61 1587 157 1638 quod
189 1589 363 1639 optimum
394 1596 475 1634 est,
506 1588 642 1639 sequi‘?
700 1589 754 1625 lta
785 1588 871 1624 mihi
901 1587 1045 1638 quidem
1079 1587 1238 1626 videtur.
1292 1585 1342 1624 Et
1373 1595 1501 1625 cetera

61 1643 207 1694 quidem
239 1643 309 1680 hoc
350 1656 462 1680 sensu
492 1644 612 1693 accipi
641 1650 800 1694 queunt:
848 1643 1094 1693 Sophocleum
1128 1642 1215 1679 illud
1246 1655 1318 1679 non
1350 1649 1496 1693 potest:

60 1711 181 1749 noque
209 1698 280 1735 alia
312 1699 457 1736 ratione
489 1712 667 1736 summum
698 1701 841 1748 poetam
871 1697 1021 1735 defendi
1050 1711 1161 1749 posse
1192 1697 1368 1743 arbitror,
1392 1711 1500 1748 quam

59 1760 99 1790 ut
128 1753 309 1798 dicamus,
341 1766 423 1790 eum
455 1753 629 1791 habuisse
660 1754 840 1790 rationem
875 1752 1018 1797 decori,
1049 1760 1086 1791 et
1116 1754 1336 1790 sententiam
1373 1760 1501 1803 protu-

60 1808 149 1847 lisse
168 1808 450 1847 convenientem
470 1810 506 1847 ei
527 1821 726 1861 personae,
739 1822 833 1860 quae
852 1816 927 1846 tum
946 1809 1099 1860 loquens
1121 1807 1500 1861 induceretur†·††).

568 1928 855 1968 CAPUT
911 1929 990 1969 IX.

65 2006 256 2044 Ceceronz's
284 2006 522 2043 Di‘vz‘nateone
551 2007 587 2043 z'n
616 2009 769 2045 Verrem
799 2009 936 2046 locutio
967 2013 1101 2045 contra
1130 2007 1295 2045 Asconii
1319 2005 1506 2045 Paedt‘anz

510 2064 731 2100 sententeam
763 2063 979 2114 defenditur·
989 2061 1048 2110 ⁸).

61 2124 332 2185 PRINCIPIUM
370 2146 608 2187 divinationis
645 2150 681 2187 in
707 2150 866 2188 Verrem
906 2149 1016 2188 hodie
1054 2150 1091 2187 in
1132 2148 1301 2186 omnibus
1339 2147 1500 2199 vulgatis

62 2202 167 2240 libris
198 2201 398 2254 depravate
419 2204 555 2255 legitur
576 2205 669 2243 boc:
701 2208 851 2257 Siquis
873 2213 1051 2252 vestrum,
1075 2206 1236 2250 iudices,
1261 2212 1329 2242 aut
1355 2217 1498 2249 eorum,
1526 2214 1588 2244 424

136 2311 180 2345 ἰὴτ]
203 2311 249 2340 Cf.
270 2312 399 2340 sanast.
423 2312 517 2342 Catii.
537 2320 606 2349 cap.
628 2314 676 2344 10.
696 2315 728 2351 S.
747 2315 778 2345 5.
805 2316 891 2344 aliud
909 2316 1045 2344 clausum
1065 2314 1097 2341 in
1114 2313 1258 2348 pectore,
1287 2313 1371 2341 aliud
1390 2313 1421 2341 in
1440 2313 1501 2342 lin-

61 2355 122 2384 qua
139 2351 293 2383 promtum
311 2351 433 2378 habere.

136 2402 204 2437 ἐντ’)
219 2393 317 2453 Ἐργ.
338 2399 399 2430 καὶ
415 2395 501 2444 Ἶ-Ῑμ.
521 2411 551 2433 v.
565 2404 636 2432 651.
659 2406 706 2434 ed.
723 2407 839 2442 Spohn.
859 2406 931 2436 613.
948 2407 995 2436 ed.
1014 2405 1132 2435 Goettl.
1154 2396 1207 2441 νῆ’
1228 2397 1353 2443 ὀλίγην
1373 2399 1502 2440 αἰνεῖν,

63 2438 206 2487 μεγάλῃ
232 2442 262 2475 ‹5‘
291 2443 344 2476 ἑνὶ
369 2446 502 2489 φορτία
526 2444 675 2477 θέσθαι.

137 2498 160 2522 ³2:-
152 2497 232 2533 ³²³³)
254 2500 366 2532 Georg.
387 2500 424 2527 11.
445 2499 517 2527 412.

137 2542 183 2580 †)
211 2545 305 2579 Apud
335 2546 452 2575 Athen.
473 2547 527 2576 lib.
550 2548 602 2575 m.
624 2554 694 2581 pag.
719 2547 787 2576 122.
810 2546 844 2576 C.
884 2545 1033 2576 Refertur
1059 2545 1144 2576 inter
1170 2546 1348 2583 fragmenta
1376 2546 1502 2576 fabulae

62 2583 240 2620 Αἰθίοπες
261 2588 451 2627 inscriptae,
482 2590 547 2618 vid.
568 2590 708 2619 Dindorf.
729 2591 817 2619 Poet.
840 2592 891 2620 Gr.
913 2592 1003 2618 Scen.
1024 2592 1149 2625 Fragm.
1170 2598 1242 2626 pag.
1262 2591 1313 2620 30.
1334 2598 1363 2618 n.
1385 2590 1434 2619 26.

62 2682 78 2705 r
101 2676 111 2704 t
138 2636 226 2704 {nl-JK
241 2639 350 2673 Neque
369 2640 476 2668 tamen
497 2646 606 2668 veram
632 2641 744 2668 horum
764 2639 1002 2675 proverbiorum
1023 2639 1088 2668 vim
1113 2640 1259 2675 attigisse
1287 2640 1411 2669 videtur
1431 2641 1504 2669 Mu-

81 2683 98 2704 e
115 2683 151 2704 us
228 2683 313 2705 aasz.

139 2727 241 2766 ἦ--ι--Η
269 2728 467 2758 praecedunt
493 2736 544 2764 ap.
573 2730 761 2765 Sophoclem
789 2731 889 2759 verba
918 2721 963 2758 σύ
989 2722 1026 2757 δ’
1054 2722 1160 2764 αὐτὸς
1186 2723 1338 2771 ὥςπερ
1364 2724 1407 2760 οἱ
1434 2735 1507 2761 σο-

64 2769 150 2814 φοὶ
175 2769 218 2802 ιὰ
243 2767 315 2813 μὲν
341 2768 412 2802 ‹51¹2-
440 2775 498 2802 cet.

61 2862 89 2890 Ρ
107 2824 190 2889 αὐ)
207 2823 373 2854 Divinatio
403 2823 461 2853 illa
490 2831 572 2853 nunc
601 2823 782 2853 inscribitur
807 2824 840 2852 in
870 2825 905 2859 Q.
929 2823 1104 2853 Caecilium.
1142 2825 1266 2855 Deinde
1291 2826 1510 2862 corrigendum

89 2870 106 2891 e
127 2862 199 2892 zani.

1129 2899 1184 2940 2ss
1199 2898 1225 2926 ἐκ
