1778 3096
710 156 827 198 CAP.
859 156 933 198 lx.
1455 157 1536 200 455

102 284 183 310 mus
211 281 339 309 vocem
368 277 547 306 munuum
575 265 809 313 redundare,
847 266 943 318 quod
970 273 1008 305 et
1043 280 1111 318 per
1139 280 1180 305 se
1210 274 1337 318 patere
1365 275 1530 318 poterat:

102 335 141 365 et
170 327 206 364 in
237 332 401 363 extremo
432 322 642 374 legendum,
666 323 765 360 nihil
790 325 968 361 momente·
991 323 1155 362 habeat.-
1193 322 1289 374 quod
1314 336 1394 360 eum
1419 324 1530 361 libra—

100 382 180 419 rius
210 380 424 430 scripsisset
454 392 521 430 per
551 379 642 428 sigla
672 377 741 415 hoe
772 377 901 423 modo,
931 389 973 415 N.
1004 390 1050 415 M.
1079 390 1150 424 IL,
1181 379 1232 415 ita
1259 386 1527 428 exposuerunt,

97 437 238 474 nullius
274 436 450 472 momente·
483 434 682 471 habeatur.
755 431 832 469 Sed
868 432 1076 470 Aecursius
1114 432 1300 478 ostendit,
1343 446 1383 470 se
1421 447 1528 471 usum

98 490 369 528 Institutionum
402 490 518 534 libro,
558 489 593 525 iu
622 501 692 538 quo
721 488 843 524 omnia
872 487 918 524 ad
949 488 1098 525 verbum
1132 489 1183 525 ita
1213 489 1351 539 scripta
1381 496 1525 532 esseut,

96 546 200 582 utin
233 543 459 590 pandectis,
501 544 572 581 nisi
606 541 702 592 quod
739 543 813 579 illie
843 551 1060 580 accusatum
1095 543 1256 592 legitur,
1296 557 1369 580 non
1399 550 1438 580 ut
1467 543 1526 581 hie

95 600 336 637 maculatum.
398 600 534 637 Cetera
570 611 661 646 ergo
698 596 826 635 eodem
863 596 968 634 modo
998 597 1194 648 utrubique
1226 599 1386 648 legenda
1425 606 1525 646 sunt,

92 654 161 692 sed
183 655 253 691 hoe
272 663 495 704 postremum
523 653 758 690 dubitationis
780 651 914 702 aliquid
939 652 1050 689 habet
1070 666 1141 690 non
1161 660 1299 691 tantum
1322 654 1359 691 in
1380 654 1524 699 verbis,

92 722 221 747 verum
261 711 370 747 etiam
407 711 444 746 in
482 708 678 745 sententia.
738 706 833 744 Nam
870 707 1077 745 Aeeursius
1113 710 1338 746 maculatum
1375 708 1523 759 quidem
1546 719 1607 747 512

91 764 204 814 legit,
239 764 304 802 sed
336 771 548 803 accusatum
579 764 866 813 interpretatur,
899 775 1018 813 neque
1047 761 1277 809 dissimulat,
1316 777 1400 800 esse
1430 765 1522 801 alios

91 819 224 864 libros,
255 820 291 856 in
323 820 451 871 quibus
478 819 623 867 legatur
646 824 878 863 accusatum,
903 817 1109 855 cuiusmodi
1138 830 1209 868 ege
1238 831 1382 869 quoque
1413 832 1523 858 uuum

91 874 234 911 habeo:
269 882 320 919 et,
344 887 388 911 ne
419 873 536 910 dicam
567 872 668 918 dolo,
694 879 833 909 rectam
862 885 904 910 ac
933 886 1059 910 veram
1082 886 1169 910 esse
1199 885 1279 910 eam
1303 875 1523 924 scripturam

90 936 193 980 puto.
260 928 543 967 Eruditissimus
585 935 707 965 tamen
752 927 859 964 huius
903 928 986 965 aevi
1027 929 1316 966 Iurisconsultus
1334 928 1382 978 ²²²)
1426 930 1522 967 illam

91 984 244 1021 alteram
282 992 407 1021 tuetur
444 985 560 1021 fretus
589 983 808 1022 auctoritate
842 983 1071 1021 Graecorum
1090 982 1189 1035 Μ),
1231 984 1289 1034 qui
1322 985 1373 1021 ita
1408 985 1522 1022 inter-

90 1046 300 1090 pretantur,
332 1038 460 1090 ἔνοχον
488 1035 581 1078 ὄντα
605 1042 651 1092 τῇ
680 1038 848 1092 μοιχείᾳε
880 1046 917 1076 et
941 1038 1037 1090 quod
1061 1039 1197 1089 alioqui
1225 1047 1407 1089 pugnaret
1429 1039 1522 1077 hacc

91 1095 303 1131 constitutio
333 1108 413 1131 eum
445 1097 469 1133 l.
496 1107 595 1132 reos.
629 1094 676 1131 C.
700 1095 751 1131 ad
772 1095 891 1143 legem
915 1096 1047 1132 Iuliam
1078 1096 1123 1132 (le
1145 1095 1264 1133 adult.
1282 1093 1393 1146 ΜΨ).
1444 1094 1523 1133 Sed

89 1149 179 1185 mihi
221 1149 368 1200 quidem
406 1150 538 1186 mirum
580 1149 746 1192 videtur,
794 1148 976 1199 quomodo
1015 1149 1089 1186 diei
1131 1150 1271 1200 possit,
1323 1151 1522 1188 manifesto

87 1205 210 1241 teneri
247 1204 418 1242 adulterii
456 1217 603 1242 servum
641 1203 827 1256 pendente
860 1204 979 1243 adhue
1014 1203 1168 1242 iudicio.
1226 1204 1287 1242 An
1317 1205 1414 1243 forte
1450 1206 1523 1243 iam

89 1258 137 1296 de
166 1260 306 1309 flagitio
336 1261 386 1297 ita
417 1261 657 1305 constiterat,
690 1267 728 1296 ut
759 1258 904 1297 dubium
935 1274 1004 1297 non
1036 1267 1160 1305 esset,
1191 1261 1276 1310 quin
1307 1274 1391 1298 mox
1421 1259 1525 1298 dam-

88 1313 231 1351 nandus
265 1315 382 1358 foret,
423 1328 542 1365 neque
573 1317 766 1366 quicquam
804 1315 970 1353 restabat
1007 1314 1131 1362 aliud,
1174 1316 1245 1352 nisi
1280 1322 1321 1352 ut
1361 1316 1524 1354 ferretur

82 1370 301 1407 sententia?
367 1370 481 1407 Immo
517 1383 606 1408 vero
644 1370 796 1408 evenire
834 1377 1000 1421 poterat,
1045 1377 1085 1407 ut
1121 1370 1399 1408 absolveretur:
1451 1385 1523 1423 quo

87 1424 168 1474 ipso
208 1438 295 1462 casu
333 1439 405 1462 non
440 1433 562 1463 tamen
600 1425 881 1463 convalesceret
916 1426 1123 1472 institutio,
1164 1438 1259 1475 quae
1290 1439 1312 1463 a
1340 1427 1524 1476 principio

86 1480 227 1516 inutilis
258 1481 405 1518 suisset.
464 1480 564 1518 Nota
595 1488 654 1517 est
690 1481 787 1517 enim
821 1480 1029 1518 Catoniana
1059 1481 1187 1530 regula
1203 1480 1270 1533 †).
1326 1481 1523 1528 Quomodo

86 1541 210 1572 autem
243 1535 385 1573 absolvi
414 1542 582 1586 poterat,
617 1536 648 1572 si
677 1536 746 1572 iam
778 1536 907 1585 flagitii
937 1543 1147 1587 compertus
1176 1536 1287 1573 erat‘?
1324 1537 1395 1573 nisi
1426 1538 1523 1575 forte

86 1590 268 1641 quomodo
297 1591 486 1628 absolutus
517 1592 601 1629 olim
631 1590 767 1628 dieitur
795 1590 973 1637 Clodius,
1011 1605 1092 1628 eum
1120 1591 1250 1629 Bonae
1280 1590 1386 1629 Deae
1415 1605 1524 1630 saera

85 1645 276 1684 violasset.
336 1646 387 1683 Et
414 1653 534 1683 tamen
566 1654 640 1683 tu-1n
671 1659 813 1696 quoque
843 1659 904 1684 res
935 1646 1094 1684 iudicata
1125 1660 1191 1697 pro
1220 1647 1379 1685 veritate
1408 1647 1524 1685 habe-

84 1707 204 1738 retur.
264 1699 315 1738 At
353 1702 383 1737 si
413 1701 578 1751 legamus
609 1708 846 1747 accusatum,
888 1701 988 1739 dieat
1016 1702 1174 1752 aliquiS‚
1214 1709 1318 1739 certe
1346 1703 1526 1756 pugnabit

82 1756 178 1793 haee
214 1757 428 1793 constitutio
457 1770 538 1794 eum
579 1758 603 1794 l.
638 1770 722 1794 reos
752 1756 798 1795 C.
833 1758 935 1797 adl.
965 1759 1037 1795 Iul.
1071 1759 1116 1795 (le
1145 1758 1267 1796 adult.
1327 1757 1523 1804 Quomodo

84 1812 199 1861 igitur
237 1811 464 1857 efficiemus,
508 1824 552 1848 ne
591 1812 651 1849 lex
680 1815 746 1848 48.
786 1814 833 1850 D.
867 1813 912 1849 (Ie
940 1813 1071 1850 leet-ecl.
1107 1814 1227 1849 ιἠπίί.
1269 1826 1350 1849 eum
1391 1812 1522 1850 eadem

84 1867 145 1903 illa
176 1867 203 1904 l.
237 1879 321 1904 reos
351 1867 546 1904 manifesto
576 1879 741 1917 pugnare
770 1865 944 1904 dicatur?
1002 1866 1078 1904 Sed
1108 1868 1232 1905 verius
1263 1874 1343 1914 est,
1384 1869 1522 1905 nullam

83 1922 183 1959 inter
212 1934 276 1958 eas
306 1934 391 1958 esse
419 1935 593 1972 pugnam.
639 1923 818 1969 Quamvis
846 1923 943 1960 enim
972 1923 1078 1959 simul
1109 1935 1247 1959 marem
1280 1929 1318 1959 et
1345 1923 1522 1960 feminam

83 1975 252 2013 eiusdem
291 1975 462 2015 adulterii
504 1977 549 2013 ab
587 1977 717 2014 eodem
756 1989 842 2014 reos
881 1977 962 2015 lieri
1001 1978 1063 2015 Iex
1100 1977 1195 2017 Iulia
1234 1991 1306 2015 non
1344 1979 1454 2015 sinit:
1499 1991 1521 2015 a

83 2031 243 2069 diversis
281 2038 401 2068 tamen
434 2045 499 2069 eos
536 2030 666 2069 eodem
705 2039 873 2082 tempore
915 2033 1091 2084 postulari
1123 2046 1194 2069 non
1227 2040 1351 2070 vetat:
1395 2035 1420 2071 l.
1458 2034 1521 2070 de-

83 2088 296 2125 nmzcz'asse.
338 2085 376 2138 §.
411 2089 622 2137 quaeritur.
670 2089 715 2125 D.
752 2088 877 2125 eodem
908 2087 1068 2140 te‘t.††)
1110 2100 1224 2137 quare
1265 2101 1338 2125 non
1377 2087 1519 2133 dubito,

81 2143 195 2192 quin,
240 2140 421 2192 quomodo
452 2142 489 2179 in
516 2141 719 2180 Pandectis
756 2143 893 2193 legitur
921 2144 1135 2181 constitutio
1165 2143 1298 2180 Severi
1334 2150 1372 2180 et
1400 2143 1521 2183 Anto-

82 2197 183 2243 nini,
215 2196 346 2235 eodem
373 2197 483 2248 plane
513 2196 621 2235 modo
650 2199 687 2235 in
718 2198 1018 2238 Institutionibus
1047 2197 1208 2248 legenda
1236 2198 1297 2235 sit.

588 2295 620 2335 C
651 2295 689 2338 A
715 2298 749 2341 P
777 2297 814 2336 U
841 2299 876 2337 T
930 2298 1010 2337 IX.

314 2363 525 2401 Emendata
554 2364 638 2410 lex,
671 2366 832 2404 Praetor
864 2367 932 2404 ait.
965 2367 1013 2403 D.
1048 2364 1093 2401 de
1121 2364 1277 2402 edendo.

79 2429 265 2487 Dnussn
296 2449 435 2500 aliquid
464 2449 612 2490 videtur
642 2453 680 2492 in
714 2454 740 2490 l.
772 2454 936 2491 Praetor
964 2454 1031 2491 ait.
1067 2454 1115 2490 J).
1151 2453 1196 2489 de
1223 2451 1364 2489 edendo
1383 2450 1514 2504 {mm-11)

80 2505 208 2557 Vulgo
238 2505 336 2542 enim
367 2506 419 2542 ita
449 2505 607 2557 legitur:
646 2511 808 2547 Praetor
838 2509 915 2546 ait:
955 2509 1202 2558 argentariae
1232 2520 1379 2545 mensae
1410 2521 1519 2544 emet·-

153 2594 196 2629 *J
211 2598 278 2638 Jac.
300 2595 449 2625 Cuiacius
470 2596 549 2631 Opp.
570 2597 664 2632 prior.
686 2598 775 2628 Tom.
795 2599 819 2628 1.
840 2604 913 2633 pag.
934 2598 1003 2628 108.
1023 2598 1131 2629 Lutet.
1152 2597 1242 2627 1658.
1283 2599 1392 2626 FAESI.

153 2637 435 2678 *³12)W{fffii'a8.
457 2645 633 2681 Theophili.

155 2691 249 2727 *te-:2³10
269 2692 305 2720 L.
326 2692 356 2719 8.
386 2692 421 2721 C.
441 2694 493 2720 IX.
514 2693 543 2722 9.

156 2739 203 2777 ογ)
223 2740 259 2768 1,.
281 2739 331 2767 29.
352 2741 384 2767 et
403 2740 423 2767 I.
445 2740 515 2771 210,
537 2742 575 2770 n.
596 2741 632 2769 Ι..
655 2742 704 2771 17.

122 2786 229 2854 mig-72)
248 2787 284 2815 11.
308 2787 353 2815 17.
374 2787 406 2822 ἓ.
421 2788 451 2816 6.
471 2789 508 2819 D.
524 2791 662 2819 XLVIII.
678 2791 708 2819 5.
741 2788 865 2818 vitiose
885 2789 1082 2819 scribebatur
1102 2789 1303 2819 denunciatio
1339 2790 1520 2819 forremuin

82 2833 102 2854 a
171 2833 248 2853 [²510.

159 2871 259 2910 †·l‘†)
280 2875 316 2904 11.
336 2874 365 2903 4.
387 2882 433 2909 nr.
453 2874 486 2910 §-
508 2875 536 2904 1.
567 2875 604 2908 Ι).
626 2876 664 2904 II.
684 2875 736 2906 ¹3.
