1778 3096
286 616 370 674 M.
426 611 807 672 ΑΝΤΟΝΙΙ
863 612 1230 670 MURETI
1505 617 1568 648 ⁵⁰3

394 723 709 754 IURISCONSULTI
731 724 782 750 ΕΤ
813 722 922 752 CIVIS
951 723 1115 751 ROMANI

44 833 1483 912 OBSERVATIONUM

532 962 980 1013 IURIS

391 1091 610 1135 LIBER
665 1087 1139 1135 SINGULARIS.

570 1316 859 1357 CAPUT
925 1316 959 1356 I

48 1394 234 1449 Defuncto
263 1406 353 1442 reo,
393 1395 589 1446 solutaque
618 1408 768 1446 poena,
814 1408 910 1446 quae
938 1394 991 1432 ad
1019 1393 1175 1431 heredes
1209 1406 1282 1432 non
1308 1393 1487 1444 pertinet,

104 1453 188 1502 quis
219 1451 265 1488 de
293 1464 336 1488 re
359 1452 584 1501 pecunz'an'a
614 1452 730 1488 mdeoe
761 1463 988 1500 cognoscere
1018 1449 1165 1487 debeat.
1224 1449 1435 1487 Ememlata

201 1507 239 1543 in
268 1518 348 1543 eam
378 1518 456 1543 rem
485 1508 531 1544 L.
565 1505 752 1557 Defuncto
781 1519 838 1543 ee.
898 1507 945 1543 D.
979 1505 1025 1543 de
1047 1505 1141 1555 pub.
1174 1505 1254 1543 zssud
1272 1501 1336 1555 7ff).

49 1583 213 1642 No‘rUM
242 1611 326 1651 est,
358 1602 536 1654 quaedam
566 1616 652 1642 esse
683 1605 862 1652 crimina,
897 1605 944 1642 ob
975 1617 1083 1655 quae,
1115 1610 1266 1655 praeter
1295 1615 1375 1641 eam
1402 1615 1494 1654 poe-

52 1673 162 1705 nam,
208 1672 301 1710 quae
339 1660 410 1697 nisi
447 1660 492 1698 ab
523 1661 603 1711 ipso
641 1672 707 1697 reo
742 1661 842 1710 exigi
882 1673 954 1697 non
991 1666 1138 1710 potest,
1184 1657 1392 1696 cuiusmodi
1433 1665 1494 1696 est

52 1715 260 1765 relegatio,
296 1713 530 1765 deportatio,
563 1714 749 1752 damnatio
780 1717 816 1752 in
846 1715 1031 1754 metallum
1062 1721 1100 1753 et
1129 1714 1267 1752 similes
1281 1742 1302 1764 ,γ
1337 1714 1493 1764 eripitur

53 1771 164 1807 etiam
203 1770 372 1808 convicto
412 1778 449 1808 et
477 1769 722 1808 condemnato
764 1771 920 1821 pecunia
950 1771 1094 1808 scelere
1132 1777 1258 1820 parta:
1295 1768 1409 1820 ‘quam
1446 1781 1493 1806 eo

53 1833 197 1863 mortuo
228 1826 338 1862 etiam
366 1825 525 1863 heredes
565 1826 666 1876 exigi
696 1826 838 1863 solent:
879 1826 1039 1877 'exempli
1069 1838 1229 1871 caussa,
1269 1825 1306 1862 in
1337 1824 1494 1862 crimine

53 1879 342 1931 repetundarum
371 1894 443 1918 non
474 1888 612 1918 tantum
643 1881 809 1927 infamia,
838 1882 1005 1927 exilium,
1036 1893 1155 1932 poena
1185 1879 1352 1930 capitalis
1379 1880 1496 1917 inter-

55 1934 140 1972 dum
170 1948 236 1973 reo
268 1936 477 1985 irrogatur,
511 1934 577 1974 sed
607 1942 643 1974 et
672 1938 828 1987 pecunia
857 1937 1048 1982 aufertur,
1086 1948 1180 1987 quae
1210 1935 1380 1986 expilatis
1409 1947 1496 1986 pro-

55 1990 273 2028 vincialibus
303 1990 496 2030 reddatur.
545 1991 647 2028 Illam
678 1992 794 2041 igitur
823 2005 979 2042 poenam
1010 1998 1152 2030 certum
1183 1998 1240 2029 est
1268 1991 1399 2041 perimi
1428 1989 1496 2028 de-

55 2045 182 2084 functo
210 2058 302 2091 re0,
347 2047 373 2084 l.
405 2052 446 2084 5.
478 2049 525 2084 D.
559 2048 605 2084 de
629 2047 732 2097 publ.
767 2045 991 2099 2‘ecdec.**).
1051 2046 1171 2093 Quam
1209 2046 1306 2084 enim
1337 2058 1494 2096 poenam

56 2101 186 2152 exigas
226 2101 272 2138 ab
309 2112 377 2147 eo,
423 2102 484 2152 qui
519 2102 590 2138 iam
631 2109 796 2140 mortuus
837 2101 922 2140 est?
966 2109 1117 2153 praeter
1157 2114 1274 2153 pauca
1315 2100 1496 2152 quaedam

57 2157 235 2202 crimina,
274 2156 311 2192 in
343 2156 474 2206 quibus
504 2164 543 2194 et
572 2157 761 2194 accusatio
791 2164 934 2195 mortuo
971 2159 1043 2195 iam
1077 2170 1143 2195 reo
1172 2157 1317 2194 institui
1355 2163 1494 2207 potest,

56 2217 95 2249 et
122 2225 144 2249 a
173 2217 339 2256 mortuo,
382 2219 554 2262 quantum
592 2218 722 2250 natura
760 2214 922 2263 patitur,
963 2213 1124 2264 exigitur
1154 2224 1296 2263 poena,
1336 2218 1377 2248 ut
1412 2224 1496 2249 cum

57 2266 207 2304 cineres
235 2272 273 2303 et
308 2279 391 2303 ossa
423 2274 603 2305 eruuntur
631 2280 675 2305 ac
709 2269 954 2318 proiiciuntur
983 2269 1020 2306 in
1050 2280 1176 2312 mare,
1220 2279 1302 2305 cum
1335 2264 1497 2305 cadaver

57 2321 177 2372 ipsum
208 2320 470 2371 suspenditur,
504 2335 584 2359 cum
614 2325 792 2361 memoria
822 2322 1039 2369 damnatur,
1079 2329 1224 2360 statuae
1253 2320 1495 2368 deiiciuntur,

57 2389 193 2414 nomen
220 2388 241 2413 e
270 2376 378 2413 fastis
408 2375 595 2423 eraditur3
626 2377 691 2415 sed
721 2380 894 2429 pecunia,
926 2384 1099 2416 accusato
1129 2378 1166 2414 in
1197 2384 1301 2414 reatu
1332 2384 1494 2424 mortuo,

58 2431 161 2481 exigi
199 2431 310 2468 etiam
350 2431 395 2468 ab
426 2431 627 2470 heredibus
663 2433 771 2472 solet.
832 2433 1037 2480 Quaeritur
1072 2445 1186 2483 erge,
1226 2431 1401 2469 defuncto
1431 2445 1497 2470 reo

59 2486 315 2536 exstinctaque
347 2498 392 2524 ea
429 2499 571 2537 poena,
614 2500 707 2538 quae
742 2488 788 2526 ad
829 2488 1005 2526 heredem
1038 2487 1215 2526 devenire
1255 2487 1352 2524 nullo
1389 2487 1498 2525 modo

57 2547 208 2593 potest,
254 2539 350 2592 apud
387 2554 493 2592 quem
532 2541 691 2580 iudicem
731 2543 777 2581 de
812 2556 853 2581 re
876 2544 1106 2595 >,pecuniaria
1142 2544 1202 2593 agi
1241 2541 1387 2581 debeat.
1447 2542 1499 2580 Et

63 2596 170 2646 :ulgo
198 2603 348 2647 putant,
384 2610 456 2634 uon
486 2596 582 2647 apud
613 2611 716 2645 eum,
757 2599 817 2648 qui
848 2611 1077 2649 cognoscere
1108 2598 1319 2635 instituerat
1348 2596 1393 2635 de
1425 2599 1499 2635 cri·
1524 2604 1587 2635 504

58 2652 185 2698 mine,
227 2650 292 2689 sed
327 2651 424 2702 apud
460 2664 568 2700 eum,
609 2654 712 2691 cuius
751 2653 797 2692 de
837 2654 979 2691 caussis
1017 2653 1245 2704 pecuniariis
1283 2653 1385 2690 notio
1421 2660 1495 2700 est,

59 2705 171 2757 idque
200 2706 349 2757 probari
377 2714 534 2745 censent
563 2709 589 2747 l.
622 2707 799 2760 defuncto
827 2723 885 2748 eo.
918 2711 968 2748 D.
997 2710 1043 2748 de
1065 2709 1172 2761 publ.
1207 2709 1347 2757 indic„
1389 2721 1498 2762 quam

134 2838 179 2873 e)
199 2838 235 2867 L.
255 2838 285 2868 e.
316 2839 354 2869 n.
375 2841 514 2872 xnvm.
534 2842 564 2873 1.

132 2885 203 2923 τετε)
221 2887 360 2919 xum.
380 2889 410 2920 ι.
