1778 3096
553 147 657 186 L1B.
695 147 786 186 xn.
848 147 967 186 CAP.
999 146 1093 187 XV.
1470 146 1552 188 :275

596 272 883 312 CAPUT
939 271 1042 312 XV.

246 352 456 391 Emendata
482 351 600 388 mulla
629 352 667 390 in
700 352 873 389 oralione
904 352 1100 388 Ciceronis
1120 361 1195 400 pro
1222 350 1388 388 Archia.

98 436 266 495 cronno
314 457 352 494 in
392 455 561 494 oratione
609 468 676 506 pro
714 452 857 492 Archia
901 465 981 491 cum
1019 453 1142 490 multis
1181 452 1309 491 verbis
1349 452 1542 494 doetrinae

97 512 218 550 studia
257 511 558 549 commendasset
594 522 713 562 eaque
752 521 922 559 magnam
963 508 1035 545 vim
1063 507 1110 544 ad
1139 507 1287 546 laudem
1325 516 1436 560 atque
1466 511 1539 548 vir-

96 574 211 604 tutem
241 565 380 604 habere
420 565 599 603 dixisset:
642 564 744 603 addit
774 570 930 614 postea,
970 563 1117 600 etiamsi
1147 563 1239 601 nihil
1268 576 1316 601 ex
1353 565 1408 602 eis
1438 565 1539 603 aliud

94 634 201 672 quam
232 620 431 659 delectatio
457 627 672 672 peteretur,
705 618 793 656 nihil
827 631 934 663 esse,
974 630 1046 668 quo
1077 617 1182 670 quasi
1215 617 1402 657 divertere
1434 627 1470 657 et
1500 622 1538 658 in

94 690 165 727 quo
193 676 388 714 honestius
418 690 461 713 ac
488 675 676 713 liberalius
699 675 939 724 requiescere
961 674 1083 711 sessus
1107 673 1274 723 gravium
1301 676 1538 724 negotiorum

93 733 313 769 tractatione
352 732 496 768 animus
535 731 668 781 possit.
737 730 778 767 In
818 728 886 766 hac
924 736 1046 765 autem
1086 741 1127 766 re
1166 728 1384 778 explicanda
1424 731 1538 768 verba

93 787 211 837 ipsius
242 787 334 824 haec
367 784 531 832 sunt*):
569 786 713 835 Quodsi
730 797 802 822 non
832 785 894 821 hie
923 791 1050 821 tantas
1066 782 1227 833 fruetus
1254 785 1533 832 ostenderetur,

92 847 131 878 et
157 843 195 878 si
220 854 269 878 ea·
297 842 356 877 leis
383 842 518 878 studiis
546 841 744 878 delectatio
773 840 853 877 sola
879 846 1102 890 peteretur.-
1137 846 1284 884 tamen,
1315 846 1356 877 ut
1385 842 1534 889 opinor,

92 895 192 933 hane
207 896 562 933 animadversionem
586 895 886 932 humanissimam
907 906 954 931 ae
971 893 1271 932 liberalessimam
1293 895 1532 932 iudicat-etim

92 949 169 987 Sed
199 963 279 987 cum
310 951 642 987 animadversiones
677 961 808 987 nomen
851 961 917 998 pro
945 955 1050 986 certo
1084 948 1207 998 aliquo
1237 947 1440 985 studiorum
1470 962 1536 999 gc-

92 1017 184 1043 nere
215 1017 391 1055 nusquam
428 1017 547 1055 neque
577 1002 673 1054 apud
703 1003 953 1049 Ciceronem,
993 1015 1115 1054 neque
1145 1000 1240 1054 apud
1276 1002 1386 1040 ullum
1423 1004 1534 1041 alium

91 1060 226 1097 bonum
263 1059 479 1097 Latinitatis
519 1066 709 1096 auctorem
747 1059 918 1109 legatur,
971 1056 1157 1095 Lazarum
1194 1056 1436 1095 Bonamicum
1457 1056 1533 1110 ἢῆ)

89 1116 207 1160 aiunt,
240 1128 321 1152 cum
352 1127 432 1151 eam
462 1114 664 1151 orationem
697 1114 1025 1164 interpretaretur,
1055 1127 1127 1150 non
1157 1112 1533 1160 animadverszbnem,

90 1169 156 1207 sed
188 1171 308 1207 animi
331 1170 582 1207 remissionem
613 1168 664 1206 ibi
696 1167 892 1219 legendum
916 1168 1134 1206 censuisse:
1163 1166 1224 1219 qui
1250 1166 1338 1204 mihi
1367 1166 1532 1214 videtur,

89 1224 185 1275 quod
214 1225 550 1262 animaduerszbnes
580 1235 713 1260 nomen
739 1225 774 1261 ci
804 1224 887 1260 loco
912 1236 982 1259 non
1006 1223 1210 1260 convenire
1240 1222 1400 1267 censuit,
1428 1230 1534 1261 recte

89 1293 133 1317 ac
164 1292 252 1316 vere
283 1278 496 1324 iudicasse,
530 1277 595 1315 sed
626 1279 664 1315 in
699 1291 744 1315 eo
774 1289 976 1328 peccasse,
1012 1275 1108 1327 quod
1138 1290 1160 1314 a
1187 1282 1317 1315 vetere
1347 1278 1535 1328 scriptura

89 1335 198 1373 nimis
231 1334 339 1384 longe
371 1333 546 1371 recessit.
596 1332 682 1382 Ego
711 1346 792 1370 cum
823 1345 903 1370 eam
932 1333 1140 1370 orationem
1169 1330 1304 1369 abhinc
1333 1332 1533 1370 triennium

88 1390 235 1442 publice
270 1390 307 1426 in
338 1389 429 1426 urhe
461 1389 753 1438 interpretarer,
784 1400 873 1424 usus
904 1400 984 1424 sum
1015 1394 1146 1426 vetere
1175 1387 1270 1425 libro
1302 1386 1428 1425 Fulvii
1458 1387 1533 1425 Ur-

90 1446 185 1491 sini,
226 1445 297 1482 viri
327 1444 455 1495 optimi
485 1449 522 1480 et
549 1443 708 1480 hominis
740 1441 1006 1480 eruditissimi:
1049 1456 1120 1493 quo
1151 1443 1189 1480 in
1225 1441 1320 1479 libro
1351 1443 1531 1493 scriptum

89 1507 172 1538 erat
203 1501 321 1537 ani'mc
345 1500 613 1536 (zdveyssszonem.
674 1496 784 1535 Unde
813 1510 885 1548 ego
913 1510 983 1534 una
1015 1497 1139 1535 littera
1164 1497 1331 1535 detracta
1363 1498 1532 1535 scriben-

88 1554 173 1593 dum
202 1554 330 1592 censui
361 1554 479 1591 animi
505 1549 867 1604 a12e1’82011e1!t²³⁶45⁶).
926 1555 1116 1590 Avertere
1145 1553 1242 1590 enim
1274 1554 1435 1591 animam
1470 1560 1533 1590 aut

89 1612 350 1660 cognationem
387 1621 409 1646 a
445 1621 488 1645 re
525 1609 653 1657 aliqua
692 1619 829 1656 saepe,
872 1614 910 1644 ut
948 1615 1070 1644 notum
1112 1615 1190 1653 est,
1244 1606 1383 1646 Cicero
1422 1607 1527 1645 dicit.

88 1664 232 1703 Eodem
274 1665 311 1701 in
351 1663 445 1701 libro
481 1669 611 1700 vetere
651 1669 780 1712 aperte
824 1662 999 1713 scriptum
1038 1669 1119 1700 erat
1136 1661 1212 1714 †)=
1264 1665 1367 1701 Haec
1404 1665 1531 1701 sludia

88 1721 377 1758 adolescentiam
406 1725 547 1767 agunt,
581 1731 677 1761 non,
708 1724 747 1754 ut
776 1717 907 1766 vulgo,
938 1719 1058 1756 alunt.
1118 1717 1231 1756 Ferri
1262 1724 1381 1756 tamen
1407 1725 1531 1768 potest

87 1777 209 1814 alant.
270 1773 335 1812 Sic
369 1775 466 1811 enim
502 1773 590 1810 alibi
627 1772 765 1810 Cicero
782 1771 890 1824 ἦῆ),
935 1774 1087 1822 ingenia
1109 1775 1247 1810 ‘melias
1282 1775 1341 1811 ali
1374 1776 1531 1811 Graecis

87 1829 436 1868 exercitationibus.
509 1828 584 1865 Iam
630 1826 725 1878 quod
766 1827 894 1864 eadem
947 1828 982 1864 in
1023 1828 1191 1865 oratione
1232 1827 1525 1881 legitur†††):

87 1888 238 1924 Bestiae
264 1898 375 1936 saepe
403 1886 581 1921 immanes
608 1889 721 1920 cantu
736 1883 954 1934 flectamur
976 1890 1089 1933 atque
1119 1885 1350 1922 consistunt.-
1384 1884 1415 1920 si
1445 1884 1527 1933 quis

87 1948 229 1979 attente
259 1938 496 1984 consideret,
538 1937 677 1976 videbit
716 1937 815 1974 nullo
848 1937 955 1974 modo
998 1939 1133 1975 referri
1165 1950 1274 1990 posse
1310 1936 1356 1976 ad
1385 1938 1529 1989 Orphei

87 2004 127 2034 et
152 1996 305 2033 Arionis
332 1995 514 2032 fabulam:
548 1992 644 2044 quod
673 1999 795 2030 tamen
825 1991 973 2030 erudito
1002 1992 1158 2038 homini,
1192 1992 1309 2030 Paulo
1337 1992 1527 2038 Manum,

87 2052 204 2089 visum
245 2057 316 2088 est.
377 2049 475 2087 Nam
507 2047 603 2100 quod
644 2061 800 2098 perraro
841 2048 976 2085 factum
1017 2051 1149 2098 poe'tae
1179 2048 1414 2096 fabulantur,
1456 2062 1528 2100 quo

85 2119 152 2145 ore
181 2105 218 2143 id
249 2105 386 2144 Cicero
426 2103 581 2142 dixisset
614 2115 726 2154 saepe
766 2102 877 2140 fieri?
932 2103 1074 2141 Melius
1105 2104 1218 2154 igitur
1244 2103 1440 2142 Victorius
1456 2104 1524 2156 ᾗ),

86 2163 147 2213 qui
174 2160 210 2200 id
238 2162 310 2199 iam
338 2159 481 2212 pridem
510 2158 556 2197 ad
585 2165 782 2210 serpentes
811 2158 1013 2196 retulerat:
1049 2171 1140 2210 quos
1170 2159 1396 2197 carminibus
1425 2159 1525 2198 flecti

159 2292 203 2327 ³02²)
224 2299 293 2327 cap.
314 2292 342 2321 7.
363 2292 395 2328 S.
417 2292 465 2322 16.

161 2341 229 2416 ἕπε-κε)
251 2340 298 2370 Cf.
318 2342 397 2370 Mur.
415 2339 492 2373 opp.
514 2339 602 2367 Tom.
621 2340 645 2368 1.
667 2345 738 2374 pag.
758 2339 830 2369 320.

200 2388 254 2424 «tlt-J
274 2389 434 2418 Vietonius
455 2388 483 2416 V
485 2394 528 2416 ar.
551 2388 575 2415 Ι
579 2390 650 2416 ectr.
672 2389 782 2416 XXIX.
825 2388 1149 2417 .amnmr1versionem
1176 2387 1284 2415 contra
1303 2387 1434 2416 Bonam.
1465 2386 1525 2414 de-

88 2434 187 2464 tendit
214 2436 245 2462 et
273 2433 449 2467 explieat
440 2427 619 2471 samaim,
645 2428 787 2469 σκεψιν.
830 2432 1003 2468 Gipuanius
1024 2433 1123 2467 Epist.
1151 2432 1190 2460 ad
1219 2434 1299 2460 Mur.
1319 2433 1357 2460 11.
1378 2432 1407 2460 8.
1444 2431 1523 2465 Opp.

88 2475 175 2502 'l'.om
190 2474 213 2500 1.
234 2471 391 2506 pag-5⁴18.
413 2470 489 2498 illud
504 2458 692 2498 socabulum
712 2471 920 2499 inducendum
942 2470 1068 2504 iudicat,
1092 2471 1124 2498 ut
1139 2470 1218 2498 hane
1238 2470 1277 2498 ad
1293 2469 1522 2498 delectationem

87 2509 257 2539 referatur
295 2510 404 2536 FAEst.
426 2524 462 2528 —
501 2507 666 2536 Ernestius
687 2510 719 2536 et
739 2508 879 2537 Orellius
906 2509 1000 2535 animi
1019 2492 1249 2544 amm-sionem,
1279 2507 1362 2542 quod
1383 2505 1524 2534 defendit

87 2545 354 2580 stuerenburgius
375 2546 405 2573 in
426 2545 501 2574 edit.
521 2544 614 2573 huius
635 2548 715 2574 orat.
737 2545 844 2581 (Lips.
867 2546 975 2585 2832.)
997 2552 1069 2580 pag.
1092 2547 1161 2574 111.

163 2594 208 2633 Τ)
222 2592 356 2660 ibidem.
370 2593 507 2622 ofellius
522 2592 607 2621 dedit
627 2593 723 2628 alant,
738 2598 847 2623 coatia
861 2594 955 2630 ayunt
971 2591 1088 2628 optime
1104 2590 1243 2622 defendit
1257 2589 1524 2626 stuerenburgius

84 2605 250 2717 pag-{17⁹¹}
256 2680 291 2707 In
311 2677 421 2710 fragm.
443 2677 599 2712 epistolae
619 2678 659 2706 ad
675 2680 717 2708 M.
734 2679 906 2708 Titinnium
926 2686 977 2714 ap.
998 2680 1084 2707 Suet.
1106 2678 1145 2706 de
1164 2680 1242 2707 clar.
1261 2678 1390 2706 Rhetor.
1409 2683 1479 2710 cap.
1493 2676 1524 2705 2.

86 2717 152 2748 Cic.
174 2719 252 2751 opp.
273 2717 342 2744 Vol.
364 2717 416 2745 IV.
436 2717 472 2744 P.
493 2717 530 2744 11.
554 2723 622 2749 pag.
644 2716 715 2745 462.
737 2718 785 2746 ed.
808 2719 904 2747 Orell.
945 2715 993 2748 Cf.
1013 2717 1102 2745 meut
1129 2722 1198 2751 cap.
1217 2716 1268 2745 33.
1295 2715 1328 2751 S.
1351 2713 1421 2744 126.
1442 2716 1525 2744 extr.

85 2757 127 2786 de
148 2755 232 2784 Oflie.
252 2753 306 2782 lib.
326 2755 349 2781 Ι.
368 2760 436 2788 cap.
455 2752 505 2781 30.
528 2755 560 2788 5,
583 2754 651 2782 105.

160 2801 262 2841 Τῇ-Τ)
283 2809 351 2837 cap.
371 2802 401 2830 8.
422 2801 455 2836 §-
478 2801 525 2830 19.

158 2850 203 2887 ³5²)
223 2850 298 2881 var.
318 2851 406 2880 Lect.
427 2849 482 2880 lib.
503 2850 584 2879 Xlll.
605 2856 673 2885 cap.
696 2849 746 2879 16.
1160 2883 1251 2926 18*

1555 2165 1617 2194 286
