1778 3096
101 615 162 645 274

449 606 533 664 Μ.
583 604 958 665 ANTONII
1005 601 1368 661 MURETI

665 729 694 755 1.
739 727 779 757 C.
819 728 881 756 Ac
922 728 1067 756 clvls
1107 727 1150 755 R.

189 845 846 921 VARIARUM
914 844 1631 921 LEGTIONUM

510 1005 736 1046 LIBER
790 1003 1305 1045 DUODEGIMUS.

716 1223 747 1262 C
777 1223 815 1262 A
843 1224 877 1262 P
904 1223 941 1262 U
968 1223 1004 1262 T
1070 1224 1104 1262 1.

253 1301 463 1340 Emendati
486 1301 562 1340 loci
587 1301 733 1352 aliquot
760 1315 780 1340 e
808 1301 906 1340 libro
925 1303 1052 1353 primo
1082 1302 1249 1340 Senecae
1277 1300 1324 1338 de
1352 1300 1564 1352 Bencficz'ck.

193 1390 268 1450 UT
306 1414 485 1464 emptoris
521 1419 560 1451 et
589 1415 817 1460 venditoris,
857 1415 1036 1452 locatore's
1075 1420 1114 1451 et
1150 1413 1390 1452 conductoris
1427 1421 1635 1465 permutata

192 1480 277 1505 esse
304 1468 406 1505 inter
434 1480 476 1505 se
506 1468 644 1518 aliquot
680 1470 717 1506 in
747 1470 830 1506 iure
860 1470 959 1506 civili
988 1468 1081 1505 locis
1114 1468 1264 1505 nomina
1303 1467 1430 1506 docuit
1459 1470 1635 1519 princeps

192 1529 231 1559 et
259 1529 409 1560 nostrae
439 1529 478 1560 et
509 1524 715 1573 superioris
745 1524 944 1561 memoriae
973 1523 1347 1569 iurisconsultorum,
1377 1522 1554 1561 Cuiacius
1567 1522 1633 1576 2³),

192 1578 245 1615 ita
274 1584 425 1615 notasse
464 1577 553 1615 mihi
588 1577 718 1615 videor
751 1578 908 1628 quodam
943 1577 1040 1629 apud
1070 1578 1255 1615 Senecam
1295 1578 1376 1615 loco
1405 1580 1636 1617 creditorem

190 1645 260 1684 pro
298 1633 466 1670 debitore
506 1634 666 1683 positum
704 1645 805 1671 esse.
864 1634 921 1672 lta
949 1634 1049 1671 enim
1084 1632 1195 1682 vulgo
1226 1633 1364 1682 legitur
1391 1633 1486 1671 libro
1515 1635 1635 1685 primo

193 1687 239 1725 de
278 1687 483 1726 Beneficiis
500 1685 597 1740 *²¹02
648 1691 766 1728 Nemo
805 1688 984 1740 beneficia
1024 1690 1061 1726 2'12
1100 1689 1322 1726 kalendario
1361 1685 1540 1727 scribite*
1567 1703 1636 1727 neo

192 1755 333 1781 avarus
372 1750 533 1781 eoeaetor
570 1745 622 1781 ad
658 1745 789 1782 horam
829 1751 867 1782 et
906 1746 1001 1782 diem
1038 1744 1264 1782 creditorem
1300 1745 1481 1795 appellat.
1541 1743 1634 1791 Ubi,

193 1798 265 1835 nisi
304 1811 362 1836 me
399 1798 494 1836 fallit
529 1799 697 1845 animus,
751 1797 951 1849 legendum
987 1806 1046 1837 est
1085 1798 1303 1836 debitorem.
1367 1798 1503 1850 Neque
1544 1799 1633 1846 hoc,

193 1852 338 1903 quando
371 1852 465 1891 haec
496 1853 707 1891 rudioribus
739 1861 894 1892 novatur
918 1867 1049 1905 opera,
1080 1866 1233 1891 monere
1263 1854 1467 1900 omiserim,
1494 1867 1568 1892 non
1596 1853 1636 1892 id

193 1908 321 1945 dicere
352 1908 556 1954 Senecam,
599 1910 644 1947 ab
673 1923 786 1947 avaro
823 1917 999 1948 exactore
1030 1923 1102 1946 non
1139 1909 1320 1959 appellari
1349 1907 1555 1947 debitorem
1586 1909 1634 1947 ad

192 1963 319 2000 horam
363 1970 401 2001 et
438 1963 557 2010 diem,
607 1964 704 2015 quod
740 1966 937 2002 manifesto
976 1965 1108 2003 falsum
1149 1971 1273 2002 esset:
1321 1963 1389 2002 sed
1424 1978 1529 2011 eum,
1572 1966 1635 2016 qui

191 2017 411 2055 beneficium
445 2018 520 2063 dat,
553 2033 624 2056 non
658 2020 783 2058 faeere
814 2021 925 2066 item,
957 2027 997 2058 ut
1026 2020 1129 2057 avari
1158 2026 1353 2058 exactores
1384 2020 1518 2067 solent,
1553 2021 1632 2072 qui,

192 2072 289 2123 quod
319 2072 581 2119 crediderunt,
622 2073 660 2111 id
691 2075 760 2112 sibi
797 2074 843 2112 ad
883 2076 1009 2113 horam
1049 2081 1088 2112 et
1118 2073 1215 2111 diem
1246 2075 1339 2112 solvi
1369 2075 1510 2113 volunt.
1570 2075 1634 2113 Si-

192 2129 290 2165 milis
319 2141 411 2178 ergo
440 2128 543 2166 locus
582 2136 641 2166 est
670 2129 724 2166 iili
755 2129 963 2167 Horatiano
978 2127 1103 2180 *⁶⁴⁵*):
1146 2131 1226 2167 Nec
1255 2131 1448 2167 excitatur
1476 2132 1634 2169 classico

192 2185 298 2221 miles
327 2185 439 2222 truci.
488 2182 575 2220 Non
599 2185 695 2221 enim
719 2191 831 2234 negat
856 2185 1007 2222 militem
1037 2185 1195 2221 classico
1224 2185 1403 2230 excitari3
1435 2183 1501 2222 sed
1531 2198 1629 2232 eum,

193 2239 254 2287 qni
283 2251 346 2275 rus
378 2251 482 2276 suum
512 2239 614 2283 colit,
645 2246 757 2289 negat
785 2240 836 2277 ita
867 2240 1025 2278 excitari
1052 2239 1226 2285 classico,
1260 2246 1299 2277 ut
1329 2240 1464 2277 milites
1494 2241 1630 2280 solent.

193 2294 260 2331 sie
281 2294 317 2331 in
341 2294 496 2345 epistola
524 2292 569 2330 ad
592 2294 752 2332 Pisones
769 2293 844 2346 †).
878 2297 958 2333 Neo
984 2295 1134 2333 verbnm
1164 2295 1277 2332 verbo
1302 2295 1453 2333 curabit
1474 2297 1633 2333 reddere

180 2349 291 2399 fidas
320 2351 528 2400 Interpres.
588 2349 714 2400 Negat
752 2350 850 2387 enim
888 2350 1023 2388 bonum
1064 2350 1288 2387 imitatorem
1324 2349 1363 2387 id
1401 2350 1471 2387 sibi
1510 2350 1632 2388 studio

194 2404 354 2450 habere,
394 2411 433 2441 ut
461 2404 615 2442 verbum
643 2404 757 2443 verbo
787 2403 940 2450 reddat,
979 2404 1284 2456 quemadmodum
1314 2404 1377 2442 fidi
1408 2406 1634 2456 interpretes

195 2459 329 2497 solent.
378 2458 598 2498 Emendabo
624 2467 662 2498 et
690 2473 738 2499 ex
765 2459 897 2499 eodem
928 2460 1023 2499 libro
1052 2461 1139 2499 alia.
1192 2461 1267 2500 Ubi
1297 2472 1388 2511 ergo
1418 2459 1464 2500 de
1494 2462 1633 2500 Gratiis

267 2594 311 2629 ἐκ)
338 2594 519 2623 Observatt.
540 2595 563 2622 1.
587 2593 636 2623 10.
655 2595 687 2624 et
707 2595 759 2624 lx.
780 2594 810 2623 ἴ.

267 2642 334 2677 ῑε-εῖε)
355 2649 424 2677 cap.
445 2644 474 2670 2.
513 2641 560 2671 Cf.
582 2643 686 2670 schol.
707 2642 738 2671 in
759 2645 832 2672 Sen.
854 2642 932 2678 Opp.
953 2642 1041 2672 Τοῐυ.
1062 2644 1115 2673 111.
1136 2649 1208 2677 pag.
1228 2643 1258 2672 6.
1297 2642 1426 2676 Lipsius
1447 2643 1632 2672 creditorem

191 2679 326 2714 induxit,
349 2680 431 2714 quod
452 2679 547 2709 etiam
567 2680 742 2715 Giphanius
763 2680 864 2709 suasit
885 2680 917 2708 in
937 2681 1037 2715 Epist.
1059 2682 1099 2710 ad
1119 2683 1202 2710 Mur.
1222 2682 1300 2714 opp.
1324 2681 1412 2711 Tom.
1426 2683 1451 2711 1.
1471 2688 1541 2717 pag.
1558 2681 1632 2710 549.

192 2717 295 2746 Etiam
315 2718 512 2752 Ruhkonfius
531 2717 683 2747 librorum
703 2720 794 2747 MSS.
815 2718 1007 2747 auctoritate
1028 2719 1060 2748 id
1081 2718 1197 2749 omisit.
1234 2721 1348 2748 FAEsi.

266 2767 358 2802 *ze-2⁸)
378 2766 477 2802 Epod.
497 2768 535 2795 11.
555 2767 587 2795 5.
625 2766 674 2796 cf.
694 2766 777 2795 infra
796 2767 850 2796 lib.
870 2767 953 2797 XVI.
973 2774 1042 2804 cap.
1064 2767 1114 2797 18.

264 2813 312 2850 †)
341 2822 370 2843 v.
393 2816 462 2844 133.
483 2814 535 2844 ubi
555 2814 705 2845 scribitur
724 2816 859 2845 curabis.
