1778 3096
270 112 353 155 386
434 82 439 86 ⁶
840 111 971 151 VAR.
1001 111 1156 151 LECT.

270 224 513 277 προς-δοκίων.
572 221 624 261 At
654 221 853 260 Ciceronis
885 229 1076 260 corrector
1090 220 1138 274 ᾖἴε)
1170 221 1241 259 hoc
1270 234 1414 274 quoque
1442 221 1525 260 loco
1556 218 1718 271 diligens

273 293 358 320 esse
388 281 523 325 voluit,
565 278 816 328 iudicavitque
851 277 1074 328 legendum,
1115 280 1171 316 Eo
1201 280 1324 327 magis
1352 291 1396 315 ea
1424 291 1499 315 non
1523 277 1720 328 fitge'cnda

272 338 482 374 videretur.
530 334 582 371 Et
610 332 750 370 addidit
777 332 1065 371 declarationem
1094 335 1328 370 correctione
1352 332 1517 383 dignam,
1553 339 1590 369 ut
1611 344 1721 382 oper-

274 392 394 429 culum
433 389 570 440 patella
584 386 674 441 **).
734 391 776 427 In
815 390 910 434 illis,
953 389 1094 439 inquit,
1141 388 1265 426 verbis
1298 390 1511 431 Ciceronis,
1554 388 1612 425 Ea
1646 400 1721 425 non

264 446 457 498 ficgz'enda
487 446 705 490 videretur,
745 445 1040 482 subaudiendam
1080 452 1135 482 cst
1171 457 1285 481 mors.
1345 446 1439 482 Nam
1480 445 1517 481 si
1548 444 1629 479 siue
1657 456 1722 480 ne-

188 504 251 535 405
272 502 430 551 galiano
463 501 595 550 legas,
627 507 669 537 ut
696 501 733 537 in
767 501 955 550 vulgales,
989 495 1410 551 .s·e1b2·ntelli5,retur*ww
1441 500 1719 536 immortalitati.

275 556 478 594 Hominem
509 554 695 600 admiror,
728 556 789 607 qui
821 569 891 592 non
924 555 1080 601 viderit,
1119 555 1164 592 de
1193 556 1393 600 salvitate,
1427 568 1497 592 non
1529 554 1574 592 de
1604 560 1723 591 morte

276 618 340 649 aut
370 611 417 649 de
448 612 730 649 immortalitate
760 610 984 648 Ciceronem
1014 611 1127 662 loqui.

733 719 764 757 C
795 720 1022 759 APUT
1086 719 1266 758 XVIII.

275 797 323 836 In
353 799 585 837 Mureniana
618 799 773 844 Cicera,
812 804 849 836 et
875 800 912 836 in
947 799 1035 835 (Mis
1064 799 1268 843 Horatius,
1298 798 1541 835 ‘Graecorum
1570 797 1725 847 scriptis

900 854 1100 891 illustrati.

275 922 416 979 INTER
450 940 645 979 commoda
680 941 903 978 rusticorum
945 940 1014 977 hoc
1050 952 1196 991 quoque
1234 941 1338 990 ponit
1377 938 1582 984 Horatius,
1627 936 1725 988 quod

276 996 506 1034 dormientes
532 1011 604 1034 non
636 997 849 1034 excitantur
874 996 985 1034 tubae
1015 1009 1125 1042 sono,
1149 1002 1187 1033 ut
1216 995 1370 1034 milites,
1418 993 1462 1033 ld
1486 995 1586 1032 enim
1609 993 1726 1044 sigui·

276 1053 411 1090 ficatur
439 1052 502 1090 illo
531 1065 643 1092 versu
658 1051 728 1105 †),

553 1121 633 1158 Nec
664 1118 860 1155 excitatur
888 1117 1045 1154 classico
1075 1116 1183 1154 miles
1212 1116 1325 1154 truci.

273 1183 408 1236 Neque
439 1184 478 1223 id
507 1184 647 1223 Cicero
680 1183 952 1235 praetermisit,
996 1181 1062 1220 sed
1094 1181 1130 1219 id
1162 1183 1262 1221 inter
1291 1182 1528 1234 iurisperitos
1564 1186 1604 1218 et
1632 1178 1726 1217 mili·

273 1247 375 1278 tares
408 1243 507 1279 viros
554 1242 661 1278 etiam
692 1240 879 1276 interesse
917 1237 1024 1275 dixit.
1086 1237 1291 1289 Sulpicium
1323 1239 1420 1275 enim
1453 1250 1532 1274 cum
1563 1234 1727 1273 Murena

274 1308 495 1347 comparans
513 1295 623 1348 ἦῆ),
661 1296 729 1339 Te,
761 1295 900 1344 inquit,
931 1294 1150 1342 gallorum,
1183 1295 1287 1331 illum
1318 1294 1560 1330 buccinat-nm
1590 1297 1724 1328 cantus

273 1354 500 1389 eaesuscz'tat.
572 1348 650 1387 Sed
684 1356 722 1387 et
761 1356 847 1386 ante
890 1361 955 1385 eos
996 1347 1143 1398 quidam
1186 1356 1292 1385 vetus
1332 1352 1439 1398 poe'ta
1480 1346 1649 1384 Graecus
1687 1343 1724 1382 id

273 1405 441 1452 dixerat,
473 1419 564 1450 eos,
594 1399 718 1455 qui'in
748 1416 840 1455 pace
871 1402 1097 1448 dormirent,
1130 1416 1202 1440 non
1233 1404 1401 1440 tubarum
1435 1403 1626 1452 clangore,
1657 1399 1724 1438 sed

274 1461 567 1510 gallinaceorum
599 1466 708 1497 cantu
735 1472 757 1496 a
785 1472 914 1496 somno
944 1459 1117 1495 excitari.
1164 1457 1259 1495 Eius
1286 1459 1399 1495 verba
1430 1458 1521 1495 hacc
1553 1457 1726 1507 leguntur

272 1515 368 1566 apud
390 1515 630 1552 Plutarchum
662 1515 700 1551 in
719 1514 831 1551 Nicia
850 1512 991 1565 ·1··††)
1029 1509 1131 1558 Τοὺς
1158 1511 1199 1551 ἐν
1220 1509 1352 1567 εἰρήνῃ
1382 1508 1647 1558 καθεύδοντας
1676 1507 1724 1550 οὗ

273 1567 499 1624 σάλπιγγες,
529 1566 609 1608 ἀλλ’
643 1565 893 1621 ἀλεκτρυόνες
920 1566 1190 1617 ἀφυπνίζουσι.
1248 1567 1337 1605 Νοη
1374 1580 1595 1606 aranearum
1624 1567 1724 1604 telae

272 1626 344 1664 hac
374 1626 641 1664 observatione
672 1625 866 1662 tenuiores
895 1630 1001 1660 sunt:
1039 1622 1106 1661 sed
1135 1623 1274 1660 habent
1302 1623 1395 1662 haee
1425 1636 1569 1674 quoque
1597 1626 1725 1662 λεπτο-

271 1678 468 1734 λογήματα
497 1680 681 1718 interdum
710 1678 850 1730 aliquid
879 1679 1091 1730 voluptatis,
1154 1679 1358 1717 Subtexam
1389 1686 1427 1717 et
1456 1680 1528 1716 alia
1557 1677 1723 1716 eiusdem

273 1738 440 1787 generis.
511 1735 621 1784 Quod
661 1736 850 1773 cornicem
891 1734 985 1772 libro
1027 1735 1139 1772 tertio
1178 1733 1343 1772 Odarum
1366 1734 1412 1782 θέε)
1456 1735 1619 1785 eleganti
1659 1733 1724 1771 ad-

274 1791 422 1829 modum
459 1792 625 1842 epitheto
657 1804 780 1841 aquae
811 1803 992 1840 augurem
1020 1797 1152 1842 vocat,
1187 1790 1232 1827 ab
1262 1789 1529 1840 Euphorione,
1568 1796 1608 1828 ut
1640 1802 1723 1827 mea

274 1848 351 1886 fert
381 1848 530 1900 opinio,
564 1847 733 1897 sumpsit.
796 1845 890 1883 Eius
920 1846 1018 1882 enim
1049 1846 1212 1883 citantur
1241 1845 1334 1883 haec
1353 1843 1446 1898 3W),

550 1909 774 1964 ὖετόμαντις
803 1909 866 1951 ὅτε
893 1907 1047 1964 κρώξειε
1073 1908 1236 1964 κορώνη.

275 1978 353 2017 Sed
389 1978 552 2030 nunquid
591 1992 719 2030 parum
756 1977 961 2029 prudenter
998 1978 1137 2015 fecisse
1176 1976 1296 2015 videri
1338 1983 1485 2028 potest,
1526 1977 1588 2028 qui
1623 1976 1722 2014 libro

275 2033 440 2072 secundo
462 2032 590 2085 5⁶**)‚
629 2047 710 2072 cum
750 2034 971 2085 Pompeium
1012 2032 1182 2080 Varum,
1224 2034 1328 2070 euius
1367 2034 1559 2084 insperato
1601 2031 1721 2070 reditu

350 2135 393 2171 εἶθ)
414 2136 501 2165 Hier.
512 2137 689 2169 Ferrarius,
707 2136 760 2170 qui
781 2137 957 2165 Emendatt.
974 2135 1006 2164 in
1019 2135 1216 2170 Philippicas
1235 2134 1337 2164 Cicer.
1354 2134 1569 2165 ediditvenet.
1587 2136 1677 2165 1512.
1690 2137 1721 2165 8.

275 2177 376 2210 repet.
398 2175 500 2202 Paris.
524 2175 613 2203 15-13.
654 2174 700 2202 Cf.
723 2177 802 2202 Mur.
826 2174 904 2208 Opp.
927 2175 1014 2201 Tom.
1035 2176 1073 2202 11.
1097 2180 1168 2208 pag.
1188 2173 1259 2201 985.
1280 2173 1352 2200 989.
1392 2175 1504 2202 FAESL

351 2222 419 2257 -211021-2)
449 2222 586 2250 serioris
606 2221 722 2250 aetatis
752 2221 953 2255 proverbium
975 2223 1023 2249 est
1047 2222 1171 2255 diynum
1190 2220 1304 2254 patella
1325 2222 1512 2255 operculum.
1551 2221 1622 2251 Vid.
1643 2221 1721 2250 Hie-

276 2260 401 2295 ronymi
422 2260 521 2294 Epist,
543 2261 592 2288 43.
613 2260 652 2288 ad
675 2261 788 2288 Chron.
811 2262 842 2287 et
863 2259 963 2293 Epist.
988 2259 1036 2288 16.
1057 2259 1098 2286 ad
1119 2258 1255 2294 Princip.

352 2308 445 2343 *az-tte)
465 2308 576 2336 XVoifii
597 2307 692 2337 editio
712 2307 1001 2341 subintelle'qeretur.

352 2355 399 2394 †)
419 2356 519 2390 Epod.
542 2358 579 2384 11.
599 2358 629 2384 5.
670 2355 718 2385 Cf.
739 2362 838 2389 supra
857 2355 910 2383 lib.
930 2356 998 2385 ΧΠ.
1019 2362 1088 2390 cap.
1112 2357 1139 2385 1.

354 2403 429 2442 ††)
450 2411 506 2438 pro
527 2406 606 2433 Mur.
629 2411 697 2439 cap.
717 2403 747 2432 9.
769 2404 800 2439 S.
823 2404 871 2436 22.

354 2450 456 2490 †·l·†)
477 2460 545 2487 cap.
566 2452 595 2481 9.
618 2460 688 2488 pag.
708 2452 779 2480 529.
798 2452 838 2480 A.
880 2451 942 2479 Sed
962 2451 1072 2480 horum
1093 2452 1263 2480 verborum
1292 2454 1452 2481 auctorem
1472 2454 1599 2486 poetam
1620 2453 1720 2482 fuisse

279 2493 351 2528 quis
371 2494 502 2523 credat?
541 2497 682 2524 Eandem
703 2494 892 2524 sententiam
912 2495 1072 2529 expressit
1092 2495 1247 2530 Polybius
1268 2495 1403 2524 lih.X11.
1425 2503 1493 2531 cap.
1515 2498 1565 2526 26.
1587 2504 1718 2537 κοιμω-

278 2536 414 2580 μένους
434 2531 659 2587 τὸνβρθρον
680 2536 718 2570 ἐν
742 2536 811 2582 μὲν
832 2536 880 2580 τῷ
897 2537 1045 2581 πολέμῳ
1071 2535 1316 2582 διεγείρουσιν
1333 2537 1371 2570 αἱ
1392 2535 1603 2583 σάλπιγγες,
1629 2550 1719 2572 κατα

281 2580 321 2613 δὲ
349 2578 415 2622 τὴν
441 2582 585 2625 εἷρηνην
610 2582 644 2615 οἱ
669 2579 826 2628 ὄρνιθες.

354 2635 397 2670 ιΐε)
419 2636 475 2664 Od.
497 2636 544 2665 17.
559 2644 589 2665 v.
607 2637 656 2666 11.
697 2636 744 2666 Cf.
765 2637 856 2666 Ovid.
874 2637 944 2665 Am.
961 2637 1000 2664 11.
1017 2635 1049 2669 6,
1065 2635 1115 2664 34.
1136 2637 1260 2670 pluviae
1277 2640 1424 2674 yracums
1444 2645 1543 2674 auqur
1562 2645 1668 2673 aquae.

354 2685 423 2719 ’ἴε-κε)
444 2692 463 2713 a
479 2686 582 2714 schol.
594 2684 741 2714 Nicandri
759 2686 799 2714 ad
809 2687 903 2714 Ther.
920 2692 950 2713 v.
963 2684 1034 2713 406.
1051 2692 1100 2719 ap.
1117 2685 1254 2714 Meinek.
1272 2687 1310 2715 de
1320 2688 1457 2722 Euphor.
1476 2686 1544 2714 vita
1561 2690 1592 2714 et
1609 2686 1716 2721 script.

276 2722 390 2758 fragm.
412 2725 472 2754 inc.
493 2726 587 2754 LXV.
609 2732 678 2761 pag.
701 2727 762 2755 134
781 2734 829 2762 sq.
867 2725 1022 2755 Similiter
1041 2728 1162 2755 Aratus
1181 2728 1320 2756 Diosem.
1342 2736 1373 2757 v.
1397 2730 1489 2759 1⁰22.
1529 2725 1718 2771 Χειμιῦνος

279 2766 378 2810 μέγα
405 2768 505 2812 σῆμα
529 2767 591 2800 καὶ
616 2766 819 2813 ἔννεᾰγηρα
840 2764 982 2816 κορώνη
1008 2765 1196 2813 Νύκτερον
1220 2767 1408 2805 ἀείδουσαι.

353 2821 447 2858 *³:⁵20
468 2822 524 2851 Od.
546 2822 575 2851 7.
596 2829 627 2852 v.
648 2823 689 2852 23
705 2830 774 2859 sqq.
