1726 3106
506 124 611 162 LIB.
644 122 716 162 lx.
775 121 895 162 CAP.
926 122 1037 162 Xul.
1413 121 1496 169 203

51 242 243 287 possunt,
264 241 471 274 corruant.-
510 234 580 272 sed
606 235 688 280 zea,
719 240 764 272 ut
788 245 861 271 non
889 232 997 270 modo
1027 232 1182 278 ci‘mtas,
1213 231 1282 270 sed
1307 245 1354 270 ne
1381 234 1500 271 vi‘czm‘

55 293 202 342 quidem
225 292 399 342 prooez‘mz
429 292 609 328 sentienti.
671 288 857 336 Quoniam
896 289 1018 333 enim,
1062 286 1150 338 quid
1180 299 1202 325 a
1231 299 1376 338 quoque
1414 288 1493 334 fiat,

54 348 189 384 vicinis
230 347 311 384 fere
347 347 510 396 ignotum
550 357 635 382 esse
671 358 744 382 non
776 343 893 388 solet,
935 342 1030 392 quod
1064 343 1173 380 etiam
1208 343 1352 393 vulgari
1391 343 1493 393 legu-

54 401 212 439 leiorum
243 401 438 452 proverbio
461 400 505 450 ᾗ)
542 400 825 444 circumfertur,
866 396 1008 435 idcirco
1039 397 1137 449 quod
1167 397 1248 435 sine
1270 372 1358 436 euno
1389 412 1496 449 pror.-

54 470 117 494 sus
144 457 299 496 tumultu
328 469 371 493 ac
404 456 566 505 strepitu
598 456 724 500 fieret,
767 453 803 491 id
832 466 880 491 ne
910 453 1041 490 vicinis
1071 452 1218 504 quidem
1248 453 1496 491 sentientibus

54 512 153 551 fieri
177 510 363 550 dicebant.
426 509 459 547 E
499 518 624 548 vetere
666 518 787 547 autem
827 509 998 546 comico·
985 507 1054 559 ”'*)
1098 507 1136 545 id
1177 516 1391 559 acceptum
1408 521 1496 552 esse

54 567 212 632 cognovi
244 579 290 604 ex
309 566 466 605 Platone
497 567 532 602 in
551 565 747 605 Alcibiade
766 564 901 616 primo,
925 563 987 601 ubi
1007 564 1057 600 ita
1088 564 1266 631 script'um
1295 563 1494 615 est***)-:

51 617 163 673 ἡμῶν
197 619 239 660 δὲ
273 619 539 686 γεννωμένων,
591 617 633 661 τὸ
667 623 736 660 τοῦ
777 619 1075 674 κωμῳδοποιοῦ,
1126 615 1210 657 ουδ’
1253 618 1294 657 οἱ
1332 619 1498 682 γείτονες

50 674 205 729 σφόδρα
232 691 290 716 τοι
319 673 584 725 αἰσθάνονται,
613 676 643 716 ὠ
667 661 902 727 Ἀλκιβιάδη.
952 674 1002 711 Et
1030 687 1078 712 ex
1102 673 1306 711 Plutarcho
1334 676 1371 712 in
1394 674 1496 712 Pho.-

53 733 161 773 eione
179 731 272 800 †)‚
289 732 352 770 ubi
383 732 428 770 de
458 740 607 774 oratore
630 731 799 769 Demade
828 732 880 768 ila
904 730 1086 787 loquitur.
1118 727 1254 795 Δημέᾳ
1277 727 1318 768 δὲ
1344 732 1396 784 τῷ
1422 728 1498 797 υἱῷ

51 784 211 838 νύμφην
243 784 437 855 ἀγόμενος
479 787 573 839 ἐμοῦ
609 803 697 839 μεν,
750 782 874 835 εἶπεν,
926 788 956 824 ὠ
993 789 1104 833 ποεῖ,ζ
1132 782 1203 835 τὴν
1248 782 1321 837 σὴν
1355 783 1497 836 μητέρα

51 846 265 895 γαμοῦντος
294 840 378 883 οὐδ’
415 839 436 883 ὁ
464 844 597 896 γείτων
627 840 796 898 ῄσθετο·
833 846 912 888 τοῖς
939 838 980 880 δὲ
1009 845 1092 887 σοῖς
1118 837 1254 905 γάμοις
1280 839 1352 881 καὶ
1389 841 1496 891 βασις-

49 901 133 944 λεῐς
153 897 221 938 καὶ
251 898 434 939 δυνασταὶ
451 902 729 953 συγχορηγοῦσι
749 897 846 951 ††).
905 898 963 935 Ac
985 909 1116 935 versus
1140 897 1290 972 comici,
1322 903 1495 949 quantum

52 955 245 1005 suspicor,
284 954 344 991 hic
374 955 458 1001 fuit,

248 1027 403 1082 ’Ἐμοῦ
420 1035 635 1085 γαμοῦντος
662 1027 744 1071 οὐδ’
760 1046 801 1073 ,ο
830 1030 964 1084 γείτων
991 1025 1145 1085 ᾔσθετο.

537 1162 820 1221 CAPUT
868 1130 1010 1200 ³X111.

296 1242 353 1278 De
383 1241 474 1278 locis
502 1242 721 1291 quibusdam
751 1255 772 1278 e
807 1241 1035 1279 Truculento
1064 1239 1256 1277 Plautina.

51 1317 199 1378 Mnus
239 1335 357 1377 modis
393 1338 622 1378 deformatus
660 1347 719 1377 est
749 1339 925 1377 Plautus:
966 1345 1003 1376 et
1043 1337 1189 1389 quidem
1228 1338 1279 1374 ila
1312 1336 1407 1374 male
1437 1349 1500 1374 ac-

48 1401 181 1444 ceptus
214 1396 336 1432 multis
364 1395 559 1433 admodum
592 1397 708 1441 locis,
743 1403 809 1441 ut,·
829 1393 924 1445 quod
955 1395 989 1431 in
1016 1394 1174 1444 pugilem
1205 1394 1257 1430 ait
1284 1396 1389 1443 poe'ta
1419 1393 1498 1443 qui-

54 1448 134 1486 (lam
155 1450 325 1487 Graecus
342 1450 473 1503 †††)‚
507 1464 588 1488 eum
619 1465 639 1489 e
671 1464 791 1502 pugna
821 1450 929 1487 talem
960 1448 1136 1495 rediisse,
1168 1456 1223 1495 ut,
1256 1448 1343 1485 siin
1365 1460 1499 1498 specu-

54 1504 127 1541 lum
168 1505 367 1555 inspiciat,
409 1507 596 1544 iuraturus
628 1507 700 1552 sit,
740 1519 780 1543 se
811 1505 968 1542 eundem
1003 1518 1074 1541 non
1106 1517 1218 1550 esse,
1257 1505 1316 1554 qui
1348 1504 1497 1549 suerat3

54 1559 106 1596 ita
142 1559 313 1597 videatur
343 1560 524 1606 Plautus,
568 1563 600 1599 si
637 1562 719 1611 quis
759 1574 841 1598 cum
879 1560 925 1597 ab
955 1560 1086 1597 inferis
1115 1558 1367 1609 Aesculapius
1397 1558 1502 1610 exei-

53 1621 128 1660 tet,
174 1615 390 1662 iuraturus,
431 1617 573 1654 fabulas
614 1614 810 1653 il-las'suas
843 1629 914 1653 non
945 1627 1048 1653 esse.
1108 1614 1248 1652 Mirum
1286 1621 1409 1651 autem
1440 1625 1500 1651 me

55 1682 204 1720 semper
232 1670 391 1708 studium
422 1672 539 1708 tenuit
568 1672 691 1717 illius,
725 1672 756 1708 si
787 1684 855 1722 qua
887 1671 1031 1708 ratione
1066 1683 1239 1720 possem,
1271 1668 1498 1707 adiuvandi.

54 1725 196 1776 fuitque
227 1725 372 1777 aliquod
404 1733 576 1778 tempus,
607 1732 688 1765 'cum
720 1726 915 1776 sperabam
946 1726 1045 1773 fore,
1076 1732 1115 1762 ut
1145 1737 1275 1762 omnes
1306 1725 1405 1762 illius
1437 1731 1502 1762 eo'-

53 1781 239 1818 moediae
275 1782 396 1818 multis
443 1787 465 1820 a
512 1795 582 1820 me
611 1782 825 1820 vulneribus
863 1788 1017 1819 sanatae
1059 1780 1263 1818 ederentur
1282 1777 1342 1831 ᾗ).
1421 1778 1502 1818 Sed

55 1837 248 1873 consilium
282 1850 403 1874 meum
436 1851 518 1875 cum
549 1838 617 1875 alia
653 1845 839 1875 iemorata
871 1840 975 1874 'sunt.
1010 1844 1083 1873 tum
1116 1836 1337 1886 magnificae
1369 1836 1502 1873 multo-

54 1903 134 1928 rum
165 1892 472 1942 pollicitationes,
503 1894 564 1944 qui
595 1893 684 1930 mihi
715 1906 783 1944 per
810 1884 953 1931 litteras
984 1892 1256 1942 significabant
1288 1890 1387 1929 idem
1407 1904 1500 1943 opus

56 1953 120 1984 aut
154 1947 250 1993 sibi,
291 1955 354 1985 aut
381 1949 464 1985 aliis
494 1948 710 1999 quibusdum
726 1949 885 1998 'magnis
918 1954 956 1986 ct
983 1947 1187 1998 praeclaris
1220 1946 1311 1984 viris
1342 1959 1430 1985 esse
1461 1947 1501 1983 in

57 2002 251 2039 manibus:
283 2009 323 2039 ut
351 2017 529 2049 vererer,
569 2005 599 2041 si
633 2017 713 2041 cum
745 2004 879 2041 talibus
908 2003 1153 2053 antagonistis
1184 2003 1221 2039 in
1250 2014 1400 2039 arenam
1434 2001 1503 2039 de-

58 2056 300 2104 scenderem,
342 2072 389 2097 ne
427 2073 499 2097 non
534 2060 654 2097 inanis
688 2058 794 2096 modo
824 2072 868 2097 ac
898 2070 1225 2109 supervacaneus,
1266 2056 1334 2095 sed
1362 2057 1501 2095 ridicu-

57 2112 114 2150 lus
154 2113 265 2152 etiam
301 2126 405 2152 meus
444 2115 563 2152 omnis
602 2115 724 2153 exiret
757 2114 877 2153 labor.
940 2114 1000 2152 >Illi
1036 2119 1157 2152 autem
1192 2114 1337 2169 interea
1365 2114 1500 2166 partim

170 2180 174 2184 .
244 2169 248 2175 ³
356 2171 358 2174 '
438 2171 454 2190 *l
1285 2184 1289 2192 ¹

132 2268 191 2332 ἓῗ)
197 2267 267 2297 Vid.
289 2267 451 2299 Ad.1unii
471 2267 599 2303 Adagia
619 2269 671 2299 IX
694 2269 742 2297 13.
763 2267 815 2303 qui
836 2268 944 2297 tamen
963 2266 1042 2295 nihil
1062 2265 1137 2294 novi
1158 2265 1257 2306 affert
1297 2270 1410 2298 FAEsx

158 2318 200 2351 Ξ)
222 2318 388 2345 Platonem
415 2317 567 2345 comicum
596 2317 689 2346 huius
716 2317 875 2352 proverbii
910 2318 1069 2345 auctorem
1092 2314 1162 2342 esse
1183 2315 1279 2347 tradit
1299 2318 1500 2348 scholiastes

58 2354 98 2383 ad
119 2355 262 2383 Platonis
283 2354 463 2389 philosophi
483 2354 592 2385 Aleibf
608 2357 630 2385 1.
650 2362 723 2407 pag.
742 2356 805 2384 388
826 2354 924 2393 (”,140
948 2353 1028 2389 10.).
1050 2353 1153 2382 Bekk.

170 2401 221 2437 .--:::-]
243 2410 314 2437 pag.
336 2404 404 2431 121.
426 2404 463 2431 D.
476 2405 523 2432 St.

134 2448 179 2487 Ἠ
202 2457 272 2484 pag.
294 2451 363 2478 755.
386 2452 420 2480 C.

137 2502 160 2542 -ξ-
165 2502 210 2541 l)
231 2505 362 2534 Lucian
394 2507 487 2536 Char.
517 2507 548 2543 S
571 2509 618 2538 16.
649 2510 731 2537 extr
761 2500 865 2539 οὗτος
887 2498 929 2533 δὲ
954 2497 1035 2543 &My
1039 2511 1081 2533 ον
1105 2496 1179 2532 ἀπὸ
1205 2499 1270 2542 γῆς
1294 2498 1501 2544 αἰωρούμε-

61 2555 145 2584 ²²09,
171 2543 191 2584 ἦ
217 2545 278 2575 καὶ
283 2546 416 2598 πέσῃ,
452 2543 616 2591 ἀψοφητὶ
642 2550 821 2591 κεισεται,
853 2544 959 2591 μόλις
983 2547 1044 2579 καὶ
1070 2547 1143 2583 τοῖς
1166 2546 1326 2588 γείτοσιν
1351 2545 1500 2584 ἐξακου-

59 2590 153 2663 gffg‘ll'
156 2601 191 2661 11¹
197 2587 527 2668 ςρξὲὗῆῑόωμαιος.
565 2598 636 2627 Vid.
664 2598 768 2627 Beier.
794 2598 836 2627 ad
857 2597 921 2627 Cic.
949 2595 988 2623 de
1010 2595 1066 2624 Off.
1092 2595 1147 2624 lib.
1167 2597 1191 2625 1.
1221 2602 1290 2631 cap.
1311 2597 1362 2625 21.
1395 2596 1428 2631 §-
1450 2596 1503 2625 73.

136 2680 238 2719 †††)
268 2680 299 2708 in
332 2683 470 2711 Brunck.
499 2683 596 2713 Anal.
632 2684 720 2712 Tom.
749 2684 788 2712 11.
822 2677 896 2719 pag.
924 2681 997 2711 319.
1034 2681 1101 2709 ΧΠ.
1136 2681 1260 2709 lacobs.
1287 2681 1419 2710 Anthol.
1448 2683 1501 2711 Gr.

60 2720 150 2748 Tom.
171 2721 224 2747 111.
245 2725 316 2753 pag.
338 2721 389 2748 31.

137 2765 178 2802 ³2³)
200 2767 271 2796 vid.
300 2768 393 2801 epist.
423 2767 601 2796 Belliviceii
630 2746 877 2803 (Berzevicaei)
905 2768 944 2796 ad
972 2769 1053 2795 Mur.
1078 2766 1110 2794 in
1139 2766 1232 2794 huius
1263 2766 1342 2800 Opp.
1368 2767 1455 2795 Tom.
1472 2769 1501 2796 ἵ.

62 2812 134 2839 pag.
156 2805 226 2833 467.
248 2805 399 2839 scriptam
422 2806 512 2834 1564,
534 2806 632 2840 Epist.
653 2809 733 2835 Mur.
754 2807 794 2834 ad
815 2808 850 2834 P.
871 2807 1036 2833 sacratum
1057 2804 1129 2832 ibid.
1153 2811 1223 2838 pag.
1242 2803 1313 2832 550.
1342 2806 1448 2833 schol.
1468 2805 1501 2834 iu

63 2844 191 2872 Terent.
213 2844 300 2872 Tom.
321 2845 361 2873 11.
381 2850 453 2879 pag.
473 2843 545 2873 667.
566 2846 598 2873 et
617 2851 715 2880 supra
736 2845 812 2874 Var.
832 2844 932 2874 Leon.
952 2842 1005 2872 lib.
1027 2843 1065 2872 V.
1085 2849 1155 2878 cap.
1174 2843 1205 2872 6.
1226 2840 1323 2879 princ.
1362 2843 1479 2873 FAEsle

1524 847 1586 877 213
