1778 3096
501 143 603 182 LIB.
637 144 747 184 XIII.
806 143 924 183 CAP.
959 145 1065 184 vlu.
1428 147 1505 188 291

60 256 97 293 iu
127 255 257 307 quibus
293 255 365 292 iam
403 252 547 304 pridem
578 260 795 302 notaverat,
832 253 1006 306 quicquid
1035 253 1102 293 alii
1130 260 1194 294 aut
1231 256 1303 294 iam
1333 254 1508 295 dixerant

58 318 122 350 aut
147 309 366 363 quandoque
382 309 431 361 2²²)
464 308 600 347 dicturi
631 316 753 347 erant.

552 439 583 478 C
613 440 650 478 A
676 440 710 478 P
737 438 772 477 U
801 440 836 478 T
898 438 1001 479 Vll.

501 518 721 555 Illustratus
758 518 861 555 loeus
903 517 1056 555 Tibulli.

56 585 305 651 DisrleHON
334 611 392 642 est
422 605 563 643 Tibulli
596 604 641 643 ad
671 604 826 642 amicam
842 601 938 654 *iifl

195 673 298 709 Tunc
325 672 467 707 veniam
497 671 641 716 subito,
673 683 743 708 nee
771 671 964 720 quisquam
997 672 1147 709 nuntiet
1172 678 1282 710 ante.-

248 726 326 763 Sed
355 727 487 763 videar
514 728 619 764 caelo
649 727 782 763 missas
810 726 940 763 adesse
972 726 1051 763 tibi.

58 800 174 838 Cuius
213 802 374 851 priorem
419 809 560 852 partem
599 802 834 852 interpretati
866 808 950 838 sunt
988 802 1049 839 alii
1080 814 1127 840 ex
1156 801 1359 840 Plutarcho
1375 800 1497 854 ***).

57 856 151 894 Eam
190 856 366 893 videlicet
391 856 643 894 Romanorum
684 857 799 894 fuisse
837 856 1165 902 consuetudinem,
1206 863 1246 894 ut
1276 856 1422 894 domum
1454 870 1501 895 ex

57 913 362 962 peregrinatione
412 911 567 949 redituri
606 913 913 963 praemitterent,
962 912 1024 962 qui
1065 911 1242 949 uxoribus
1287 913 1502 949 nuntiarent

57 968 157 1017 ipsos
189 966 415 1012 adventure,
461 967 539 1004 sive
572 974 608 1004 ut
647 968 733 1004 illae
770 979 809 1003 se
839 966 1054 1017 diligentius
1095 965 1141 1004 ad
1183 968 1284 1004 viros
1322 966 1502 1005 decenter

57 1021 299 1072 excipiendos
329 1029 619 1072 praepararent:
651 1023 730 1060 sive
763 1033 809 1058 ne
840 1023 910 1059 viri
941 1029 1113 1073 tanquam
1145 1021 1191 1060 de
1221 1022 1364 1059 illarum
1397 1022 1502 1073 pudi-

57 1078 146 1114 citia
176 1076 387 1114 dubitantes
425 1078 546 1114 subito
578 1090 641 1115 eas
669 1077 878 1127 opprimere
911 1077 1005 1114 velle
1036 1077 1276 1115 viderentur:
1319 1078 1418 1123 sive,
1460 1085 1502 1115 ut

57 1131 201 1182 quidam
236 1132 297 1168 alii
329 1131 521 1177 dixerunt,
560 1146 606 1170 ne
639 1133 833 1183 repentina
864 1133 919 1169 vis
948 1131 1073 1182 gaudii
1107 1145 1153 1170 ex
1182 1132 1305 1169 subito
1336 1133 1501 1170 virorum

57 1186 233 1236 adspectu
283 1199 348 1223 eas
392 1189 566 1238 graviore
613 1188 737 1238 aliquo
782 1187 1015 1224 incommodo
1058 1186 1254 1224 adiiceret.
1334 1186 1410 1224 Sed
1453 1187 1501 1225 ad

57 1243 301 1293 posteriorem
328 1254 473 1278 versum
505 1255 612 1279 nemo
642 1244 782 1291 adhuc,
818 1241 915 1292 quod
946 1243 1083 1287 sciam,
1117 1241 1312 1292 quidquam
1342 1243 1499 1288 notavit,

56 1310 127 1348 quo
157 1298 187 1333 is
219 1296 396 1334 illustrior
425 1297 548 1335 ficret.
596 1296 799 1335 Sciendum
832 1297 947 1346 igitur
974 1304 1047 1341 est,
1079 1296 1199 1334 fuisse
1229 1296 1317 1334 illud
1347 1297 1501 1347 vulgare

57 1351 228 1403 loquendi
259 1364 401 1401 genus,
440 1359 479 1388 ut
515 1354 620 1390 caelo
649 1353 780 1389 missos
809 1350 1002 1396 dicerent,
1045 1364 1137 1402 quos
1168 1352 1358 1402 inopinato
1398 1352 1502 1390 vide-

57 1414 154 1445 rent.
214 1407 349 1457 Neque
378 1407 467 1444 mihi
498 1407 568 1444 hoe
597 1406 701 1444 credi
734 1407 893 1457 postulo,
926 1405 990 1444 sed
1022 1407 1127 1456 gravi
1158 1414 1195 1444 et
1226 1407 1374 1445 erudito
1407 1409 1502 1445 scri·

58 1463 178 1513 ptori,
208 1462 378 1499 Minucio
409 1462 553 1508 Felici,
587 1463 647 1512 qui
678 1463 728 1499 ita
759 1462 889 1499 scribit
920 1463 954 1499 in
986 1462 1145 1500 Octavio
1161 1461 1237 1514 †):
1277 1465 1320 1501 In
1350 1463 1502 1501 leodz'er-

58 1531 143 1555 num
174 1518 364 1567 inopinato
393 1519 514 1564 visos,
555 1518 660 1556 caelo
689 1519 846 1564 missosj-
884 1518 1066 1567 ignobiles
1095 1524 1134 1556 et
1158 1519 1333 1567 ignotos,
1371 1525 1501 1557 terrae

57 1572 154 1610 lilios
181 1573 427 1610 nominamus.

543 1690 825 1731 CAPUT
882 1691 1013 1730 VIII.

146 1769 361 1822 Ii’efutatum
395 1771 588 1821 impudens
617 1776 655 1808 et
686 1771 835 1820 impium
862 1769 1092 1807 mendacium
1119 1770 1228 1807 Petra·
1254 1770 1405 1808 Criniti.

57 1848 238 1907 mes
268 1868 438 1907 Crinitus
453 1867 561 1921 ἦῆ),
602 1868 865 1913 Florentinus,
906 1875 1049 1919 patrum
1081 1875 1289 1905 nostrorum
1323 1871 1502 1908 memoria

58 1925 174 1962 libros
204 1925 344 1975 aliquot
371 1925 522 1975 scripsit
552 1923 598 1962 de
621 1924 777 1962 honesta
805 1923 1023 1974 disciplina:
1056 1922 1100 1960 de
1128 1923 1260 1974 quibus
1283 1924 1320 1960 in
1353 1926 1503 1963 univer-

60 1993 139 2017 sum
179 1979 266 2029 quid
305 1980 487 2025 sentiam,
534 1991 605 2017 non
645 1979 764 2017 haheo
805 1991 963 2016 necesse
1006 1977 1148 2017 dicere.
1218 1978 1312 2016 Illud
1352 1979 1501 2030 quidem

60 2041 163 2072 certe
193 2035 325 2085 negari
363 2048 435 2072 non
466 2041 614 2085 potest,
659 2034 771 2072 multa
808 2034 843 2071 in
875 2034 930 2071 eis
966 2034 1133 2083 vulgaria
1170 2046 1238 2084 pro
1278 2034 1499 2082 reconditis,

59 2090 154 2128 falsa
185 2103 252 2140 pro
281 2090 403 2136 veris,
446 2103 541 2127 nova
570 2102 636 2140 pro
664 2089 854 2127 veteribus
884 2089 980 2138 legi:
1023 2089 1130 2139 quale
1162 2095 1221 2126 est
1248 2090 1502 2140 turpissimum

60 2143 149 2182 illud
176 2151 215 2183 et
245 2143 621 2195 impudentissimum,
661 2152 701 2182 ut
730 2145 808 2196 ipse
837 2151 970 2191 vocat,
1002 2143 1164 2181 Senatus
1194 2145 1422 2192 consultum,
1454 2159 1503 2184 ex

61 2214 131 2251 quo
161 2200 395 2238 concinnavit
426 2207 537 2251 caput
565 2206 735 2237 octavum
764 2199 848 2237 libri
878 2198 1088 2238 undecimi:
1132 2198 1230 2250 quod
1260 2213 1389 2246 nemo,
1430 2201 1502 2238 nisi

60 2256 169 2306 plane
210 2255 348 2292 obesae
378 2256 504 2301 naris,
548 2269 619 2293 non
654 2255 774 2292 statim
800 2253 1082 2300 animadvertit,
1124 2254 1215 2291 nihil
1247 2268 1401 2305 prorsus
1442 2269 1503 2293 re-

62 2308 188 2348 dolere
216 2310 469 2360 antiquitatis,
501 2310 567 2348 sed
595 2317 657 2348 aut
687 2310 732 2348 ab
764 2311 844 2361 ipso
873 2309 1019 2347 Crinito
1050 2310 1247 2347 confictum
1281 2322 1386 2356 esse,
1419 2318 1500 2357 aut,

62 2364 158 2416 quod
189 2364 403 2403 credibilius
431 2372 503 2411 est,
535 2378 556 2403 a
587 2365 771 2403 nebulone
802 2366 941 2416 aliquo,
975 2366 1036 2415 qui
1065 2365 1135 2415 ipsi
1168 2363 1314 2402 Crinito
1345 2365 1502 2403 illudere

60 2419 233 2457 voluerit.
286 2419 340 2457 At
361 2420 431 2458 hoc
462 2420 606 2471 quidem
632 2435 704 2458 non
732 2422 855 2471 magni
879 2421 1053 2458 momenti
1083 2426 1159 2457 est:
1196 2420 1267 2457 nisi
1294 2420 1389 2471 quod
1416 2421 1502 2458 talia

61 2473 213 2525 indigua
243 2482 345 2513 certe
376 2482 505 2522 erant,
537 2489 630 2527 quae
659 2477 895 2514 referrentur
925 2476 961 2513 in
994 2488 1060 2513 eos
1089 2475 1227 2522 libros,
1260 2489 1413 2528 quorum
1446 2477 1504 2514 in-

135 2583 177 2618 372]
198 2585 289 2613 Hunc
309 2591 399 2613 usum
419 2583 509 2612 vocis
530 2584 712 2618 qmmdoque
732 2584 817 2614 Livii
839 2585 986 2618 exemplo
1006 2586 1113 2612 tuetur
1134 2582 1257 2618 Scionp.
1281 2585 1320 2611 de
1341 2583 1405 2612 stil.
1426 2583 1506 2612 nist.

60 2628 132 2656 pag.
155 2621 223 2649 13⁴.
252 2622 301 2650 ed.
331 2621 435 2650 Fabri.
473 2623 567 2651 Adde
594 2625 722 2652 sueton.
744 2623 805 2652 Tit.
835 2630 903 2658 cap.
925 2623 954 2652 9.
995 2623 1096 2651 Tacit.
1117 2623 1237 2650 Annal.
1264 2623 1287 2650 Ι.
1311 2622 1342 2650 4.
1378 2622 1430 2650 vl.
1451 2621 1503 2650 20.

61 2662 163 2694 Supra
184 2660 235 2688 ΧΙ.
258 2661 284 2687 1.
323 2660 436 2688 szsx.

135 2706 203 2741 vie-*J
224 2707 332 2741 Elegg.
354 2708 376 2735 1.
397 2708 428 2741 3,
449 2706 490 2735 89
511 2714 558 2741 sq.
597 2707 665 2736 Alii
684 2714 723 2736 ne
742 2708 912 2743 quisquam.

135 2754 229 2790 -12--222--:::-)
251 2755 380 2789 Quaest.
400 2756 489 2783 Rom.
511 2762 581 2790 pag.
603 2756 673 2785 266.
694 2757 735 2784 A.

134 2801 179 2840 ἡ)
201 2810 269 2837 cap.
291 2804 340 2832 22.
361 2804 392 2838 ὅ.
416 2804 464 2831 11.
504 2803 551 2832 Cf.
572 2803 612 2832 A.
633 2803 782 2833 Pontiani
803 2802 937 2833 Miscell.
958 2809 1026 2836 cap.
1051 2802 1100 2830 18.

134 2850 207 2887 ᾖ)
228 2849 274 2881 Cf.
296 2853 376 2881 Mur.
398 2850 502 2879 Praef.
525 2851 565 2879 ad
586 2852 691 2880 schol.
711 2851 743 2880 in
763 2853 874 2881 Horat.
894 2851 1022 2890 sub-tfin.
1044 2851 1124 2886 opp.
1148 2851 1235 2878 Tum.
1257 2852 1294 2880 ll.
1316 2857 1386 2885 pag.
1407 2850 1478 2879 940.

1170 2887 1260 2929 19*

1528 1697 1592 1728 304
