1778 3096
493 147 506 158 v.
535 117 631 156 LIB.
666 116 799 157 XVII.
859 115 978 154 CAP.
1015 113 1067 154 V.
1443 109 1523 152 397

602 228 633 267 C
663 226 700 266 A
727 227 761 267 P
788 227 825 266 U
851 227 886 266 T
946 225 1000 266 V.

90 309 285 347 Ciceronis
304 319 378 358 pro
410 306 565 346 Rabirio
595 307 767 344 Postumo
797 306 921 342 oratio
951 317 1000 341 ez·
1026 301 1214 341 veteribus
1243 299 1351 339 libris
1381 298 1526 336 duobus

554 362 646 400 locis
674 361 821 410 aliquot
847 360 1057 396 emendata.

85 428 364 486 PERCURRAM
401 448 514 486 animi
551 461 682 486 caussa
720 447 927 483 orationem
959 444 1157 482 Ciceronis
1193 456 1261 494 pro
1287 440 1334 480 C.
1368 441 1525 479 Rabirio

86 503 252 541 Curiano
282 503 484 549 Postumo,
525 504 561 540 in
592 517 661 553 qua
691 501 802 539 multa
842 508 1054 538 notaveram
1095 499 1231 536 abhinc
1259 510 1375 546 annos
1409 508 1526 548 prope

84 559 217 608 viginti
258 570 305 595 ex
343 557 484 595 duobus
514 558 703 595 veteribus
733 555 862 600 libris3
908 567 1062 606 quorum
1095 567 1204 590 unum
1240 553 1329 589 mibi
1365 565 1527 590 eommo-

86 611 170 650 dato
187 612 232 664 ἦε)
266 611 423 650 dederat
450 612 666 650 Alexander
698 610 932 655 Glorierius,
966 617 1052 646 tunc
1082 607 1231 646 auditor
1261 620 1386 653 meuS,
1428 618 1526 644 nune

84 668 144 717 vir
172 668 417 719 clarissimus,
440 669 574 718 quique
607 668 676 705 sibi
695 666 870 703 universa
903 665 1052 703 civitate
1082 662 1279 715 plaudente
1305 661 1351 699 ad
1373 662 1526 699 altiores

85 720 280 772 dignitatis
311 722 448 772 gradus
478 724 573 761 viam
602 723 738 760 virtute
769 719 932 771 quotidie
963 719 1100 765 munit;
1138 718 1292 754 alterum
1324 716 1528 754 donaverat

85 776 194 814 homo
223 777 391 815 eruditus
416 776 586 828 idemque
609 778 782 827 antiquae
809 775 1004 826 probitatis
1030 787 1073 811 ac
1102 772 1204 815 fidei,
1229 772 1414 809 Hercules
1437 771 1528 809 Cio—

85 832 209 870 fanus.
271 832 348 871 Sed
378 846 459 870 cum
500 845 627 869 eorum
664 833 840 882 pleraque
879 837 1008 881 postea
1049 829 1159 866 etiam
1188 827 1392 864 Lambinus
1423 833 1529 864 nota-

85 888 205 933 verit,
247 888 439 938 inspiciam
481 887 610 925 eodem
650 894 817 937 tempore
854 893 959 924 notas
998 885 1137 935 ipsiuS,
1188 890 1226 921 et
1266 895 1359 933 quae
1399 881 1445 919 ab
1481 894 1528 919 eo

85 941 343 981 animadversa
373 950 482 980 erunt
512 943 838 993 praetermittens,
883 942 912 978 si
943 940 1028 990 quid
1059 946 1123 976 aut
1153 939 1268 989 ipsius
1300 937 1530 988 diligentiam

85 998 247 1048 fugerit,
280 1005 342 1036 aut
370 998 479 1035 aliter
509 999 546 1035 in
578 998 674 1043 illis,
708 1010 798 1048 quos
829 995 926 1041 dixi,
958 995 1062 1032 libris
1096 995 1273 1045 seriptum
1299 994 1431 1038 fuerit,
1464 991 1531 1030 ad-

85 1053 237 1091 notabo.
289 1053 419 1091 Statim
450 1053 564 1103 igitur
591 1054 626 1090 in
657 1054 735 1101 ipso
764 1052 945 1102 principio
976 1052 1026 1088 ita
1048 1050 1158 1100 vulgo
1189 1050 1343 1099 legitur:
1378 1049 1424 1087 St
1448 1049 1531 1099 queis·

85 1115 165 1154 est,
203 1109 369 1155 iudices,
413 1110 480 1159 qai
516 1110 557 1146 C.
600 1108 819 1152 Rabirium,
864 1107 964 1158 qaod
999 1118 1090 1143 suae
1120 1104 1311 1157 fortunae
1337 1102 1531 1154 fundatas

79 1166 310 1214 praesertim
344 1170 458 1214 atque
481 1165 615 1214 optime
644 1164 867 1201 constitutas
894 1175 981 1213 opes
1000 1162 1186 1212 potestati
1215 1161 1346 1209 regiae
1366 1159 1532 1196 libidini-

86 1231 158 1269 que
185 1220 433 1264 commiserit,
475 1219 818 1268 reprehendendam
853 1224 976 1267 patet.
1035 1216 1088 1253 At
1117 1217 1153 1252 in
1193 1228 1320 1252 eorum
1353 1213 1529 1250 librorum

84 1280 267 1324 utroque:
304 1274 411 1323 Quod
439 1286 528 1310 suas
548 1273 761 1322 fortunas,
780 1272 973 1323 fiendatas
996 1272 1223 1321 praesertim
1253 1276 1365 1318 atque
1396 1270 1531 1318 optime

86 1331 332 1374 constitutas,
377 1329 565 1378 potestati
600 1329 732 1377 regiae
783 1333 823 1364 et
862 1333 1002 1365 cetera.
1072 1325 1206 1376 Neque
1246 1324 1335 1361 mihi
1377 1323 1528 1361 dubium

86 1391 168 1430 est,
211 1384 297 1434 quin
328 1383 420 1420 haee
453 1383 636 1433 scriptura
666 1383 792 1420 verior
821 1379 974 1432 sitisti).
1036 1379 1153 1418 Certe
1184 1381 1281 1418 enim
1322 1392 1409 1429 opes
1437 1378 1531 1428 sor-

88 1446 201 1478 tunae
230 1452 321 1477 suae
355 1437 490 1476 Latine
527 1437 599 1475 dici
639 1450 713 1474 non
750 1443 853 1488 puto.
914 1435 1025 1484 Quod
1063 1443 1185 1474 autem
1221 1437 1374 1474 Curtius
1412 1434 1530 1471 fuisse

88 1494 223 1531 dicitur
267 1493 375 1531 huius
415 1493 562 1531 Rabirii
600 1499 729 1543 pater,
782 1498 886 1530 recte
931 1493 968 1529 in
1008 1492 1197 1529 veteribus
1243 1490 1350 1527 libris
1393 1489 1531 1539 legitur

90 1551 249 1588 Curias:
290 1547 388 1599 quod
417 1561 497 1585 cum
527 1560 548 1585 a
578 1547 762 1585 Lambino
795 1558 940 1597 quoque
968 1547 1020 1584 ita
1045 1545 1279 1584 emendatum
1311 1545 1381 1590 sit,
1420 1557 1531 1595 prae-

88 1604 356 1649 termisissem,
398 1603 469 1640 nisi
499 1615 583 1640 eum
622 1602 864 1652 incogitantia
900 1601 1054 1653 quadam
1093 1603 1128 1638 in
1159 1600 1317 1639 eundem
1361 1612 1531 1637 errorem

88 1659 209 1698 denuo
241 1659 470 1709 provolutum
495 1657 676 1697 viderem.
730 1656 826 1694 Nam
859 1658 920 1707 qui
950 1664 1053 1695 recte
1083 1657 1224 1708 aliquot
1254 1656 1347 1693 locis
1378 1657 1532 1693 Cariam

88 1715 320 1765 scripsisset,
345 1714 539 1751 immemor
565 1713 640 1759 sui,
669 1713 707 1749 in
736 1719 918 1758 extremo,
941 1713 1002 1750 ubi
1032 1713 1240 1750 rectissime
1264 1711 1400 1761 legitur
1415 1709 1528 1761 δὲὴΜΕ),

94 1773 196 1808 'I'ane
222 1782 261 1807 es
290 1769 547 1819 Curiifilias,
589 1774 726 1813 mutat,
758 1780 877 1818 neque
906 1769 1100 1819 precario,
1143 1766 1210 1805 sed
1241 1767 1348 1817 plane
1377 1764 1531 1804 directis

86 1825 213 1863 verbis
251 1824 433 1874 imperat,
478 1830 518 1861 ut
553 1822 700 1873 legatur
739 1824 874 1860 Curtii.
946 1823 1024 1862 Vix
1059 1822 1147 1860 illud
1188 1821 1386 1859 notandum
1425 1827 1530 1872 puto,

89 1879 187 1932 quod
226 1879 262 1917 in
299 1879 359 1916 illo
376 1877 454 1931 ᾧ),
500 1880 673 1929 Quamvis
707 1885 857 1929 patrem
893 1891 998 1916 suum
1035 1890 1234 1928 numquam
1269 1878 1439 1922 viderat,
1485 1876 1532 1914 ab

89 1943 245 1985 utroque
274 1934 368 1972 libro
398 1934 505 1971 abest
534 1947 605 1971 vox
633 1946 754 1971 suam.
815 1932 890 1970 Sed
921 1941 1026 1971 certe
1056 1935 1168 1971 multo
1211 1932 1341 1970 melius
1372 1933 1409 1969 in
1441 1931 1533 1969 Glo-

89 1991 277 2035 rieriano,
326 1991 470 2028 Multas
499 1996 632 2039 partes
669 1989 803 2026 habuit
834 1988 1094 2039 publicorum,
1146 2002 1277 2039 quam,
1324 1994 1365 2024 ut
1402 1987 1530 2036 vulgo,

83 2046 386 2098 publicanorum.
453 2044 495 2081 In
539 2043 670 2081 eodem
713 2044 823 2081 etiam
864 2051 1038 2094 corrupte
1061 2042 1167 2096 ††),
1221 2044 1334 2081 Caius
1371 2044 1532 2080 reditum

91 2102 316 2140 considicum
346 2101 495 2137 datam.-
527 2098 627 2137 unde
657 2099 819 2136 coniieio
851 2099 1069 2148 legendum:
1119 2100 1277 2137 Consule·
1302 2098 1533 2136 commenda-

92 2164 183 2196 tam.
242 2155 286 2193 In
326 2155 422 2192 libro
459 2161 581 2191 autem
617 2154 767 2192 Ciofani
804 2153 888 2191 illud
925 2155 1118 2204 praeclare
1134 2153 1274 2206 †·:†·†)
1317 2156 1412 2192 Sunt
1448 2154 1534 2190 lites

91 2212 311 2250 aestimatae
347 2213 402 2249 A.
449 2210 628 2248 Gabinio:
677 2223 744 2247 ηερ
772 2210 936 2260 praedes
975 2211 1081 2256 dati,
1120 2223 1188 2247 nec
1227 2222 1277 2246 ea:
1311 2210 1390 2245 eius
1428 2208 1533 2245 bonis

92 2273 232 2318 quanta
263 2278 406 2303 summa
436 2266 554 2303 liliam
572 2264 673 2316 suit,
705 2266 858 2302 servari
877 2271 1026 2314 potest.-
1059 2278 1151 2315 quae
1180 2265 1288 2314 plane
1318 2264 1533 2313 incorrupta

92 2329 151 2360 est
182 2322 279 2359 illius
317 2321 388 2357 loci
418 2320 614 2370 scriptura.
674 2318 769 2357 Illud
804 2332 948 2370 quoque
977 2321 1014 2358 in
1052 2327 1208 2370 utroque
1237 2326 1341 2356 recte
1377 2318 1530 2369 legitur,

167 2440 211 2476 ξε)
237 2442 380 2469 Muretus
400 2438 545 2476 scripsit,
573 2441 663 2469 certe
683 2440 821 2469 scribere
842 2440 964 2476 debuit,
995 2440 1248 2468 commodaverat.
1287 2440 1325 2468 D.
1347 2440 1384 2467 R.
1405 2454 1441 2459 ——
1480 2437 1533 2467 Sic

93 2485 192 2514 supra
211 2477 382 2512 scripserat
409 2477 461 2505 lib.
484 2478 534 2505 lX.
556 2485 623 2512 cap.
645 2479 674 2506 3.
702 2486 789 2514 quem
814 2480 886 2507 mihi
911 2479 1111 2508 commodavit
1130 2477 1280 2507 Hercules
1303 2477 1453 2512 Ciofanas
1473 2480 1532 2506 cet.

94 2516 143 2547 Cf.
160 2516 287 2545 Krebsii
307 2516 472 2545 Antibarb.
493 2522 564 2550 pag.
587 2514 656 2544 149.

169 2557 236 2598 ἕπε-κε)
259 2562 396 2592 Orellius
418 2563 579 2597 vulgatam
599 2570 674 2591 suae
691 2563 838 2598 fortunae
858 2563 998 2592 retinuit.

167 2610 260 2646 ete-22:³2³)
281 2617 348 2646 cap.
370 2611 418 2640 17.
441 2612 473 2646 g.
493 2611 543 2640 45.
585 2611 722 2640 Orellius
743 2612 861 2641 inserto
883 2610 1105 2646 praenomine:
1126 2611 1197 2639 tune
1216 2618 1249 2640 es
1273 2613 1304 2641 C.
1327 2612 1413 2639 Uarii
1430 2610 1534 2648 filias?

169 2659 214 2697 Ἠ
235 2666 303 2693 cap.
324 2660 352 2687 2.
375 2659 407 2694 S.
428 2659 457 2688 4.
497 2660 676 2687 pronomen
702 2667 789 2688 suum
817 2660 912 2688 etiam
933 2660 1103 2689 Ernestius
1131 2663 1227 2694 atque
1248 2660 1386 2689 ofellius
1406 2661 1534 2691 nabent.

94 2700 131 2728 In
149 2705 235 2732 seqq.
257 2697 365 2725 iidem:
386 2703 512 2733 maynas
529 2698 636 2731 partes
655 2698 757 2725 habuit
776 2699 977 2732 publicorum.

170 2743 244 2784 ††)
264 2749 334 2779 cap.
353 2744 383 2773 3.
406 2745 438 2780 S.
458 2745 489 2774 6.
526 2744 693 2774 Ernestius
714 2748 745 2774 et
767 2745 920 2774 Orellius:
942 2746 1030 2774 cuius
1049 2746 1181 2774 reditum
1202 2745 1358 2774 consuli
1377 2745 1514 2776 datum.

95 2791 273 2867 ηεὲ-Ρ-ξ-τῑ)
298 2799 369 2829 cap.
388 2792 419 2824 4.
443 2792 476 2830 S.
496 2793 526 2823 8.
572 2793 738 2825 Ernestius
765 2795 796 2824 et
821 2793 977 2824 ofellius:
1010 2794 1106 2823 litium
1132 2792 1305 2830 fuisset,
1336 2802 1356 2824 a
1381 2796 1533 2832 populo

1557 1218 1620 1249 417
