1726 3106
518 106 619 147 LIB.
652 108 703 146 11.
765 105 883 147 CAP.
915 105 1006 147 XII.
1426 108 1478 152 41

540 213 829 254 CAPUT
884 214 985 255 XII.

134 297 255 335 Genus
283 291 467 346 quoddam
497 292 675 399 loquefndz‘
697 293 944 331 Horatz'anum
973 293 1166 332 indicatur
1196 306 1216 331 e
1247 294 1392 333 Graeco

618 353 704 385 onte
731 359 915 385 manasse.

274 426 373 484 OUR
402 459 459 484 me
487 448 647 496 querelis
676 447 872 485 exanimas
902 446 1006 484 luis?

265 504 345 542 Nec·
375 502 448 538 dlis
475 503 630 539 amicum
660 509 736 547 est,
773 515 841 539 nee
868 501 980 547 milei,
1012 507 1047 539 te
1068 502 1180 551 prius

270 558 404 601 Obz‘re,
435 558 660 602 Maecenas,
689 569 853 594 mearum

270 611 421 650 Grande
449 612 563 648 decus
593 613 828 662 columenque
857 623 1000 648 rerum.

48 685 194 724 Versus
229 686 266 724 hi
304 694 415 733 sunt,
451 694 490 725 ut
530 694 653 725 notum
685 695 765 734 est,
802 700 823 726 e
851 685 1015 725 seeundo
1047 685 1109 724 lib.
1165 684 1326 724 Odarum
1356 685 1482 727 Hora-

47 741 177 790 stiffi:
218 742 254 779 in
293 742 423 793 quibus
456 755 595 792 genere
630 741 804 794 loquendi
841 756 929 780 usus
967 748 1023 780 est
1059 748 1145 792 apto
1176 743 1238 779 illo
1267 741 1413 793 quidem
1443 751 1480 782 et
1503 753 1544 785 45

49 797 240 846 eleganti,
286 797 352 835 sed
387 797 483 848 apud
512 797 667 835 Latinos
711 811 782 835 non
822 797 954 843 valde,
996 797 1068 834 nisi
1109 809 1165 835 me
1196 798 1288 834 fallit
1318 799 1479 846 animus,

49 852 202 890 usitato.
262 851 360 890 Nam
389 854 545 891 amicum
567 867 645 891 esse
657 850 727 905 ἢ)
758 854 901 903 aliquid
921 853 1006 898 diss,
1041 865 1106 902 pro
1124 865 1169 889 eo
1188 852 1284 903 quod
1302 860 1374 898 est,
1407 853 1480 892 diis

48 905 99 943 ita
127 905 275 954 videri,
306 920 350 945 ac
380 908 556 959 placere,
587 908 650 946 uhi
678 915 873 959 praeterea
902 908 1069 957 legatur,
1103 907 1269 957 equidem
1300 907 1395 946 haud
1426 910 1481 947 fa-

49 961 122 998 cile
156 961 329 1000 dixerim.
389 962 525 1013 Neque
563 975 651 1000 sane
692 976 737 1000 ea
766 961 912 1000 dicendi
945 963 1038 998 ratio
1068 962 1248 1000 Romanis
1276 961 1483 1002 domestica

48 1028 92 1053 ac
130 1019 329 1055 vernacula
366 1024 448 1063 est,
492 1016 556 1055 sed
592 1025 693 1054 trans
729 1031 829 1055 marc
867 1017 980 1067 petita
1018 1016 1063 1054 ob
1101 1017 1210 1068 idque
1241 1031 1312 1055 non
1342 1019 1482 1057 obesae

49 1071 151 1108 naris
165 1069 266 1123 ἢῆ
307 1072 515 1109 hominibus
552 1069 710 1122 ’ἡδίστης
737 1069 840 1118 τινὸς
866 1068 1004 1118 ὄζουσα
1032 1071 1164 1118 ξενίας.
1223 1072 1266 1109 ld
1296 1081 1337 1110 ut
1365 1075 1482 1125 magis

47 1127 314 1176 perspiciatur,
345 1127 483 1177 aliquot
512 1127 609 1163 illius
638 1127 805 1177 exempla
836 1139 855 1164 e
888 1126 1040 1163 duorum
1071 1134 1153 1175 post
1183 1127 1350 1165 homines
1374 1137 1481 1166 natos

48 1180 433 1230 eloquentissimorum
464 1181 648 1218 hominum
680 1189 823 1233 sumpta
853 1182 955 1218 libris
987 1181 1202 1231 proferam3
1237 1182 1410 1228 Homeri,
1444 1191 1483 1222 et

48 1235 129 1272 eius
149 1264 161 1281 ,
219 1249 327 1287 quem
374 1236 576 1274 Panaetius
624 1237 826 1274 Homerum
887 1236 1185 1286 philosophorum
1204 1235 1254 1289 †)
1307 1239 1480 1277 vocabat.

45 1289 157 1340 Apud
189 1290 392 1330 Homerum
423 1291 537 1341 igitur
564 1291 687 1329 Pallas
716 1291 762 1329 ad
792 1292 915 1328 Iovem
947 1304 1010 1340 pro
1032 1291 1166 1342 Ulysse
1196 1292 1311 1330 verba
1340 1294 1483 1332 faciens

46 1352 127 1382 orat
155 1359 255 1392 eum,
286 1353 341 1392 ut,
372 1346 404 1384 si
436 1345 582 1397 quidem
613 1346 682 1384 diis
712 1347 866 1384 amicum
895 1344 1042 1398 est††)
1063 1359 1145 1383 eum
1174 1345 1318 1385 domum
1341 1348 1482 1399 redire,

45 1399 274 1439 Mercurium
296 1402 429 1447 mittat,
450 1400 562 1453 quiid
580 1400 785 1454 Calypsoni
810 1401 965 1440 nuntiet.
997 1400 1091 1438 Eius
1114 1401 1227 1440 verba
1248 1410 1330 1440 sunt
1342 1403 1481 1458 †·²l†)

202 1472 255 1516 Ὦ,
283 1474 400 1531 πάτερ
423 1474 597 1531 ἡμέτερε,
628 1479 820 1532 Κρονίδη,
850 1476 970 1517 ’ὕπατε
995 1474 1211 1530 κρειόντων,

212 1533 268 1572 Εἰ
297 1532 364 1583 μὲν
391 1531 438 1584 δὴ
467 1538 541 1573 νῦν
568 1538 680 1574 τοῦτο
710 1535 825 1584 φίλον
852 1530 1057 1586 μακάρεσσι
1081 1538 1222 1582 θεοῖσι,

212 1590 412 1640 Νοστῆσαι
433 1586 606 1640 Ὀδυσῆα
635 1590 827 1641 δαΐφρονα
854 1587 942 1628 ὅνδε
969 1585 1129 1639 δόμονδε
1157 1596 1232 1627 etc.

47 1662 157 1715 Apud
194 1663 390 1703 Platonem
428 1673 549 1703 autem
585 1666 762 1705 Socrates
800 1666 839 1703 in
875 1665 1061 1717 Apologia
1077 1663 1146 1716 ᾗ),
1183 1678 1265 1704 eum
1308 1664 1480 1714 dixisset,

47 1732 89 1757 se
117 1727 356 1766 tentaturum,
388 1721 421 1758 si
452 1728 580 1772 posset
612 1734 632 1759 e
666 1721 826 1758 iudicum
855 1722 988 1758 animis
1021 1722 1184 1759 evellere
1213 1734 1361 1772 pravam
1381 1723 1483 1761 illam

46 1775 272 1825 opinionem,
305 1789 412 1826 quam
441 1776 587 1814 adducti
619 1777 921 1813 calumniatorum
952 1777 1186 1814 sermonibus
1219 1776 1264 1814 de
1290 1777 1370 1826 ipso
1394 1790 1484 1816 con-

46 1837 249 1880 ceperant:
283 1830 348 1868 sed
379 1838 534 1882 putare,
566 1830 602 1868 id
632 1831 779 1869 difficile
811 1832 910 1869 factu
939 1832 1041 1869 fore:
1085 1832 1224 1869 Verum
1254 1838 1392 1877 tamen,
1425 1834 1484 1871 in-

46 1886 149 1935 quit,
195 1885 264 1922 hac
294 1885 440 1936 quidem
473 1886 518 1924 de
546 1899 586 1924 re
614 1887 664 1923 ita
696 1887 767 1933 sit,
807 1894 846 1923 ut
876 1885 947 1924 deo
976 1887 1131 1924 amicum
1163 1893 1232 1924 est.
1278 1884 1414 1937 ΓΌμως
1442 1886 1485 1927 δὲ

44 1942 157 1979 τοῦτο
192 1938 260 1990 μὲν
296 1940 384 1990 ἰ’τω,
423 1939 499 1996 ’ὅπῃ
535 1945 587 1996 τῷ
629 1944 711 1995 θεῷ
744 1940 868 1991 φίλον.
937 1940 988 1978 Et
1023 1941 1059 1978 in
1097 1940 1244 1990 dialogo
1275 1941 1362 1994 περὶ
1391 1959 1485 1996 πρα-

45 1998 138 2034 mov]
155 1994 252 2046 ᾗς),
283 2009 364 2034 cnm
395 1997 431 2034 ei
460 1997 617 2034 dixisset
647 1995 769 2042 Crito,
802 2008 930 2034 navem
965 2009 1010 2033 eo
1039 1995 1099 2034 die
1128 2009 1148 2034 e
1177 1995 1278 2034 Delo
1310 1999 1484 2049 appulsu-

47 2063 126 2088 ram
143 2047 266 2103 *5¹⁴*ss
300 2050 457 2103 ideoque
488 2053 559 2104 ipsi
583 2051 764 2104 postridie
795 2064 816 2090 e
840 2052 917 2091 vita
941 2051 1172 2103 migrandum
1203 2052 1310 2091 fore:
1340 2055 1480 2106 Atqui,

120 2204 163 2241 ἴε)
186 2206 242 2235 Od.
264 2206 313 2235 17.
334 2205 401 2234 init.
420 2205 497 2241 Leg.
517 2205 566 2233 dis
585 2212 641 2240 pro
662 2205 730 2233 diis.

119 2254 186 2289 ςῑεῑτε)
206 2255 288 2283 Vide
306 2253 449 2283 Lambini
469 2253 637 2288 epistolam
657 2254 677 2281 l.
697 2260 722 2281 c.
743 2259 815 2288 pag.
834 2252 906 2281 397.
945 2253 984 2282 D.
1005 2254 1044 2283 R.

122 2303 215 2337 *zzz-zzz)
236 2302 445 2331 Horatianum
466 2303 531 2337 est,
554 2301 617 2329 vid.
639 2302 738 2335 Epod.
760 2302 827 2330 ΧΠ.
848 2308 879 2330 ν.
899 2302 932 2330 3.

121 2347 179 2414 ἡδὶ
195 2351 361 2422 Ιζᾶῑὲὁιειη
390 2356 428 2378 eo
455 2348 579 2378 nomine
607 2348 777 2384 significari
804 2348 875 2383 quis
901 2349 1028 2379 nescit?
1058 2349 1128 2380 vid.
1158 2350 1222 2380 Cic.
1251 2351 1346 2381 Tusc.
1374 2351 1427 2382 liu.
1457 2355 1483 2382 l.

48 2392 117 2422 cap.
162 2406 188 2415 ψ.
224 2389 241 2414 ·.
305 2409 312 2415 .

122 2431 194 2471 ’ὶ--Η
211 2436 325 2477 *Nonne
350 2435 520 2469 legendum
546 2434 608 2479 sit?
636 2435 698 2464 Sed
724 2434 762 2464 cf.
783 2434 835 2479 lib.
855 2435 909 2463 IV.
938 2442 1006 2469 cap.
1027 2436 1055 2464 7.
1082 2436 1168 2464 addit
1193 2443 1304 2466 errore
1330 2445 1402 2481 εοε,
1432 2439 1483 2489 qni

46 2472 166 2543 ssffllt
188 2473 1303 2545 tlte,{latitent}·0ffi232-2⁶²;2‚'}e⁷‘{?'12..²‘22;²ae⁷‚²‚2'2552225”²‘mamm
1341 2477 1394 2505 ¹¹¹⁰·
1416 2477 1482 2506 ω·

122 2554 223 2594 ’ἐπι-Η
246 2557 359 2592 odyss.
379 2559 402 2586 Ι.
423 2564 455 2587 v.
475 2559 514 2586 81
536 2565 605 2593 sqq.

122 2604 165 2638 *J
187 2610 260 2639 pag.
281 2605 329 2634 19.
348 2606 389 2635 A.
400 2607 445 2634 st.

121 2652 188 2688 ³:1³³)
210 2652 328 2682 Criton.
348 2660 420 2689 pag.
440 2653 489 2682 43.
511 2655 548 2683 D.
562 2655 607 2684 st.

122 2701 215 2736 {sk->³20
235 2702 395 2736 Improbat
422 2704 504 2731 hunc
531 2710 622 2731 usum
651 2703 742 2732 verbi
770 2704 927 2738 appellere
945 2701 1089 2731 Handius
1109 2703 1222 2732 Lehrb.
1252 2703 1308 2731 des
1327 2704 1381 2733 lat.
1403 2704 1482 2733 stila

48 2745 120 2773 pag.
150 2740 220 2768 154.
253 2739 399 2775 quoniam
419 2741 459 2768 ab
487 2740 613 2773 optimis
640 2741 846 2775 scriptoribus
876 2740 991 2769 rectius
1019 2740 1174 2769 scribatur
1199 2743 1287 2769 nauis
1315 2743 1482 2776 appellitur

47 2776 136 2811 [scil.
157 2776 253 2806 remis
282 2778 322 2806 ad
341 2776 439 2812 litus]
452 2799 460 2814 ‚
495 2781 604 2806 contra
629 2778 774 2807 homines
793 2779 950 2813 appellere
968 2784 1073 2806 navem
1094 2779 1132 2806 ad
1154 2780 1255 2807 locuni
1275 2780 1409 2814 aliquem
1431 2781 1481 2809 di-

47 2817 167 2844 cantur.
205 2814 584 2845 cf.1{rebsiiAntiuarb.
614 2822 686 2851 pag.
709 2817 767 2846 111
788 2823 836 2851 sq.
874 2814 1052 2845 Defendant
1079 2815 1174 2851 igizur
1201 2819 1358 2848 Muretum
1385 2819 1480 2848 'raci-
