2912 4368
750 787 852 825 LIB.
888 787 1037 826 XVIII.
1101 786 1218 825 CAP.
1252 786 1323 824 IX.
1676 785 1753 827 431

323 908 359 938 et
388 902 436 937 ita
466 901 752 950 interpretatur:
789 900 872 936 Non
904 899 1011 947 coepi
1035 897 1127 935 haee
1151 910 1330 948 pernosse
1359 910 1462 935 more
1489 898 1687 942 maiorum,
1719 900 1760 937 id

322 963 400 1001 cst,
434 956 618 993 mde'cz'bus
646 955 786 992 amle'tzfs
814 967 880 991 seu
906 966 977 1002 per
1001 954 1155 990 z'nde'ces.
1218 956 1293 991 Per
1321 967 1399 999 me,
1431 954 1501 991 ltoe
1526 960 1604 999 est,
1637 956 1755 1000 solus,

321 1025 365 1048 ea
392 1011 602 1061 pet-quesivi
634 1017 672 1047 et
706 1011 786 1046 sine
825 1010 900 1045 ullo
941 1009 1074 1044 indice.
1135 1007 1209 1044 Hic
1238 1008 1406 1046 Alciatus
1446 1008 1615 1059 quidem,
1657 1011 1761 1059 opud

322 1067 515 1110 Plautum,
540 1065 694 1115 inquit,
733 1067 769 1101 in
798 1066 1015 1102 Mercatore
1045 1076 1146 1099 more
1177 1065 1358 1100 maiorum
1391 1077 1641 1114 cognoscere,
1684 1073 1757 1110 est,

321 1121 507 1158 indicibus
532 1121 641 1169 prius
672 1120 811 1156 auditis
835 1120 880 1155 cle
906 1131 948 1154 re
976 1118 1135 1167 capitali
1161 1131 1408 1166 cognoscere:
1433 1134 1501 1157 nee
1530 1122 1624 1156 enim
1650 1123 1760 1170 prius

320 1189 449 1214 nomen
479 1177 694 1225 cuiusquam
726 1176 825 1211 inter
853 1186 939 1210 reos
967 1172 1244 1221 recilu'ebcltm‘,
1278 1187 1386 1223 qaam
1418 1176 1593 1212 indicium
1606 1174 1759 1225 saelum

321 1237 430 1268 esset.
491 1230 621 1276 Quae,
663 1243 730 1280 per
763 1229 880 1265 Deum
913 1227 1179 1275 immortalem,
1226 1241 1286 1264 res
1319 1230 1484 1279 capitalis
1518 1230 1577 1267 hic
1608 1231 1760 1280 agitur?

320 1284 417 1335 quod
456 1284 627 1322 iudicium
677 1282 904 1321 exercetur?
970 1281 1070 1328 Quid
1110 1282 1179 1319 huc
1220 1297 1298 1320 mos
1340 1286 1516 1321 maiorum
1568 1285 1762 1336 pertinet?

321 1340 407 1391 quid
447 1341 530 1377 ullis
570 1340 752 1377 indicibus
794 1351 886 1389 opus
927 1338 1013 1375 est‘?
1079 1337 1252 1375 Incautus
1295 1338 1514 1376 adolescens
1561 1354 1626 1387 se,
1678 1354 1760 1378 cum

320 1394 493 1433 Rhodum
526 1397 710 1440 venisset,
744 1394 981 1431 mulierculae
1011 1406 1135 1430 amore
1166 1401 1308 1444 captum
1340 1396 1550 1433 confitetur.
1612 1395 1663 1433 Et
1692 1397 1759 1442 ait,

322 1452 353 1488 si
383 1450 568 1489 Alciatum
600 1457 788 1487 auctorem
821 1462 1001 1500 sequare,
1043 1462 1083 1485 se
1118 1448 1296 1486 adversus
1327 1464 1463 1487 morem
1498 1452 1675 1492 maiorum
1708 1452 1762 1488 fe-

321 1507 442 1551 cisse,
475 1507 536 1557 qui
567 1518 634 1556 per
665 1518 705 1542 se
734 1506 825 1542 haee
855 1511 1093 1555 percontatus
1125 1506 1194 1550 sit,
1231 1506 1310 1541 sine
1340 1505 1461 1543 indice
1493 1507 1629 1556 aliquo.
1690 1506 1761 1545 Vi·
1788 1511 1851 1541 454

320 1560 459 1599 delicet
489 1563 519 1598 is
551 1574 629 1598 mos
654 1561 830 1597 maiorum
860 1561 949 1605 fuit,
992 1567 1031 1596 ut
1059 1559 1339 1605 adolescentes,
1384 1574 1474 1611 quos
1508 1574 1613 1600 amor
1640 1575 1762 1599 mere-

320 1617 426 1653 tricis
458 1617 612 1653 alicuius
645 1617 834 1666 cepisset,
876 1629 946 1651 non
980 1628 1046 1665 per
1079 1628 1118 1651 se
1150 1614 1186 1652 id
1223 1624 1554 1665 percontarentur,
1599 1616 1664 1655 sed
1696 1631 1762 1654 ex-

322 1679 535 1722 spectarent
563 1670 722 1708 indicem
754 1671 934 1721 aliquem,
967 1678 1162 1719 antequam
1193 1671 1283 1720 ipsis
1317 1670 1361 1707 (le
1391 1685 1434 1708 ea
1462 1685 1501 1708 re
1532 1685 1761 1723 cognoscere

320 1726 465 1764 liceret.
528 1726 635 1773 Quae
671 1728 786 1763 istaec
824 1726 943 1762 diliria
977 1726 1089 1762 sunt?
1130 1739 1223 1775 quae
1263 1726 1549 1763 febricitantium
1590 1727 1763 1765 somnia?

320 1780 381 1818 En
422 1783 526 1819 cuius
568 1795 748 1831 responsa
788 1794 854 1831 pro
893 1781 1054 1817 oraculis
1096 1780 1233 1817 habere
1274 1781 1489 1821 debeamus.
1549 1783 1675 1823 Venio
1715 1782 1762 1821 ad

320 1837 406 1875 alia.
467 1837 510 1874 ln
541 1836 729 1873 veteribus
759 1836 864 1873 libris
896 1843 954 1872 est
968 1834 1037 1885 ἦε),
1068 1844 1193 1880 recte,
1224 1844 1263 1872 ut
1290 1844 1395 1886 puto,

482 1904 654 1952 Ineptz’a,
686 1902 922 1950 stultz'tz'aque
950 1903 1042 1938 adeo
1073 1909 1113 1939 et
1138 1904 1346 1939 temeritas.

319 1977 454 2029 Neque
484 1976 719 2016 metuendum
752 1984 810 2014 est
842 1979 988 2015 versui:
1034 1991 1116 2016 nam
1148 1977 1242 2015 duae
1277 1987 1549 2025 consonantes,
1582 1994 1602 2017 a
1631 1980 1764 2031 quibus

319 2047 392 2072 vox
436 2046 597 2084 sequens
637 2033 791 2083 incipit,
836 2032 1043 2082 producunt
1081 2035 1269 2080 vocalem,
1313 2048 1406 2085 quae
1445 2037 1677 2081 antecessit,
1726 2043 1764 2073 ut

320 2088 411 2129 ἔπεα
437 2085 660 2141 πτερόεντα,
691 2095 728 2125 et
755 2089 791 2124 in
822 2088 882 2124 illo
912 2086 1132 2140 Enniissssffx‘),

488 2157 610 2193 Caesa
641 2155 840 2192 accidisset
870 2155 921 2191 ad
950 2160 1091 2191 terram
1122 2155 1282 2205 abiegna
1316 2156 1458 2193 trabes.

321 2230 386 2269 Sic
416 2232 512 2270 enim
545 2231 651 2281 plane
683 2238 832 2269 veteres
864 2230 971 2267 libri:
1015 2237 1052 2267 et
1082 2232 1117 2268 in
1150 2232 1211 2269 illo
1243 2232 1378 2271 Catulli
1397 2231 1515 2285 ἱῖᾲῆυξὲῆἓ),

484 2299 537 2335 Ec
564 2299 648 2334 {mle
682 2304 739 2335 tot
758 2310 832 2347 per
859 2298 1075 2347 impotentia
1093 2296 1223 2348 freta,

320 2369 359 2401 et
389 2375 501 2412 saepe
532 2363 633 2399 alibi.
687 2363 959 2399 Grammaticos
991 2370 1111 2399 autem
1142 2378 1212 2401 non
1245 2364 1364 2402 habeo
1393 2367 1517 2411 nauci,
1550 2367 1609 2416 qui
1641 2367 1765 2415 inepte

320 2419 497 2467 ineptiam
526 2417 601 2456 dici
628 2425 755 2457 vetant
769 2417 838 2470 †),
861 2420 1020 2469 ineptias
1046 2419 1188 2458 iubent.
1222 2419 1368 2484 KMagis
1387 2434 1443 2460 me
1464 2422 1665 2460 Terentius
1678 2422 1761 2475 ἦῆ)

320 2479 465 2511 movet:

484 2541 544 2578 Ita
574 2552 631 2576 me
662 2540 704 2576 de·
729 2546 876 2585 ament,
907 2547 949 2577 ut
976 2540 1080 2577 video
1112 2553 1180 2590 ego
1210 2547 1310 2578 tetam
1341 2543 1533 2591 ereptioni,

483 2596 691 2632 Facturum
721 2596 854 2640 eredo,
887 2602 929 2632 at
956 2596 1096 2633 habeas
1125 2598 1269 2646 quicum
1300 2600 1475 2636 cantc'tes.

322 2658 365 2695 In
397 2658 459 2695 illo
487 2658 661 2696 Plautino
690 2672 801 2697 versu
816 2658 950 2712 †††)‚

486 2727 676 2776 Principio
704 2733 817 2776 atque
846 2728 991 2764 animus
1021 2727 1171 2777 ephebis
1202 2735 1328 2766 aetate
1358 2730 1469 2775 eoee‘z't,

323 2802 436 2828 voces
464 2791 549 2829 illae
579 2798 690 2841 atque
719 2794 867 2830 animus
897 2792 1077 2831 delendae
1100 2800 1207 2830 sunt:
1243 2802 1280 2830 ut
1310 2807 1403 2845 quae
1436 2795 1506 2833 huc
1530 2808 1551 2832 e
1580 2796 1763 2846 principio

322 2858 456 2883 versus
488 2847 679 2897 sequentis
717 2848 950 2898 irrepserint.
1011 2849 1106 2886 Nam
1137 2849 1363 2895 Lambinus,
1405 2849 1464 2901 q'ui
1496 2864 1562 2900 pro
1592 2852 1646 2887 eis
1677 2851 1764 2888 sub-

324 2901 442 2938 stituit
472 2908 518 2939 ut
543 2904 709 2948 animus,
743 2904 940 2941 occultavit
969 2905 1120 2950 vitium,
1164 2918 1234 2941 non
1267 2906 1428 2942 sustulit.
1492 2906 1540 2943 Et
1571 2906 1762 2943 ridiculum

323 2963 382 2993 est
411 2955 562 3003 dicere,
601 2957 763 2994 animum
794 2959 918 2996 exisse
950 2972 997 2996 ex
1028 2960 1205 3010 ephebis:
1248 2962 1351 3011 quasi
1384 2961 1494 2998 animi
1526 2975 1669 3012 quoque
1698 2975 1765 3013 pu-

323 3010 503 3058 bescant,
536 3018 577 3049 ut
604 3025 776 3063 corpora.
835 3013 1053 3064 Legendum
1085 3022 1222 3061 autem,

486 3078 675 3128 Principio
708 3085 752 3116 ut
778 3092 826 3117 ea:
856 3081 1006 3130 eplzebz's
1034 3089 1160 3120 aetate
1189 3083 1293 3119 exies:

398 3185 442 3220 *J
462 3192 491 3214 v.
512 3186 561 3215 26.
603 3188 722 3221 Ineptia
743 3187 838 3217 etiam
864 3189 937 3218 edit.
958 3191 1075 3225 Grypn.
1116 3193 1228 3219 FAESL

397 3234 466 3269 ὶὶἓ-ῑῑὲ)
487 3240 536 3269 ap.
558 3235 651 3264 Auct.
673 3237 711 3264 ad
734 3237 871 3265 Herenn.
892 3237 945 3265 lib.
967 3240 1004 3265 11.
1026 3245 1094 3273 cap.
1116 3240 1166 3267 22.
1188 3240 1218 3272 ᾗ.
1239 3239 1289 3267 34.
1316 3240 1347 3266 et
1368 3238 1467 3273 alios,
1500 3246 1580 3274 quos
1601 3241 1764 3267 enumerat

323 3270 456 3300 Bothius
475 3273 565 3300 Poet.
586 3276 677 3301 scen.
698 3275 768 3301 Lat.
789 3276 914 3309 Fragm.
935 3276 1006 3305 Vol.
1027 3278 1051 3305 1.
1071 3283 1143 3312 pag.
1161 3279 1212 3305 52.
1249 3277 1380 3312 Legitur
1402 3280 1506 3305 tamen
1529 3277 1635 3306 vernis
1657 3280 1763 3305 trans-

322 3309 437 3344 positis
456 3310 583 3345 abieyna
603 3312 644 3339 ad
662 3312 779 3339 terram
797 3313 911 3341 trabes.

396 3357 489 3392 ’ἓξὲξ-ἕξ)
510 3358 613 3387 Carm.
634 3359 685 3388 lV.
708 3359 756 3388 18.

397 3404 444 3441 †)
465 3407 536 3440 lpse
556 3408 699 3436 Muretus
719 3409 779 3436 hoe
798 3408 923 3438 nomine
944 3408 1098 3444 singulari
1119 3417 1196 3438 usus
1217 3412 1266 3438 est
1285 3417 1385 3445 supra
1405 3410 1459 3440 lib.
1481 3411 1548 3440 vn.
1569 3417 1637 3446 cap.
1660 3411 1710 3440 21.

396 3451 471 3538 ἒξ)
491 3454 629 3489 Adelph.
649 3457 701 3485 IV.
723 3457 752 3494 7,
773 3458 812 3487 31
830 3465 876 3493 sq.
917 3457 1097 3488 Bentleius:
1118 3460 1201 3488 tuam
1221 3466 1279 3495 ayo
1301 3460 1453 3494 ineptiam.

433 3500 498 3539 μὲ)
518 3508 549 3532 v.
571 3502 623 3532 40.
