1726 3106
199 145 282 188 220
763 145 892 186 VAn.
927 145 1081 186 LECT.

199 260 310 298 homo
348 258 482 297 multae
524 270 568 296 ae
606 259 733 296 variae
773 257 973 304 lectionis,
1022 256 1208 296 Iohannes
1246 255 1530 308 Br0‹1aeus*),
1580 258 1643 308 qui

191 317 390 368 pedemate
428 313 627 364 legendum
663 314 981 364 pronunciaverit.
1041 312 1164 350 Huius
1199 326 1270 364 ego
1295 313 1564 358 miscellanea,
1604 315 1643 350 in

153 393 156 396 ·
196 371 327 423 quibus
363 370 433 406 hoe
469 367 669 406 tradidisse
700 369 841 414 fertur,
884 380 1099 419 quamquam
1131 381 1263 419 magno
1304 368 1426 406 studio
1457 368 1640 419 quaesita,

108 1042 168 1072 231

196 438 389 474 numquam
423 437 538 475 usque
568 423 688 461 adhuc
716 425 886 475 reperire
919 424 1042 474 potui:
1089 423 1154 460 sed
1183 425 1294 462 facile
1333 433 1455 461 tamen
1486 436 1531 461 ex
1562 425 1642 473 ipso

196 480 403 533 pedematis
429 480 578 517 nomine
600 479 709 518 video
731 493 811 518 eum
836 478 983 530 aliquod
1007 477 1214 516 saltationis
1241 493 1359 530 genus
1382 478 1640 517 intellexisse:

196 544 233 574 et
277 535 366 572 mihi
411 535 617 573 verisimile
668 536 707 572 fit
754 535 885 573 eodem
932 533 1041 572 modo
1089 534 1228 584 legisse
1278 536 1388 573 etiam
1433 534 1638 572 Merulam.

196 591 394 629 Postremo
424 590 623 628 Turnebus
638 589 712 643 Μ)
745 593 910 641 pycz'sma
946 597 1116 639 sputum,
1164 590 1287 628 orbem
1326 590 1494 628 trochum
1523 588 1643 627 videri

197 647 324 686 voluit.
395 645 489 693 Quis
529 653 612 696 post
650 653 704 683 tot
739 659 783 683 ac
822 646 918 683 tales
957 646 1058 683 viros
1100 644 1295 696 quidquam
1336 646 1407 683 sibi
1444 652 1644 697 praeterea

197 700 449 752 quaerendum
481 702 614 752 putet?
663 708 700 738 et
730 708 791 738 aut
829 700 1001 738 idoneum
1042 712 1082 737 se
1113 702 1209 737 inter
1245 713 1311 738 eos
1348 701 1526 738 arbitrum
1558 713 1643 751 pro-

197 757 320 802 fiteri,
352 764 436 802 aut,
468 756 565 808 quod
596 769 725 793 eorum
757 769 865 793 nemo
894 755 1144 800 intellexerit,
1183 754 1221 793 id
1256 769 1295 793 se
1326 757 1452 794 verius
1481 757 1643 807 explica-

196 820 318 850 turum
349 813 513 863 polliceri
545 811 710 849 audeat‘?
768 810 927 859 Quando
954 818 1077 848 tamen
1107 811 1142 848 in
1171 810 1241 849 hoc
1266 812 1471 849 litterarum
1500 823 1643 862 genere

196 868 350 905 minimo
387 867 552 918 periculo
588 874 789 918 peccatur,
839 881 911 904 uon
952 865 1175 904 deterrebor
1215 880 1287 917 ego
1332 879 1501 917 quoque,
1556 865 1644 917 quid

198 924 379 969 sentiam,
411 921 556 961 dicere.
615 922 712 960 Puto
741 923 876 972 igitur,
907 921 1004 973 quod
1035 923 1071 959 in
1102 923 1258 959 vetustis
1284 922 1389 959 libris
1423 922 1557 972 legitur
1577 935 1644 972 pe-

198 980 395 1023 deamata,
444 979 577 1016 leviter
617 978 856 1028 depravatum
894 991 978 1015 esse
1010 990 1054 1015 ae
1094 977 1290 1026 legendum
1326 984 1578 1027 pelteumate,
1623 989 1645 1014 a

198 1034 314 1072 verbo
340 1030 527 1082 πεττεύω,
566 1034 843 1084 significarique
874 1046 919 1070 co
950 1046 1060 1071 versu
1101 1031 1251 1070 divitem
1286 1032 1391 1069 aleae
1429 1032 1550 1069 studio
1579 1031 1644 1070 de·

199 1088 328 1127 ditum.
391 1088 501 1137 Quod
531 1090 749 1127 confirmant
778 1096 816 1127 et
846 1101 912 1136 ea,
945 1101 1039 1140 quae
1068 1088 1191 1125 statim
1222 1095 1450 1138 sequuntur:

306 1168 478 1217 Namque
504 1167 561 1205 z'bz'
577 1165 765 1219 fortunae
792 1168 934 1205 veniam
964 1167 1109 1204 damas.
1169 1167 1271 1204 Alea
1298 1167 1433 1216 turpis,

313 1224 437 1272 Turpe
466 1229 504 1260 el
533 1224 759 1260 adulterium
787 1222 1052 1260 mediocribus.
1112 1223 1216 1259 Haec
1245 1222 1375 1258 eadem
1404 1221 1474 1267 illi,

310 1279 441 1316 Onmz'a
469 1290 550 1315 eam
568 1276 751 1327 sace'zmt,
782 1278 926 1315 hilares
953 1278 1137 1327 nitidique
1164 1283 1361 1314 vocantur.

200 1354 333 1394 Orbem
368 1362 491 1392 autem
530 1355 867 1393 Lacedaemonium
904 1360 1013 1391 vocat
1054 1365 1218 1390 mensam
1256 1366 1304 1391 ex
1345 1365 1531 1391 marmore
1567 1352 1644 1391 La-

196 1411 345 1455 conico,
378 1417 419 1447 ut
447 1417 485 1448 et
507 1409 695 1449 Martialis
707 1408 804 1463 iffi)
826 1409 1006 1460 Libycum
1034 1410 1159 1447 orbem
1189 1421 1354 1447 mensam
1385 1421 1432 1447 ex
1460 1422 1645 1448 marmore

194 1466 400 1504 Africano:

367 1544 422 1582 Ta
454 1542 613 1592 Libycos
640 1543 745 1581 Indis
774 1542 971 1592 suspendes
1000 1541 1174 1579 dentibus
1204 1541 1335 1580 orbes.-

414 1599 588 1637 Fulcitur
617 1604 713 1636 testa
730 1596 876 1649 sagina
906 1609 1033 1635 mensa
1062 1598 1167 1634 mz'lzz'.

195 1675 248 1714 Et
282 1675 430 1714 Seneca
470 1673 516 1712 ad
553 1675 727 1713 Helviam
746 1674 824 1727 †):
867 1675 1010 1724 Magni
1042 1675 1227 1726 levatique
1263 1685 1474 1712 mensarum
1514 1674 1640 1712 orbes.

194 1732 454 1772 Lubm'cantm·
492 1738 638 1777 autem,
674 1730 712 1768 id
751 1737 829 1776 est,
881 1729 1052 1767 levantur
1091 1742 1136 1768 ae
1171 1730 1360 1780 poliuntur
1395 1727 1548 1767 adsidua
1587 1736 1642 1766 at-

195 1788 419 1825 trectatione
460 1799 667 1833 marmora,
714 1799 828 1837 super
865 1785 996 1837 quibus
1041 1784 1197 1823 adsidue
1235 1786 1317 1822 alea
1353 1784 1506 1825 luditur.
1566 1784 1643 1823 Vix

195 1844 308 1880 ullum
345 1843 505 1893 reperiri
550 1855 660 1893 posse
703 1854 852 1879 versum
889 1841 925 1878 in
967 1841 1137 1878 omnihus
1179 1841 1415 1891 antiquorum
1462 1840 1642 1893 poe'matis

194 1905 307 1951 puto,
342 1911 450 1950 quem
479 1905 553 1936 tam
583 1898 687 1936 multi
715 1904 790 1936 tam
819 1897 925 1936 varie
952 1897 1190 1949 interpretati
1220 1896 1308 1934 sint.

690 2046 983 2087 CAPUT
1038 2046 1145 2087 VII.

243 2127 333 2168 Non
363 2125 471 2166 modo
497 2140 571 2177 pro
601 2140 674 2164 non
705 2126 815 2164 modo
841 2139 913 2163 non
938 2137 1049 2175 saepe
1077 2125 1180 2175 apud
1206 2130 1351 2163 veteres
1378 2126 1457 2175 legi
1480 2125 1591 2177 idque

484 2183 663 2234 loquendi
684 2195 805 2232 genas
834 2194 858 2218 a
892 2181 1048 2219 Graecis
1076 2181 1225 2218 ductam
1256 2192 1350 2218 esse.

191 2275 451 2334 Nomvmm
485 2293 559 2331 iam
599 2290 744 2343 pridem
781 2290 919 2328 Paulus
950 2289 1145 2328 Manutius
1160 2288 1272 2343 †·1-),
1315 2303 1391 2328 non
1429 2290 1538 2328 modo
1575 2303 1644 2342 pro

192 2366 265 2391 non
294 2353 401 2389 modo
431 2363 504 2388 non
535 2348 754 2410 saepissime
777 2345 873 2397 apud
902 2352 1053 2384 veteres
1081 2345 1182 2395 legi.
1214 2344 1324 2396 idque
1348 2352 1387 2383 et
1411 2357 1482 2396 ego
1510 2354 1644 2397 postea

190 2407 289 2446 libro
320 2407 438 2458 primo
468 2403 817 2443 commentariorum
848 2402 886 2439 in
912 2400 1284 2454 Catilinarias—1††)
1317 2401 1639 2447 confirmaveram,

191 2470 231 2501 et
257 2463 320 2501 alii
353 2461 523 2498 homines
553 2457 798 2498 eruditissimi
835 2467 903 2495 suo
932 2457 1076 2495 calculo
1113 2457 1415 2509 compr-oberant
1475 2456 1555 2496 Sed
1583 2457 1643 2495 in-

266 2594 308 2630 ³2²)
328 2593 506 2623 Miscellan.
528 2592 567 2621 V.
589 2591 638 2622 26.
665 2591 698 2619 in
718 2590 805 2619 Grut.
835 2589 947 2623 Lamp.
977 2595 1049 2624 pag.
1070 2589 1141 2619 545.
1182 2588 1230 2620 ef.
1259 2590 1355 2626 Bapt.
1383 2588 1509 2626 agnatii
1537 2589 1642 2619 nace-

191 2633 321 2665 matIou.
341 2638 409 2666 cap.
432 2631 481 2660 17.
503 2630 534 2658 in
555 2631 643 2658 Grut.
663 2630 773 2663 Lamp.
795 2628 883 2655 Tom.
905 2628 928 2655 l.
950 2633 1022 2662 pag.
1043 2627 1116 2657 340.

266 2681 334 2715 ικ-εῑε)
354 2679 549 2709 Adversarr.
569 2677 624 2706 lib.
645 2676 757 2705 XXIV.
778 2681 847 2710 cap.
868 2675 919 2703 28.

265 2727 358 2763 mian-J
379 2726 486 2762 Epigr,
506 2727 545 2755 11.
566 2725 618 2763 43,
639 2724 670 2754 9.

266 2777 311 2815 †]
332 2784 401 2811 cap.
424 2775 476 2805 11.
513 2776 549 2803 In
569 2774 660 2802 textu
681 2773 751 2801 erat
771 2772 894 2800 Seneca
914 2773 956 2800 ad
975 2771 1129 2800 Albinam.
1170 2770 1214 2801 W
1218 2778 1286 2801 our.

265 2825 339 2864 ff]
359 2823 431 2854 Vid.
452 2823 493 2853 aa
513 2822 579 2853 cic.
600 2821 701 2857 Epist.
721 2820 763 2850 aa
782 2820 896 2849 namu.
916 2821 940 2849 1.
961 2820 992 2849 9.
1018 2821 1070 2849 1x.
1094 2819 1144 2848 17.

267 2872 369 2910 †††]
389 2872 459 2903 vid.
481 2873 562 2902 Mur.
583 2870 663 2907 opp.
685 2870 773 2900 Tom.
796 2870 835 2899 11.
857 2875 928 2906 pag.
947 2868 1019 2899 546.
1042 2874 1172 2898 summa.
