1778 3096
496 148 596 187 LIB.
624 147 757 187 XVII.
818 146 936 186 CAP.
969 148 1077 187 VIlI.
1427 148 1507 191 401

66 258 195 309 φαίνει
225 270 285 307 σε,
314 259 511 297 manifesto
538 265 708 303 constat,
741 257 832 296 duas
858 269 970 296 voces
1000 258 1182 304 omissas,
1213 256 1505 309 legendumque:

63 329 158 365 μητε
184 314 362 362 δικαίως,
395 328 487 365 μητε
516 310 657 361 ἀδίκως
686 310 933 352 ἀποκτείνειν.
993 312 1112 350 Paulo
1144 320 1266 350 autem
1298 314 1394 350 infra
1425 327 1507 352 eum

64 371 183 407 locum
221 369 291 406 hnc
307 381 474 435 quoque
515 369 564 406 ita
604 366 874 406 emendandum
915 374 992 405 est:
1041 368 1076 406 εἰ
1103 366 1170 418 μὲν
1187 364 1278 435 γὰρ
1315 364 1392 407 υπὸ
1428 372 1506 408 τῶν

64 427 220 492 πληγῶν
248 419 270 461 ὁ
298 420 394 476 ἆνηρ
423 426 651 475 παραχρῆμα
679 419 895 470 ἀπέθανεν,
933 419 1000 461 ‘vn’
1033 421 1127 473 ἐμοῦ
1154 421 1239 474 μὲν,
1279 423 1435 470 δικαίως
1465 421 1501 463 δ’

63 476 113 518 οὶν
141 475 350 528 ἐτεθνήκει,
376 482 449 518 νῦν
476 477 517 518 δὲ
537 482 692 525 πολλαῖς
718 474 877 528 ’ἡμέραις
901 489 1073 528 υστεοον,
1099 485 1136 515 et
1158 491 1252 529 quae
1283 485 1500 529 sequuntur.

62 534 129 572 Illa
155 541 274 570 autem
304 535 441 579 omnia,
465 531 510 573 οὗ
540 550 610 587 γαρ
638 536 768 581 ταῦτα,
791 529 885 571 ἄλλα
911 532 1063 581 μείζονα
1088 531 1153 571 καὶ
1181 533 1339 572 πλείονα
1363 534 1505 573 δίκαιοι

61 587 102 627 οἱ
131 585 306 640 ἄρχοντες
334 586 536 640 αντιπάσχε
540 605 575 628 ιν
604 588 712 636 εἰσίν,
742 601 788 626 ex
818 587 887 624 hoc
916 587 1062 637 quidem
1094 588 1176 624 loco
1204 587 1360 626 delenda
1392 597 1500 626 sunt:

60 655 155 693 quae
185 656 264 680 cum
301 645 406 694 paulo
436 646 605 694 supeiius
638 651 739 681 recte
773 655 817 680 ac
849 643 931 679 loco
962 654 1027 679 suo
1057 643 1177 692 posita
1208 643 1424 693 essent*),
1464 651 1504 681 ut

59 705 131 735 tam
161 699 294 747 exiguo
327 700 518 737 intervallo
549 699 668 736 denuo
701 699 759 735 hic
789 699 983 747 legantur,
1025 697 1258 735 librariorum
1290 705 1418 749 stupor
1447 699 1503 736 ef-

59 753 163 791 fecit.
223 753 330 790 Hace
373 768 444 791 non
483 754 721 800 adnotarem3
768 754 837 790 nisi
874 765 940 790 cos
979 765 1124 803 quoque
1166 752 1281 790 libros
1298 751 1396 805 sext),
1441 754 1502 804 qui

59 808 191 845 merito
221 809 379 846 omnium
411 809 704 847 emendatissimi
734 807 939 855 hahentur,
978 807 1109 846 eodem
1139 821 1183 846 ac
1213 815 1361 846 ceteros
1392 808 1500 846 modo

58 861 279 915 depravatos
312 864 492 903 viderem.

540 993 824 1033 CAPUT
881 993 1011 1034 VIII.

54 1073 316 1122 Peregrinatio
355 1073 453 1110 silue
482 1072 610 1118 utiles,
649 1073 879 1122 quaesitum.-
918 1078 958 1110 et
987 1072 1146 1109 le'ceatne
1184 1071 1346 1108 laudare
1377 1071 1498 1117 allud,

646 1127 754 1165 allud
784 1127 903 1177 sequi.

51 1194 382 1252 PEREGRINATIO
423 1213 467 1253 ad
499 1221 644 1265 tempus
676 1214 813 1252 homini
851 1214 1073 1265 praesertim
1111 1211 1342 1250 adolescenti
1378 1225 1499 1263 neque

52 1269 251 1308 iniucunda
282 1282 401 1319 neque
440 1270 580 1306 inutilis
614 1275 693 1306 est:
741 1282 822 1306 nam
852 1276 890 1306 et
928 1269 1071 1305 novitas
1109 1280 1153 1304 ac
1192 1268 1354 1304 varietas
1395 1269 1500 1304 miri-

51 1326 157 1363 ficam
188 1325 475 1361 oblectationem
501 1324 636 1369 hahet3
669 1330 706 1361 et
734 1324 794 1374 qui
817 1336 941 1361 mores
967 1323 1161 1360 multarum
1185 1323 1350 1372 gentium
1380 1323 1496 1367 novit,

51 1394 223 1430 magnum
255 1379 324 1416 sibi
348 1378 393 1416 ad
424 1378 655 1429 prudentiam
681 1379 966 1416 instrumentum
992 1379 1233 1428 comparavit.
1282 1377 1357 1415 Sed
1385 1379 1500 1428 pleri-

51 1449 122 1488 que
162 1436 331 1472 iuvenum
363 1434 493 1480 hodic,
533 1434 594 1484 qui
631 1434 832 1484 longinqua
869 1434 1005 1471 itinera
1048 1433 1255 1481 suscipiunt
1291 1433 1497 1483 multasque

51 1491 228 1539 regiones
263 1489 514 1540 perlustrant,
557 1487 594 1526 id
625 1488 697 1526 sibi
738 1489 820 1526 fere
851 1502 961 1526 unum
998 1487 1119 1524 studio
1157 1487 1315 1533 habent,
1355 1495 1395 1525 ut
1426 1501 1496 1538 qno

49 1558 217 1598 quaeque
245 1545 332 1582 urbs
362 1545 443 1582 loco
474 1545 546 1581 sita
576 1544 644 1590 sit,
685 1544 791 1581 cuius
821 1544 973 1594 generis
1004 1542 1176 1580 aedilicia
1205 1541 1362 1588 habeat,
1402 1555 1496 1593 qnae

49 1603 86 1640 in
112 1613 255 1653 quaque
286 1600 334 1637 sit
365 1600 542 1637 meicium
574 1605 856 1649 ceterarumque
887 1610 1011 1635 rerum
1043 1597 1088 1635 ad
1117 1596 1320 1647 explendas
1348 1597 1496 1647 cupidi-

48 1663 145 1694 tites
185 1654 542 1693 accommodatarum
591 1654 721 1703 copia,
769 1666 848 1690 cum
889 1652 1034 1690 domum
1084 1651 1287 1698 redIerint,
1338 1666 1494 1691 nain-iaie

48 1711 265 1762 aequalibus
296 1710 461 1760 possint:
505 1707 636 1759 quibus
669 1708 812 1758 legibus
842 1715 952 1759 atque
983 1708 1163 1745 institutis
1194 1715 1398 1758 temperata
1430 1709 1492 1753 sit,

48 1767 180 1818 quibus
212 1764 488 1816 magistratibus
516 1770 655 1809 utatur,
689 1762 870 1814 quomodo
901 1777 963 1811 ea,
997 1776 1090 1814 quae
1120 1762 1166 1800 ad
1198 1776 1238 1800 se
1267 1775 1495 1801 conservan-

48 1823 131 1861 dam
162 1795 292 1859 utiliaD
295 1827 401 1865 sunt,
440 1826 708 1870 persequatur,
743 1817 977 1869 declinetque
1007 1818 1216 1855 contraria:
1256 1817 1385 1856 horum
1416 1831 1494 1855 om-

47 1878 147 1917 nium
184 1889 231 1914 ne
260 1876 519 1925 cogitationem
559 1872 704 1937 quidem
740 1875 947 1925 suscipiunt
981 1874 1105 1911 ullam.
1165 1872 1217 1910 Et
1246 1880 1368 1910 tamen
1401 1873 1493 1911 nihil

46 1932 213 1984 prodest,
241 1931 351 1968 multa
378 1931 458 1967 loca
486 1928 642 1975 vidisse,
667 1930 739 1966 nisi
760 1929 887 1967 harum
911 1942 1035 1968 rerum
1061 1929 1226 1966 notitiam
1254 1928 1489 1967 adiunxeris.

46 1987 323 2037 Praeclareque
353 1983 398 2024 de
427 1984 502 2037 Uty
506 1998 566 2023 sse
594 1984 784 2022 Homerus
797 1982 921 2038 ***):

211 2064 374 2103 Πολλῶν
401 2058 435 2101 δ’
468 2058 689 2115 ἀνθρώπων
715 2062 798 2102 ἰ’δεν
823 2058 936 2102 αστεα
962 2060 1029 2101 καὶ
1058 2058 1153 2101 νόον
1180 2059 1288 2113 ἔγνω.

50 2141 190 2188 Urbes,
246 2140 386 2191 inquit,
439 2142 637 2178 multorum
672 2141 857 2178 hominum
897 2140 1015 2185 vidit,
1062 2139 1215 2188 ingenia
1256 2144 1491 2187 naturasque

46 2198 232 2247 cognovit.
290 2196 398 2243 Quae
423 2208 464 2233 re
494 2196 574 2246 ipsa
602 2194 777 2233 distincta
805 2201 906 2242 sunt,
931 2207 976 2233 ea
1003 2192 1177 2232 distinxit
1205 2194 1317 2232 etiam
1348 2193 1486 2232 verbis.

45 2251 310 2303 Negligentius
339 2251 520 2289 Horatius
536 2250 586 2303 ᾧ)
603 2265 612 2288 :

215 2330 290 2379 Qui
312 2342 436 2367 mores
462 2329 647 2367 hominum
677 2329 876 2367 multorum
906 2328 1002 2366 vidit
1027 2333 1065 2365 et
1095 2325 1222 2364 urbes.

46 2404 170 2444 Urbes
201 2406 311 2442 etiam
343 2419 364 2442 a
395 2412 659 2456 praetereunte
688 2404 807 2443 videri
837 2412 1012 2456 possunt:
1051 2416 1177 2442 mores
1208 2401 1384 2451 cognosci
1417 2401 1489 2438 nisi

46 2460 210 2498 adhibita
235 2473 324 2498 cura
347 2467 384 2498 et
403 2460 525 2498 studio
546 2474 616 2498 non
640 2468 807 2512 possunt.
851 2461 984 2507 Solon,
996 2459 1250 2511 Pythagoras,
1266 2456 1373 2495 Plato
1385 2456 1486 2509 ††)‚

122 2591 166 2626 ³32)
188 2591 234 2619 lbi
254 2592 438 2628 Bekkerus‚
461 2593 496 2621 ut
516 2591 615 2626 infra,
646 2585 758 2620 ταύτὰ
785 2590 929 2628 scripsit,
959 2589 1017 2618 sed
1044 2584 1178 2620 δίκαιοι
1202 2583 1238 2619 οἱ
1262 2577 1444 2627 ἄρχοντες·

118 2641 186 2676 δῖε-ἵε)
208 2641 360 2676 stephani
381 2642 553 2671 cultionem
572 2642 727 2677 significat
746 2644 899 2671 Muretus.

117 2689 210 2725 -::÷-::;--;:=)
233 2690 346 2724 odyss,
367 2691 390 2719 1.
410 2691 440 2719 3.

118 2737 164 2775 7²]
184 2737 255 2766 Art.
276 2738 366 2766 Poet.
387 2745 420 2767 v.
441 2737 514 2766 142.

117 2783 190 2823 ††)
210 2786 259 2813 De
280 2787 397 2814 Solone
417 2786 482 2814 vid.
502 2786 653 2816 Herodot.
674 2787 728 2816 lib.
748 2789 772 2816 1
792 2794 850 2822 cap
854 2786 926 2816 .29.
956 2785 995 2813 de
1012 2785 1198 2819 Pythagora
1218 2784 1250 2812 et
1269 2782 1405 2811 Platone
1425 2782 1490 2812 Cic.

42 2823 136 2851 Tusc.
165 2823 218 2851 tib
239 2824 292 2851 IV.
313 2831 383 2858 cap
406 2823 454 2853 19.
475 2824 526 2852 25.
564 2824 602 2852 de
622 2825 691 2855 Fin.
719 2824 773 2854 lib.
794 2826 831 2854 V.
852 2832 920 2859 cap.
946 2823 993 2852 19.
1028 2824 1109 2852 Mur.
1132 2822 1237 2851 schol.
1265 2819 1297 2849 in
1317 2820 1381 2851 Cic.
1411 2821 1492 2856 Opp

42 2861 130 2888 Toni.
151 2862 203 2889 ΙΙΙ.
224 2867 296 2896 pag.
316 2861 389 2890 854.

95 2914 222 2960 muner.
244 2914 320 2943 ΟιῬ.
342 2914 421 2943 Voti.
442 2915 496 2943 111.
518 2913 668 2948 (RuflNK.
682 2916 739 2944 En.
756 2916 839 2944 ΤοΜ.
853 2914 912 2950 Π.)
1162 2895 1217 2936 26

1526 990 1588 1021 421
