1778 3096
480 133 582 172 Lm.
614 132 768 173 xvffl.
829 131 946 171 CAP.
985 133 1096 174 Xlll.
1428 129 1508 173 437

564 242 849 280 CAPUT
903 242 1008 281 X11.

112 310 265 349 Thetim
295 316 333 348 et
359 309 566 348 Paradoxa
599 322 647 346 aa
679 309 805 345 eadem
835 309 924 345 sint.
988 310 1117 346 Cicero
1146 314 1279 346 eontra
1313 307 1480 345 Tul-nebi

548 364 766 402 sententiam
794 364 1018 413 eaplicatas.

69 432 212 489 SAEPE
252 451 375 489 audivi
416 453 565 502 quaeri,
614 464 707 502 quae
747 450 962 487 dicerentur
1000 464 1022 488 a
1060 449 1250 488 Cicerone
1285 445 1422 489 θετικὰ
1462 449 1500 486 in

67 508 298 557 praefatione
328 506 621 544 Paradoxorum.
680 504 731 543 Et
760 505 956 542 Turnebus
971 503 1016 557 ἡ’5)
1054 505 1199 556 quidem
1233 507 1503 556 interpretatur

67 574 135 608 ea,
165 575 257 612 quae
288 561 334 599 ‹le
367 569 443 599 toto
473 563 592 611 aliquo
619 573 760 611 genere
790 559 1044 605 disserantur,
1083 561 1191 597 nullis
1220 560 1503 609 circumscripta

67 618 262 667 personis,
303 617 418 662 locis,
452 617 694 667 temporibus,
753 615 891 652 Notum
922 621 979 652 est
1009 615 1126 660 enim,
1167 615 1323 652 theseon
1352 615 1500 652 nomine

66 673 304 722 quaestiones
339 673 524 717 infinitas,
567 670 821 722 hypotheseon
853 669 1024 707 definitas
1064 671 1100 707 in
1134 670 1272 707 scholis
1308 669 1499 707 rhetorum

65 728 238 777 intelligi.
287 727 384 764 Mihi
411 733 533 763 tamen
564 727 633 763 hoc
660 725 804 776 quidem
835 725 916 762 loco
947 738 1095 775 semper
1126 726 1350 775 probabilius
1379 725 1499 762 visum

65 789 138 828 est,
172 783 309 820 thetica
340 789 377 819 et
407 781 590 831 paradoxa
615 780 744 818 eadem
775 793 880 818 esse:
913 788 951 817 ut
980 780 1049 817 hoc
1074 779 1211 817 Cicero
1237 780 1349 826 dicat,
1382 793 1425 817 se
1453 792 1499 817 ea

65 837 162 887 ipsa,
193 850 286 888 quae
312 837 372 874 vix
399 837 435 873 in
464 837 601 873 scholis
632 835 751 872 audiri
779 836 898 872 solent
929 836 1000 887 (ita
1027 835 1231 873 abhorrent
1250 836 1294 873 ab
1325 835 1500 884 opinione

65 893 283 943 communi),
316 898 479 929 tentasse
502 890 663 941 nunquid
686 890 842 927 dicendo
868 898 993 941 posset
1016 891 1182 937 efficere,
1205 898 1244 928 ut
1267 892 1304 928 in
1330 891 1499 927 forenses

64 960 108 984 ac
138 947 346 984 senatorias
376 947 563 983 orationes
586 945 865 983 includerentur
892 953 929 983 et
957 946 1033 983 illie
1065 946 1174 983 etiam
1205 944 1400 984 ineruditis
1432 945 1500 981 ho-

65 1002 221 1039 minibus
261 1002 520 1052 probarentur.
580 1002 717 1039 Thesis
760 1002 856 1038 enim
894 1009 1048 1038 vocatur
1085 1002 1206 1050 magni
1245 1001 1399 1038 alicuius
1429 1000 1501 1037 viri

64 1070 84 1094 a
126 1057 310 1094 communi
349 1057 534 1093 hominum
583 1056 765 1093 sententia
805 1055 1020 1106 discrepans
1063 1057 1201 1106 opinio.
1270 1055 1500 1093 Aristoteles

64 1113 182 1162 primo
201 1113 425 1162 Topicorum
442 1109 539 1162 ΗΕ)
577 1110 690 1157 Θέσις
718 1109 817 1149 ἐστιν
835 1107 1033 1162 ὑπόληψις
1060 1108 1276 1178 παράδοξος
1301 1113 1377 1149 τῶν
1405 1125 1501 1162 γνω-

64 1167 184 1231 ρίμων
213 1163 316 1213 τινὸς
346 1163 442 1206 κατὰ
472 1167 724 1216 φιλοσοφίαν,
755 1161 838 1204 οἷον
868 1164 925 1205 ότι
955 1163 1027 1205 οὐκ
1055 1165 1154 1205 ἔστιν
1182 1163 1345 1232 ἆντιλέγε-
1349 1180 1404 1212 ιν,
1434 1180 1500 1203 κα-

63 1219 190 1288 θάπερ
220 1221 294 1272 ε’φη
318 1218 586 1271 Ἀντισθένης,
615 1218 683 1272 ἢ
671 1219 729 1259 ότι
758 1218 881 1260 πάντα
908 1225 1085 1269 κινεῖται,
1123 1218 1216 1260 καθ’
1247 1217 1500 1269 Ἡράκλειτον,

62 1274 88 1328 ἢ
116 1275 206 1316 ὅτι
201 1278 243 1316 ἐν
267 1274 309 1315 τὸ
339 1292 396 1324 ον,
427 1274 604 1326 καθάπερ
638 1273 835 1322 Μέλισσός
860 1287 988 1326 φησιν.
1035 1276 1138 1313 Idem
1170 1277 1286 1326 primo
1315 1275 1501 1325 Physico—

63 1345 142 1370 rum
159 1330 281 1382 ww).
325 1329 459 1382 ὅμοιον
489 1328 536 1381 δὴ
568 1328 610 1369 τὸ
647 1334 801 1369 σκοπεῖν
839 1331 873 1369 εἰ
906 1328 1027 1376 οὕτως
1050 1331 1117 1378 ἐν,
1155 1330 1220 1369 καὶ
1254 1327 1351 1382 ποός
1385 1326 1502 1381 ἄλλην

62 1387 174 1427 θέσιν
209 1383 419 1426 ὁποιανοῦν
461 1384 702 1439 διαλέγεσθαι
739 1388 816 1424 τῶν
859 1381 975 1438 λόγου
1014 1384 1123 1425 ἕνεκα
1161 1385 1381 1438 λεγομένων.
1444 1385 1500 1423 Ita

62 1450 184 1481 tamen
220 1455 337 1479 meam
383 1442 601 1480 sententiam
641 1454 831 1492 propono,
883 1448 922 1478 ut
959 1454 1041 1479 eam
1081 1441 1249 1480 Turnebi
1291 1441 1499 1479 sententiae

62 1512 135 1536 non
166 1504 400 1549 anteponam.

543 1593 823 1633 CAPUT
878 1595 1009 1632 XIlI.

68 1665 108 1703 T.
143 1665 320 1702 Lucretii
346 1665 447 1701 locas
476 1662 521 1699 de
549 1662 720 1699 noctibus
748 1663 911 1707 serenis,
945 1663 1044 1699 alter
1073 1663 1159 1699 item
1190 1663 1316 1699 Plinii.
1378 1664 1500 1700 Luca-

99 1719 213 1757 brare
242 1720 390 1769 quando
420 1719 608 1766 optimam.
654 1718 836 1755 Kalendis
863 1718 1040 1754 Ianam-ii
1065 1717 1155 1766 qaid
1169 1717 1270 1766 steri
1294 1718 1456 1755 solitum.

219 1774 404 1813 Marcelli
431 1772 586 1810 Cervim'
608 1778 647 1809 et
676 1773 761 1809 Gal.
794 1772 932 1809 Se'rlete·
957 1773 1213 1809 Carclc'tmliam
1247 1773 1342 1810 laus.

60 1841 315 1899 LUCRETIUS
342 1861 435 1898 libro
466 1861 584 1911 primo
599 1858 650 1912 †)
679 1873 760 1897 cum
789 1858 1016 1897 ostendisset
1046 1873 1223 1897 summam
1251 1859 1500 1897 difficultatem

62 1930 147 1954 csse
177 1918 213 1953 in
241 1916 471 1967 philosophia
499 1916 632 1952 Latino
662 1928 835 1952 sermone
866 1914 1107 1966 explicanda,
1140 1922 1178 1952 ut
1210 1914 1367 1953 studium
1395 1927 1498 1953 suum

60 1971 242 2010 Memmio
274 1972 390 2021 magis
421 1970 717 2016 commendaret,
750 1969 910 2008 adiecit:

226 2038 306 2075 Sed
333 2044 397 2075 lua
428 2051 484 2074 me
512 2039 631 2074 viz-ms
661 2045 783 2074 tamen
812 2043 849 2074 et
875 2043 1029 2086 sperata
1059 2038 1227 2086 voluptas

227 2093 361 2130 Suavis
388 2094 575 2130 amicitiae
603 2093 765 2142 quemvis
792 2091 935 2144 efferre
967 2091 1133 2129 laborem

225 2148 393 2193 Suadet,
424 2154 463 2185 ec
490 2149 635 2185 inducit
663 2154 790 2184 noctes
817 2148 979 2196 vigilare
1008 2159 1174 2184 serenas.

62 2212 206 2260 Quibus
236 2215 273 2250 in
304 2213 476 2251 versibus
505 2226 578 2250 non
607 2214 741 2250 iniuria
773 2213 901 2263 quaeri
930 2219 1072 2263 potest,
1113 2225 1180 2249 cur
1206 2223 1359 2248 serenas
1387 2211 1502 2260 potis-

63 2270 192 2304 simum
233 2275 361 2306 noctes
397 2270 557 2317 vigilare
593 2281 632 2305 se
671 2267 784 2306 dicat.
844 2267 977 2318 Neque
1016 2268 1114 2305 enim
1152 2273 1370 2317 perpetuum
1410 2264 1501 2302 illud

62 2323 252 2373 epitheton
297 2329 376 2360 est:
429 2336 548 2373 neque
586 2323 701 2360 maius
750 2324 938 2372 negotium
985 2322 1127 2361 videtur
1173 2321 1329 2371 vigilare
1372 2327 1500 2357 noctes

63 2391 237 2423 serenas,
278 2391 384 2428 quam
423 2377 600 2415 obscuras
641 2385 678 2415 et
717 2378 956 2428 callginosas.
1025 2377 1101 2415 Sed
1138 2383 1264 2422 certe,
1305 2375 1427 2414 hieme
1462 2382 1504 2412 ut:

63 2432 238 2484 quasdam
267 2440 397 2470 noctes
427 2445 582 2470 serenas
614 2446 696 2470 esse
726 2434 924 2479 fateamur,

336 2522 391 2528 —-
416 2500 561 2549 positas
590 2512 670 2536 eam
696 2501 847 2549 glaciat
871 2501 973 2537 nives

336 2555 437 2592 Paro
468 2555 603 2592 lumine
633 2556 801 2606 Iuppiter
818 2554 901 2607 ††)
916 2570 927 2592 .-

136 2651 178 2686 ςὅτ)
198 2652 335 2681 Advers,
356 2653 410 2682 lib.
431 2654 496 2683 XX.
516 2660 584 2689 cap.
606 2652 657 2682 20.

137 2700 206 2734 em)
227 2707 296 2735 cap.
317 2700 346 2729 9.

137 2749 232 2784 affixe)
255 2756 322 2783 cap.
344 2750 373 2778 2.

139 2795 184 2833 †]
207 2803 237 2825 v.
261 2797 320 2825 147
340 2805 408 2833 sqq.

138 2843 212 2881 ††]
227 2845 469 2876 11orat.o‹1.111.
484 2845 532 2884 lt),
546 2847 573 2876 7.
585 2845 638 2876 ubi
654 2847 750 2882 vulgo
767 2852 849 2876 nunc
865 2844 999 2882 legitur:
1016 2846 1048 2875 tet
1062 2845 1171 2882 alaciel
1184 2846 1268 2876 nives
1282 2852 1362 2881 puro
1377 2846 1506 2876 reamare,

1527 1339 1586 1370 461
