1726 3106
545 95 644 134 Lm.
677 79 757 136 111.⁴
806 95 926 137 CAP.
960 97 1032 137 vi.
1456 96 1511 140 57

290 227 345 235 --
373 228 426 236 —-
456 226 510 233 —
539 219 611 256 quo
637 207 838 257 pulchrior
866 209 966 246 alter

290 261 374 299 Non
392 259 500 312 ficit,
532 269 687 312 eoeeepto
716 265 919 302 Laurentes
949 268 1110 313 corpore
1143 263 1274 303 Turni.

72 325 130 364 Ita
158 325 256 364 enim
287 332 324 363 et
352 320 556 376 Euripides
569 324 640 377 ³³¹⁶):

284 387 386 443 Ἐγώ
415 388 459 430 τὸ
488 389 555 441 μὲν
580 389 650 432 σόν
676 388 770 444 σῶμ’
802 388 876 444 ὕφ’
909 385 1027 446 οὗπερ
1057 388 1261 445 ηὗτύχουν,

291 443 436 494 Σώζειν
464 444 613 498 ἕτοιμός
636 447 722 499 εἰμι.

71 509 124 548 Et
153 510 239 549 alibi
258 508 359 564 ἣν

284 573 390 617 Ἀλλ’
418 576 550 631 aig-0903
575 575 646 633 γὰρ
674 578 787 618 τοῦδε
814 573 1001 617 δεσπότου
1028 576 1144 630 δέμας

284 628 578 686 Ἀγαμέμνονος.

71 694 124 734 Et
141 696 175 734 in
200 696 419 737 Phoenissis
434 697 561 753 aaa),
592 696 660 740 σὸν
681 698 796 751 δέμας
822 695 1059 752 θηρώμενος.
1107 698 1159 737 Ut
1181 711 1273 749 ergo
1297 698 1350 736 illi
1371 697 1516 737 Graeca

72 750 220 789 dicendi
258 767 399 804 genera
437 756 717 806 exprimebant,
763 756 814 792 ita
854 756 981 792 facere
1022 761 1214 806 oporteret
1243 767 1335 801 eOS,
1378 755 1440 805 qui
1474 767 1514 792 se

72 808 211 845 nostris
239 810 467 860 temporibus
496 814 624 862 poetas
654 811 844 862 perhiberi
872 811 1014 848 volunt.

599 909 883 949 CAPUT
939 909 992 949 V.

276 972 393 1009 Aeris
426 973 615 1010 Corinthii
640 976 896 1021 temperatura
929 971 1109 1020 quomodo
1139 971 1305 1008 inventa.

72 1023 222 1082 SUPER
250 1059 339 1084 aere
371 1047 582 1092 Corinthio,
615 1061 794 1097 quaenam
828 1047 926 1084 illius
958 1048 1064 1096 origo
1090 1047 1218 1092 fuerit,
1248 1047 1351 1085 varia
1378 1044 1517 1084 tradita

72 1106 158 1136 sunt
192 1100 238 1138 ab
274 1103 452 1152 antiquis.
515 1103 661 1139 Plinius
678 1102 728 1154 †)
769 1115 856 1139 casu
898 1103 1041 1138 mistum
1077 1115 1163 1139 esse
1196 1103 1272 1147 ait,
1314 1102 1514 1148 Corintho,

71 1167 152 1192 cum
181 1164 402 1206 caperetur,
443 1159 609 1195 incensa.
673 1157 718 1194 L.
751 1169 895 1207 quoque
926 1157 1060 1193 Florus
1096 1155 1252 1194 candem
1292 1159 1516 1195 sententiam

73 1211 263 1259 sequitur,
306 1225 327 1249 a
358 1226 428 1262 quo
460 1214 509 1250 ita
542 1213 609 1250 hae
641 1213 687 1250 (le
723 1225 764 1249 re
799 1213 975 1261 scriptum
1011 1219 1069 1248 est
1085 1210 1192 1263 ††)
1234 1214 1352 1251 Aeris
1390 1220 1518 1250 notam

66 1267 329 1315 pretiosiorem
351 1269 431 1318 ipsa
451 1270 751 1317 opulentissimae
782 1269 887 1305 urbis
903 1266 1007 1317 fecit
1034 1268 1176 1304 iniuria
1190 1284 1201 1305 .-
1235 1269 1323 1318 qm'a
1344 1268 1518 1305 incendio

66 1322 235 1370 perustis
259 1324 434 1372 plurimis
456 1325 593 1360 scalm‘s
621 1331 734 1374 atque
759 1324 988 1367 simulacris,
1022 1324 1139 1366 aeris,
1172 1325 1265 1360 auri
1291 1325 1517 1373 argentique

72 1388 187 1413 venae
215 1378 253 1415 ilz
285 1391 473 1415 commune
492 1380 664 1429 Jluoeere.
725 1377 778 1414 At
808 1378 870 1415 alii
900 1391 1007 1414 unam
1046 1376 1153 1414 modo
1184 1379 1345 1429 antiquis
1375 1385 1519 1428 tempo-

72 1429 177 1467 ribus
200 1430 344 1470 ‹lomum
370 1432 543 1470 Corinthi
572 1436 710 1471 arsisse
739 1433 879 1478 dicunt,
912 1433 948 1470 in
973 1446 1043 1482 qua
1073 1446 1155 1469 eum
1186 1434 1267 1470 auri
1296 1434 1517 1483 argentique

73 1487 240 1524 nonnihil
275 1489 444 1534 inesset,
485 1489 584 1526 aeris
626 1496 748 1526 antem
789 1501 919 1538 magna
954 1488 1036 1534 vis3
1079 1490 1269 1526 commista
1308 1489 1368 1526 illa
1404 1495 1441 1526 et
1478 1489 1518 1526 iu

73 1540 228 1579 eandem
260 1544 416 1580 confusa
448 1557 604 1580 massam
634 1557 679 1581 ex
709 1557 754 1581 eo
783 1544 954 1588 metallo,
987 1544 1092 1580 cuius
1115 1545 1232 1581 maior
1262 1545 1383 1581 inerat
1411 1557 1516 1594 pars,

73 1593 259 1634 Corinthii
291 1599 389 1635 aeris
421 1611 554 1635 nomen
585 1599 814 1649 acceperint.
877 1598 955 1635 Alii
985 1599 1118 1645 etiam,
1160 1598 1257 1650 quod
1288 1599 1439 1650 propius
1471 1598 1519 1636 ad

70 1651 153 1687 veri
182 1652 460 1690 similitudinem
492 1653 674 1691 accedere
702 1653 871 1698 videtur,
906 1661 1079 1700 narrant,
1119 1655 1303 1692 aerarium
1335 1653 1518 1705 quendam

72 1705 216 1744 fabrum
239 1707 413 1745 Corinthi
443 1709 576 1754 fuisse,
608 1710 684 1760 qui,
717 1722 799 1747 eum
823 1708 1016 1745 incidisset
1042 1710 1078 1746 in
1104 1709 1249 1747 thecam
1270 1711 1351 1746 auri
1372 1710 1517 1760 plenam
1539 1723 1582 1754 62

73 1772 229 1813 eamque
270 1764 340 1801 sihi
370 1763 610 1810 abstulisset,
652 1777 699 1801 ne
735 1763 771 1801 id
803 1764 1031 1809 resciretur,
1078 1772 1275 1810 metuens,
1316 1763 1518 1802 dissectum

73 1816 110 1853 in
140 1818 297 1855 minutas
328 1819 530 1869 particulas
568 1832 695 1856 aurum
725 1820 896 1869 paulatim
937 1820 1017 1856 aeri
1048 1818 1290 1857 admiscuerit
1317 1819 1520 1857 admirabi-

74 1871 219 1923 lemque
242 1874 342 1911 illam
371 1881 660 1926 temperaturam
689 1875 878 1922 effecerit,
905 1887 975 1925 qua
999 1887 1152 1926 magnas
1176 1876 1249 1913 sibi
1273 1888 1363 1927 opes
1387 1882 1519 1928 postea

75 1929 314 1979 comparavit.

583 2028 869 2068 CAPUT
924 2028 1008 2069 VI.

178 2095 355 2134 Indicam
383 2101 489 2134 vetus
515 2097 707 2147 scriptura
737 2097 848 2133 duum
879 2097 1045 2134 locorum
1075 2110 1095 2134 e
1125 2096 1222 2134 libro
1246 2096 1410 2135 secundo

631 2152 676 2188 de
701 2153 953 2190 Divinatione.

74 2206 209 2265 BENE
240 2234 279 2266 et
309 2226 505 2266 emendate
536 2228 696 2278 scriptus
731 2235 813 2266 erat
841 2229 878 2266 in
908 2228 1097 2266 veteribus
1127 2228 1234 2266 libris
1269 2228 1374 2266 locus
1407 2228 1466 2266 hic
1496 2240 1518 2267 e

76 2282 241 2320 secundo
271 2282 317 2321 de
347 2282 589 2322 Divinatione
605 2281 852 2336 ·1-††):Ad
878 2286 1005 2323 nostri
1030 2286 1190 2334 augurii
1216 2285 1518 2323 consuetudinem

77 2339 179 2376 discit
202 2340 370 2377 Ennius.-

151 2442 195 2477 212)
221 2443 338 2472 Hecub.
366 2451 397 2472 v.
426 2443 484 2473 301
513 2450 561 2478 sq.
606 2442 652 2471 Ibi
679 2433 742 2481 ὑφ’
773 2449 793 2471 a
818 2441 1001 2473 Ruimkenii
1029 2441 1136 2478 operis
1163 2441 1315 2471 omissum
1335 2441 1519 2471 adiecimus

80 2489 155 2517 Mox
176 2487 207 2515 in
228 2488 317 2517 editt.
337 2496 419 2517 nunc
441 2489 590 2523 vulgatur
610 2478 798 2526 εὐτύχουν.

151 2536 219 2570 -ῑῖί-εΐτ)
239 2537 358 2564 Heeuh.
379 2545 409 2565 v.
431 2536 492 2565 724
508 2544 555 2572 sq.

150 2583 243 2618 -:::--=::-÷:÷}
263 2591 294 2612 v.
316 2584 385 2613 706.

151 2631 196 2668 ἦ)
218 2634 255 2660 11.
275 2633 311 2660 N.
341 2633 393 2660 lib.
415 2634 552 2662 XXXIV.
574 2640 641 2666 can.
661 2632 691 2661 2.
717 2633 795 2661 sect.
814 2631 844 2660 8.
865 2630 897 2667 §-
918 2630 948 2661 6.
987 2629 1035 2660 Cf.
1063 2629 1228 2666 Boettiger
1255 2630 1286 2659 in
1314 2631 1519 2667 Andeutuug.

75 2676 117 2699 zu
136 2670 241 2699 Vortr.
263 2669 312 2698 tu).
334 2670 385 2698 die
404 2672 573 2699 Archaeol.
594 2672 629 2699 P.
649 2672 674 2699 Ι.
695 2676 767 2706 pag.
789 2669 858 2699 130.

151 2716 223 2755 ·2--;-)
244 2718 298 2746 lib.
318 2720 356 2746 ΙΙ.
377 2725 445 2754 cap.
467 2720 514 2747 16.
536 2719 569 2753 ς,
589 2719 619 2748 6.

149 2764 250 2803 †††)
272 2773 340 2798 ean.
360 2767 409 2795 39.
431 2769 462 2801 §.
482 2768 532 2795 92.
573 2768 691 2796 Contra
710 2766 934 2801 nollingin-us,
957 2763 1097 2792 Orellius
1119 2762 1238 2799 aliique
1260 2764 1400 2793 Marsum
1420 2766 1518 2801 atque

74 2805 230 2833 Muretum
250 2804 405 2834 audaciae
427 2804 610 2834 insimulant
630 2804 762 2834 Aiacem
782 2802 944 2834 Ciceronis
964 2805 1099 2831 tuentes.
