1726 3106
173 114 228 157 69
737 113 866 155 VAR.
896 113 1050 153 LECT.

175 224 271 278 qnod
309 232 431 264 tamen
469 222 557 262 mihi
598 223 820 274 persuaderi
862 239 934 263 non
973 230 1110 276 potest.
1170 224 1248 263 Vix
1285 226 1383 263 enim
1412 225 1620 265 verisimile

174 282 344 326 videtur,
376 294 396 318 e
426 287 497 317 tam
529 280 666 316 illustri
695 287 808 330 gente
838 288 957 318 ortum
991 293 1102 326 eum,
1135 281 1240 318 cuius
1271 288 1376 331 pater
1403 281 1464 318 fur
1490 294 1534 319 ae
1565 281 1621 319 di-

174 334 338 388 visor&
381 336 495 373 fuisse
530 333 689 373 dicatur.
751 335 828 373 Sed
857 343 894 374 et
923 335 1011 373 illud
1042 350 1114 373 non
1153 336 1338 374 immerito
1368 337 1524 374 miretur
1551 337 1620 374 ali-

175 393 278 444 quis:
322 392 418 436 hoc,
457 389 554 440 quod
584 391 646 427 isti
678 390 830 437 volunt,
872 393 1015 442 posito,
1054 404 1121 429 eur
1151 405 1327 442 nusquam
1367 405 1449 430 eum
1481 392 1621 431 Cicero

174 448 297 498 gentis
329 447 479 484 nomine
509 446 774 496 appellaverit:
810 448 1027 497 praesertim
1060 459 1142 484 cnm
1174 447 1262 485 illud
1294 448 1412 498 ipsum
1444 447 1620 485 iudicium

176 503 260 552 lege
283 501 460 539 Corn’elia
491 509 750 539 exerceretur.
808 502 896 540 Non
928 503 1026 540 enim
1057 502 1252 540 obscurum
1283 510 1354 549 est,
1386 516 1434 541 ex
1460 516 1505 541 eo
1535 515 1622 540 seu-

175 558 328 595 tentiam
381 557 586 608 quampiam
638 564 759 608 aptam
812 565 850 595 et
892 556 1203 595 accommodatam
1248 557 1292 595 ad
1343 556 1621 608 exasperandos

175 612 337 650 iudicum
380 613 522 650 animos
562 613 671 655 facile
711 614 878 664 potuisse
915 613 1015 651 (luci.
1077 611 1173 650 Sunt
1201 619 1238 651 et
1267 614 1340 651 alia
1375 627 1447 651 non
1485 625 1619 664 pauca,

175 681 272 720 quae
303 668 390 706 mihi
421 667 567 719 quidem
604 667 779 706 videntur
815 667 952 719 aliquid
991 669 1110 706 iustae
1140 667 1395 706 admirationis
1431 668 1619 714 habitura,

175 725 207 761 si
246 723 460 761 Cornelium
499 736 583 761 eum
621 724 738 761 fuisse
777 725 973 762 fateamur.
1043 722 1225 761 Nituntur
1259 731 1408 770 autem,
1453 725 1514 775 qui
1550 724 1622 761 hoc

174 778 322 824 dicunt,
366 787 609 829 argumento,
645 778 741 830 quod
771 780 907 826 sciam,
947 779 1073 816 unico.
1135 779 1252 817 Aiunt
1282 781 1405 826 enim,
1448 779 1621 817 libertum

173 833 357 886 quendam
389 835 524 873 Verris
555 847 575 871 a
607 833 793 872 Cicerone
825 834 1041 872 Cornelium
1075 834 1307 885 haruspicem
1344 835 1485 873 vocari.
1545 833 1623 872 Sed

175 903 271 940 ege,
306 903 388 928 cum
418 902 548 927 omnes
579 890 829 927 accusationis
862 890 978 927 libros
1012 897 1051 927 et
1080 903 1191 942 saepe
1225 897 1264 928 et
1293 890 1493 940 diligenter
1523 890 1624 928 evol-

174 946 307 990 verim,
338 943 469 982 videor
499 944 684 982 affirmare
714 958 842 996 posse,
876 945 1010 983 nullam
1042 946 1078 983 in
1110 947 1164 983 eis
1195 958 1281 983 esse
1313 946 1422 983 istius
1454 945 1625 983 Cornelii

175 1002 418 1038 mentionem.
477 1000 554 1050 Ipsi
585 1000 700 1050 igitur
727 1000 901 1053 giderint.
953 1000 1153 1039 Cornelius
1183 1001 1331 1052 quidem
1356 1002 1491 1039 Verris
1517 1000 1626 1038 lictor

175 1056 270 1094 libro
308 1056 428 1106 primo
466 1055 805 1106 accusationis**)
857 1057 1081 1094 nominatur.
1154 1056 1232 1094 Scd
1276 1056 1362 1107 quid
1397 1056 1444 1094 ad
1484 1055 1624 1094 Verris

175 1119 325 1162 gentem
357 1124 402 1149 ea
432 1124 494 1148 res
524 1110 718 1162 pertinet?
775 1111 880 1149 Fieri
911 1125 1003 1163 ergo
1032 1119 1177 1162 potest,
1209 1119 1248 1149 ut
1277 1113 1407 1150 fallar:
1442 1124 1626 1162 nunquam

176 1168 274 1205 enim
317 1167 445 1204 harum
486 1179 608 1204 rerum
650 1165 756 1204 valde
793 1166 955 1217 diligens
990 1167 1186 1218 indagator
1223 1168 1296 1206 fui:
1341 1181 1413 1205 non
1453 1166 1626 1218 equidem

115 1228 119 1232 “
177 1236 250 1274 quo
280 1235 344 1259 eas
372 1229 604 1260 contemnam
631 1235 674 1260 ac
699 1221 919 1273 despiciam,
954 1222 1018 1261 sed
1044 1223 1141 1273 quod
1170 1223 1352 1270 diffidam,
1385 1236 1511 1274 parem
1541 1234 1628 1261 esse

177 1291 236 1315 me
263 1291 372 1328 posse
406 1276 630 1328 perferendo
661 1277 797 1324 labori,
838 1292 945 1329 quem
974 1278 1081 1316 video
1110 1279 1329 1329 capiendum
1358 1291 1445 1316 esse
1476 1279 1537 1323 iis,
1568 1277 1630 1328 qui

178 1333 365 1371 subtiliter
394 1334 481 1370 talia
519 1333 749 1383 perscrutari
781 1334 928 1371 volunt:
972 1342 1009 1372 et
1032 1335 1169 1386 alioqui
1206 1348 1271 1372 suo
1311 1335 1466 1385 quisque
1507 1332 1629 1371 studio

180 1388 338 1425 ducitur.
399 1388 542 1436 Quare,
575 1396 612 1425 ut
642 1388 738 1426 ande
769 1388 861 1435 dixi,
893 1391 971 1427 lieri
1003 1397 1147 1440 potest,
1179 1397 1218 1428 ut
1248 1390 1377 1427 fallar:
1412 1388 1477 1427 sed
1507 1398 1630 1426 tamen

181 1445 352 1482 existimo
395 1445 515 1494 ipsum
561 1443 697 1482 Verris
739 1458 875 1482 nomen
916 1446 1145 1492 gentilicium
1182 1458 1282 1483 esse.
1345 1445 1429 1482 Hoc
1467 1444 1632 1482 arbitror

181 1500 308 1550 colligi
335 1512 446 1550 posse
475 1512 496 1536 e
520 1499 593 1536 fine
621 1500 703 1537 libri
738 1500 890 1537 secundi
909 1500 1031 1550 ***)‚
1064 1501 1125 1538 ubi
1157 1500 1202 1538 de
1223 1501 1283 1538 illa
1314 1501 1519 1537 tabularum
1547 1512 1631 1537 cor-

181 1557 355 1606 ruptione
386 1568 509 1592 sermo
541 1562 624 1599 cst,
665 1556 700 1591 in
734 1556 866 1605 quibus
899 1555 1045 1593 Verres
1085 1569 1127 1593 se
1163 1569 1229 1605 pro
1260 1556 1381 1593 Verre
1412 1556 1632 1592 Veri-utinm

181 1611 337 1648 fecerat.
398 1610 498 1647 Nam
537 1611 567 1646 si
606 1611 642 1646 in
678 1611 750 1647 illis
796 1612 847 1647 ita
883 1612 1059 1661 scriptum
1098 1612 1256 1657 fuisset,
1307 1610 1354 1648 C.
1394 1609 1633 1648 CORNELIUS

180 1666 377 1712 VERRES,
433 1679 504 1703 non
555 1678 644 1702 sane
689 1666 907 1716 oportuerat
952 1679 1000 1704 ex
1047 1666 1169 1704 Verre
1217 1667 1355 1704 fecisse
1391 1666 1629 1705 Verrutium.

179 1721 314 1772 Neque
365 1720 612 1772 procederent
661 1721 748 1767 illa,
805 1735 900 1772 quae
938 1735 959 1759 a
1005 1720 1194 1760 Cicerone
1241 1722 1489 1759 urbanissime
1534 1721 1634 1759 dicta

182 1776 354 1829 sunt-{72
392 1777 584 1827 Responde
616 1778 710 1815 milae·
737 1791 835 1815 nunc
866 1784 930 1823 ta,
967 1779 1129 1823 Verres,
1163 1791 1266 1828 quem
1299 1791 1377 1815 esse
1408 1778 1507 1815 hunc
1531 1783 1633 1815 tuum

175 1846 297 1884 paene
321 1834 499 1881 gentilem
529 1834 748 1870 Verrucium
785 1840 910 1883 pules.
972 1831 1066 1869 Nam
1100 1834 1258 1870 nominis
1298 1846 1380 1871 cum
1411 1832 1633 1882 cognomine

182 1886 385 1925 similitudo
417 1887 508 1924 nihil
536 1887 580 1924 ad
611 1889 858 1938 gentilitatem
886 1889 1064 1939 pertinet.
1125 1888 1251 1925 Alium
1282 1889 1400 1926 locum
1429 1888 1631 1938 proferam,

183 1944 244 1994 qui
274 1943 367 1988 hoe,
400 1942 498 1993 quod
530 1942 639 1988 dico,
674 1944 725 1981 ita
756 1944 953 1982 manifesto
984 1944 1193 1990 confirmet,
1225 1951 1265 1981 ut
1295 1945 1358 1981 vix
1387 1944 1498 1981 ullum
1527 1942 1634 1980 dubi-

181 2000 312 2036 tationi
340 1998 457 2035 locum
490 1998 659 2035 relietum
691 2000 910 2049 iri'putem.
965 1999 1091 2050 Atque
1123 2000 1220 2037 hunc
1251 2012 1296 2037 eo
1320 1999 1484 2037 recitabo
1514 1999 1633 2036 liben-

182 2055 271 2100 tius,
302 2052 396 2104 quod
424 2060 462 2091 et
491 2054 527 2090 in
555 2054 716 2104 vulgatis
742 2054 848 2091 libris
879 2062 1053 2105 corrupte
1084 2055 1234 2105 legitur,
1268 2062 1305 2092 et
1330 2053 1474 2106 qnidam
1506 2067 1634 2092 emen-

183 2109 273 2147 dare
314 2109 437 2146 eonati
478 2110 595 2159 magis
638 2111 748 2146 etiam
787 2117 1050 2159 corruperunt.
1118 2111 1172 2147 lta
1210 2110 1326 2159 igitur
1364 2109 1503 2147 Cicero
1538 2109 1634 2146 libro

183 2172 315 2217 quarto
340 2165 588 2201 accusationis
605 2163 714 2216 ††):
748 2166 957 2203 Ridiculum
978 2172 1049 2210 est,
1073 2178 1174 2203 mmo
1201 2167 1246 2203 de
1267 2167 1387 2203 Verre
1409 2179 1465 2202 me
1487 2166 1632 2210 dicere,

185 2234 266 2259 eum
300 2221 344 2257 de
375 2221 507 2258 Pisone
537 2222 663 2269 Frugi
698 2222 875 2258 delzrerim.
939 2222 1214 2266 Veruntamen,
1259 2228 1436 2271 quantum
1468 2221 1632 2265 emersit,

184 2277 319 2313 videte.
379 2278 471 2320 Iste,
501 2289 581 2313 cum
614 2277 758 2326 aliquot
786 2276 987 2313 abacorum
1005 2275 1165 2326 faceret
1193 2289 1283 2314 vasa
1313 2289 1447 2322 aurea,
1477 2289 1550 2313 non
1579 2277 1635 2312 Ια-

186 2332 348 2377 hornast,
381 2332 473 2381 qm‘rl
496 2344 569 2368 non
600 2333 706 2368 modo
737 2332 773 2368 2⁶71
799 2333 947 2377 St'ez'le'a,
982 2345 1108 2369 veram
1134 2333 1246 2370 eliam
1267 2334 1405 2370 Romae
1430 2333 1466 2369 z'le
1494 2331 1635 2368 iudicio

185 2388 352 2425 audiret.
420 2388 489 2424 Ille
524 2387 563 2424 2⁵72
602 2389 694 2424 auri
727 2389 915 2425 semuncia
951 2391 1068 2425 totam
1105 2388 1326 2438 Hispaniam
1367 2388 1466 2424 scire
1500 2387 1633 2430 voluit,

185 2443 284 2480 unde
307 2443 488 2493 praetori
512 2444 673 2481 annulus
685 2443 822 2494 fieret.
881 2444 1069 2481 Ninn'rmn
1094 2450 1135 2481 ut
1162 2445 1223 2481 hic
1250 2456 1380 2481 nomen
1403 2455 1508 2480 sumn
1539 2454 1637 2479 com-

263 2613 304 2649 ·23‘)
326 2614 432 2642 verba
451 2616 525 2642 sunt
546 2614 611 2643 Cic.
633 2614 663 2643 in
684 2616 774 2645 verr.
795 2614 850 2644 lib.
872 2616 924 2643 ΠΙ.
946 2622 1014 2650 cap.
1036 2615 1086 2645 69.
1109 2615 1142 2651 5.
1166 2615 1221 2645 161
1246 2617 1327 2644 extr.

263 2663 332 2697 -2:1·-:·.:·]
354 2669 423 2696 cap.
445 2663 494 2691 26.
516 2663 548 2698 §-
568 2663 620 2692 67.

262 2712 357 2746 ele-12:023)
383 2718 453 2745 cap,
474 2711 514 2741 76
534 2719 582 2746 sq,

263 2759 308 2797 †)
330 2759 407 2788 lbid.
428 2766 497 2793 cap.
516 2760 566 2788 77.
587 2760 618 2796 S.
635 2759 703 2789 19o.
738 2762 911 2795 Perperam
930 2760 1068 2790 tvolfius
1090 2760 1252 2790 distinxit:
1273 2761 1435 2796 Responde
1453 2760 1524 2789 mihi
1543 2766 1635 2794 nunc,

189 2798 221 2826 ἰιι
245 2798 377 2831 moves,
399 2804 487 2832 quem
507 2800 570 2827 cet.

263 2844 336 2882 ἢ.)
359 2852 427 2881 cap,
452 2847 493 2874 25
513 2848 591 2875 extr⁴
615 2846 646 2882 S·
666 2847 716 2875 57-
