1778 3096
177 1712 240 1743 303

277 136 358 178 290
840 135 967 174 VAR.
1000 135 1153 180 LECT.

277 249 464 286 sententia
496 261 578 292 cnm
616 253 653 283 ct
683 258 772 284 vera
813 253 852 284 et
880 247 1076 297 perspicua
1113 248 1181 287 sit:
1225 246 1434 300 quidam&
1471 255 1616 295 tamen,
1657 250 1720 300 qui

277 316 357 341 eam
394 317 465 340 non
498 303 748 352 intelligeret,
790 315 901 339 ausus
936 310 993 339 est
1027 302 1404 354 locunidepravare:
1449 311 1487 342 ct
1519 304 1580 341 uhi
1617 310 1721 342 recte

278 359 487 409 legebatur,
519 360 622 396 intra
651 370 750 408 spem
780 359 923 403 veniae,
955 359 1059 408 quasi
1087 366 1158 408 'pro
1188 359 1342 410 imperio
1375 360 1519 405 iubere,
1553 365 1590 395 ut
1619 358 1721 408 lega-

277 421 336 451 tur
375 421 490 451 extra
525 426 627 463 Spem
664 414 805 450 veniae.
866 412 996 451 Verba
1028 415 1109 450 eius
1141 413 1303 459 subieci,
1347 428 1366 452 e
1400 416 1530 465 quibus
1561 414 1720 451 hominis

275 476 313 506 et
343 470 464 505 cautio
504 475 541 505 ct
572 467 754 506 modestia
792 475 1099 517 cognosceretur.
1159 469 1347 507 Mendose
1365 471 1438 523 Ἠ)
1483 472 1516 507 in
1547 469 1721 508 omnibus

275 524 379 561 libris
412 523 618 573 legebatur,
652 526 755 562 intra
784 538 883 575 spem
915 526 1044 562 veniae
1075 532 1224 562 caulas.
1277 524 1383 572 Quae
1414 527 1598 577 scriptura
1627 526 1720 562 mire

275 580 385 616 torsit
408 592 472 616 eos
493 592 635 623 omneS‚
669 581 729 630 qui
755 581 789 616 in
816 581 909 616 hanc
929 579 1134 630 Epistulam
1162 583 1449 618 commentarios
1471 582 1718 631 scripserunt.

273 633 358 684 Ego
378 641 499 672 autem
530 636 744 672 coniectura
768 635 899 672 ductus
921 642 958 672 et
987 635 1032 672 ab
1057 637 1172 686 ipsius
1203 637 1368 674 veritatis
1394 650 1485 674 voce
1512 637 1721 674 admonitus

274 689 396 726 locum
434 698 646 741 corruptum
687 691 738 727 ita
779 690 995 728 emendavi:
1042 699 1081 729 et
1110 698 1223 729 eoetra
1263 705 1361 742 spem
1400 695 1529 730 veniae
1570 699 1717 731 caum:-

271 744 405 796 Neque
433 745 501 783 hoc
533 748 636 783 satis.
698 745 815 782 Addit
843 747 1088 784 sanctionem.
1151 746 1192 784 Si
1223 748 1304 797 quis
1338 746 1538 785 dissentire
1569 747 1717 792 audeat,

272 812 294 839 e
324 800 514 839 doctorum
544 813 697 838 numero
735 809 952 838 summotum
985 803 1043 839 iri.
1108 801 1185 839 Sed
1217 802 1333 852 ipsum
1364 802 1494 840 audire
1527 810 1718 854 praestat:

272 857 357 902 Sic,
390 857 532 909 inquit,
563 858 786 907 legendam5
825 858 1004 908 quicquid
1031 857 1253 909 obstrepant
1280 859 1478 896 semidocti
1502 872 1567 896 sen
1592 860 1719 908 polius

271 913 418 951 indocte·
446 915 611 963 quidam.
670 914 769 951 Nam
801 914 891 965 quid
923 915 1141 963 perversius
1172 915 1330 951 lectione
1369 914 1556 964 vulgata?
1613 913 1719 950 Haec

271 967 349 1006 ille.
408 968 504 1005 Mihi
545 981 634 1005 vero
665 969 746 1005 sive
783 967 1012 1014 semidocto,
1055 969 1134 1006 sive
1165 969 1300 1015 etiam,
1342 970 1374 1006 si
1403 970 1484 1020 quis
1521 969 1571 1006 ita
1599 968 1717 1014 malit,

270 1022 420 1061 indocto
464 1023 725 1074 sesquidoctus
756 1023 819 1061 ille
859 1024 966 1074 plane
1002 1031 1109 1061 extra
1148 1037 1252 1075 spem
1290 1025 1422 1063 veniae
1460 1035 1642 1076 peccasse
1680 1024 1719 1061 in

268 1078 466 1117 Horatium
496 1093 568 1117 non
598 1080 667 1117 hoc
696 1086 837 1117 tantum
867 1079 948 1117 loco
975 1078 1137 1118 videtur.

780 1211 1064 1251 CAPUT
1131 1211 1206 1252 VI.

644 1291 759 1328 Alius
786 1291 942 1328 Horatia·
968 1292 1073 1329 loeus
1105 1291 1336 1328 illustratus.

266 1365 466 1424 Honxru
496 1401 626 1426 versus
657 1396 743 1427 sunt
771 1402 793 1427 e
822 1390 943 1440 primo
971 1388 1224 1440 Epistolarum
1242 1387 1370 1441 Μῆι

429 1466 544 1515 Rupit
572 1467 786 1515 Hyarbz‘tan
822 1469 1037 1516 Timagenes
1066 1469 1214 1505 aemula
1245 1468 1394 1516 lingna,

383 1522 391 1524 “
429 1521 524 1557 Dum
554 1523 683 1560 studet
709 1522 878 1560 urbanus
908 1523 1100 1572 tenditque
1126 1523 1290 1560 disertus
1316 1522 1464 1559 haberi.

264 1595 370 1643 Quos
400 1596 437 1634 in
466 1609 599 1636 versus
636 1597 763 1637 decuit
803 1599 1047 1662 interpretem
1078 1598 1203 1644 illum,
1243 1598 1304 1649 qui
1342 1597 1519 1651 quicquid
1561 1610 1714 1649 usquam

264 1650 431 1697 vidciat,
471 1652 641 1702 legerat,
681 1653 879 1702 audierat,
919 1655 1196 1700 somniaverat,
1239 1650 1342 1708 αὐτῷ
1380 1654 1433 1709 τῷ
1472 1650 1636 1693 &vicium
1674 1655 1713 1692 in

265 1709 552 1747 commentarios
592 1723 679 1747 suos
708 1723 802 1761 cong
792 1710 959 1755 '‚erehat
1000 1709 1046 1747 de
1075 1710 1311 1759 Timagene,
1356 1710 1386 1746 si
1407 1695 1502 1760 quid
1537 1710 1711 1755 haberet,

264 1761 407 1802 dicere.
474 1763 527 1801 Et
568 1772 689 1803 tamen
729 1765 765 1802 in
812 1766 929 1816 priori
969 1764 1136 1803 editione
1173 1765 1385 1802 silentium:
1435 1766 1470 1802 in
1512 1766 1711 1816 posteriori

263 1831 378 1868 pauca
408 1819 586 1869 quaedam
612 1834 657 1858 ex
679 1820 810 1858 Suida.
861 1819 1203 1858 praetermittenda
1224 1827 1327 1858 certe
1358 1833 1429 1858 non
1461 1828 1584 1867 erant,
1616 1833 1711 1871 quae

262 1872 308 1911 de
341 1886 386 1910 eo
416 1875 592 1924 leguntur
620 1875 717 1927 apud
748 1876 931 1914 Senecam
960 1876 1054 1913 libro
1085 1876 1197 1913 tertio
1227 1875 1272 1913 de
1307 1875 1370 1914 Ira
1386 1874 1460 1928 †):
1502 1890 1550 1914 ex
1578 1876 1710 1927 quibus

261 1935 300 1965 et
316 1929 534 1979 Timagenis
560 1930 820 1969 maledicentia
849 1939 887 1970 et
909 1938 1108 1969 contumax
1132 1932 1277 1968 animus
1305 1937 1343 1969 et
1361 1930 1528 1981 Augusti
1554 1932 1709 1969 comitas

261 1996 305 2021 ac
337 1984 495 2022 facilitas
525 1988 664 2037 optime
695 1988 953 2038 cognoscitur.
1009 1986 1111 2024 Addi
1143 1993 1314 2051 poterant
1346 1993 1384 2024 et
1420 1987 1483 2024 illa
1513 1986 1709 2025 Plutarchi

263 2051 310 2075 ex
339 2039 433 2076 libro
463 2039 509 2077 de
548 2041 766 2080 discrimine
798 2041 1001 2080 adulatoris
1032 2049 1069 2080 et
1108 2041 1343 2094 amici-iffi:
1385 2041 1597 2095 Τιμαγένης
1635 2041 1710 2090 ἐξέ-

261 2104 351 2133 πεσε
381 2097 449 2145 τῆς
477 2096 675 2147 Καίσαρος
706 2097 859 2147 φιλίας,
897 2096 1082 2152 ἐλευθέρα
1113 2095 1181 2148 μὲν
1211 2095 1393 2137 οὐδέποτε
1410 2100 1542 2165 φωνῇ
1572 2094 1707 2149 χοησά-

262 2163 386 2198 μενος.
423 2149 464 2189 ἐν
491 2149 532 2189 δὲ
565 2156 643 2199 τοῖς
672 2153 901 2202 συμποσίοις
938 2169 1004 2192 και
1042 2156 1121 2199 τοῖς
1149 2149 1371 2204 περιπάτοις
1404 2149 1578 2192 ἑκάστοτε
1611 2150 1708 2206 ποὸς

262 2201 347 2243 οὐδ’
377 2201 559 2256 ἡντινοῦν
587 2204 782 2258 σπουδὴν,
812 2204 891 2246 ἀλλ’
926 2205 949 2246 o'
977 2207 1014 2246 τί
1043 2207 1084 2246 οἵ
1109 2207 1251 2246 εἴσαιτο
1279 2207 1442 2272 γελοίιον
1463 2187 1706 2260 Ἀργείοισιν,

263 2259 390 2299 αἰτίαν
418 2261 559 2311 φιλίας,
587 2260 710 2316 ὥςπερ
741 2259 913 2313 σόφισμα
941 2262 1134 2314 λοιδοοίας
1160 2259 1477 2315 προςφερόμενος.
1526 2262 1601 2301 Sed
1632 2277 1704 2302 non

262 2314 408 2362 dubito,
441 2318 527 2368 quin
558 2317 651 2356 haec
681 2331 826 2370 quoque
857 2318 1031 2356 habueiit
1061 2319 1098 2356 in
1132 2319 1247 2356 scidis
1276 2326 1315 2356 et
1344 2317 1574 2357 adversariis
1603 2320 1702 2357 suis.

334 2442 359 2466 ³!-
349 2441 378 2476 -)
398 2443 422 2470 Ι
426 2442 587 2480 ambinus‚
609 2444 739 2473 notatus
759 2443 855 2472 etiam
874 2449 943 2478 cap.
964 2450 1055 2478 prox.
1095 2442 1211 2473 ῐνοῐε.

348 2490 401 2525 Ξ-κε)
422 2493 501 2520 sunt
522 2494 620 2521 verba
640 2492 784 2521 Lambini
804 2499 846 2521 ex
866 2492 939 2520 edit
962 2491 1073 2525 prima
1114 2493 1175 2522 lila
1201 2499 1286 2529 quae
1312 2494 1490 2528 sequnntur
1514 2494 1569 2523 Sic
1595 2495 1702 2532 leyen-

257 2530 331 2557 dum
350 2532 409 2557 cet.
436 2533 642 2559 accesserunt
662 2530 694 2559 in
715 2530 921 2560 enit.a1te1·1.
962 2531 1073 2558 Fami.

332 2577 425 2611 *³7²⁸ss
446 2579 502 2612 Ep.
524 2578 570 2607 19.
591 2586 620 2607 v.
643 2580 683 2607 15
691 2587 744 2622 sq.
783 2581 871 2607 Nunc
891 2578 1038 2606 scribitur
1054 2579 1202 2608 [orbium
1242 2578 1313 2607 Vin.
1333 2579 1378 2606 w
1381 2577 1508 2610 eichert.
1529 2580 1568 2608 de
1583 2581 1702 2610 Iarbita

259 2613 442 2649 Timagenis
462 2617 660 2645 aemulatore
689 2617 721 2645 in
740 2618 867 2646 Poetar
887 2616 1438 2652 Latinor.Re1iqq.[11ps1830.)
1458 2625 1529 2653 pag.
1548 2618 1611 2648 393
1629 2626 1698 2654 sqq.

361 2662 436 2697 Jca
489 2665 538 2693 23.

332 2662 406 2754 ἰῇ
436 2671 507 2752 ξος.
537 2718 587 2748 68.
608 2719 644 2748 Β.
674 2718 726 2747 ubi
755 2718 951 2764 distinguas·
981 2710 1231 2759 χρησάμενος,
1257 2711 1298 2748 ἐν
1321 2712 1363 2748 δὲ
1385 2716 1459 2755 τοῖς
1481 2715 1700 2759 συμποσίοις

255 2754 316 2787 καὶ
341 2755 579 2800 πιριπάτοις.
589 2779 621 2791 ·.
654 2754 821 2799 σπουδήν

532 2803 612 2840 ἀλλ
640 2804 660 2840 ὅ
683 2818 715 2840 τι
740 2807 776 2842 οἱ
798 2808 932 2842 εἴσαιτο
956 2809 1118 2852 γελοίιον
1139 2807 1224 2855 Ἀρ]
1225 2809 1365 2851 είοισιν,

250 2853 321 2881 coli.
345 2854 433 2884 Hom.
456 2855 544 2886 Iliad
566 2857 602 2885 n.
625 2857 695 2886 215.
