1726 3106
521 138 623 177 LIB.
651 138 722 178 XI.
780 137 898 178 CAP.
927 137 1019 177 XII.
1409 135 1489 177 251

56 249 227 289 dicerent
246 249 319 302 ἕξ),
368 251 510 300 poc‘tam
554 246 700 298 quidem
739 246 1028 298 Asclepiadem,
1084 246 1177 284 nihil
1227 252 1349 284 antem
1391 244 1492 283 aliud

56 319 163 357 qnam
196 313 358 344 actorem
395 311 434 342 et
462 304 677 340 histrionem
710 302 890 353 quendam
924 315 1009 340 esse
1039 300 1492 340 Menedemum.11unc

45 361 346 406 'Menedemuim
383 371 533 410 gravem
565 367 692 408 postca
721 365 758 395 ct
786 370 956 394 severum
987 357 1267 408 philosophum,
1308 355 1492 406 principio

58 429 253 454 scenarum
291 416 469 466 pictorem
512 414 627 451 fnisse
663 414 786 457 aiunt,
832 411 869 449 id
899 419 955 449 est
987 410 1277 465 σκηνογράφον,
1315 424 1409 456 non,
1453 417 1495 447 ut

57 472 167 521 vulgo
190 477 330 521 putant,
359 466 640 521 σκηνορῤάφον.
695 465 804 515 Quod
830 474 867 504 et
891 480 937 504 ex
957 470 1113 504 vetustis
1134 468 1276 505 Laertii
1301 466 1404 503 libris
1421 464 1492 529 ἢ)

57 538 289 575 cognoscere
320 531 512 576 poteiant,
545 531 581 561 εἰ
614 537 661 561 ex
689 524 794 567 aliis,
836 535 930 572 quae
961 523 997 559 in
1030 523 1145 572 ipsius
1176 520 1392 559 Menedemi
1420 521 1497 557 vita

56 581 244 630 leguntur.
304 581 355 618 Ut
385 579 480 630 quod
514 593 594 617 cum
627 579 833 629 psephisma
863 577 1043 627 quoddam
1078 578 1316 626 scripsisset,
1360 575 1497 613 dietum

58 643 117 673 est
145 636 180 672 in
222 649 303 673 eum
342 649 363 672 a
393 633 548 686 quodam
583 634 735 671 Alexini
774 639 985 678 sectatore,
1028 648 1079 679 ως
1108 629 1193 671 οὔτε
1222 643 1368 682 σκηνην
1384 629 1496 682 mae),

57 687 144 729 ούτε
183 687 366 741 ψήφισμα
403 704 584 742 προςηκει
617 691 668 743 τῷ
707 691 816 741 σοφῷ
853 684 1025 753 γράφειν.
1081 687 1159 725 Ioci
1194 688 1291 724 enim
1322 692 1496 723 venustas

57 746 176 783 estin
206 746 394 796 multiplici
423 745 695 795 significatione
726 743 829 781 verbi
854 740 1028 795 γράφειν,
1060 742 1153 793 quod
1182 748 1240 779 est
1266 748 1304 778 et
1329 741 1498 778 screbere

59 807 96 838 et
117 802 292 850 pingere.
352 801 444 838 Item
456 776 569 850 Dquod
606 799 877 837 adolescentuli
917 797 1105 836 cuiusdam
1139 796 1356 834 ferocientis
1384 794 1499 833 auda-

58 856 151 893 ciam
185 856 436 906 compescuit,
469 869 549 892 cum
581 855 617 892 in
648 867 730 892 eum
761 853 906 904 quidem
940 853 1030 890 nihil
1059 851 1230 898 dixisset,
1262 850 1328 889 sed
1358 857 1499 888 tantum

59 910 160 948 humi
202 910 429 948 delineasset
460 910 657 947 muliebria
693 910 909 972 patientem.
970 909 1054 945 Hoc
1095 908 1191 945 enim
1235 914 1292 945 est
1325 901 1501 957 περαινό-

59 980 192 1016 μενον,
233 965 329 1016 quod
359 966 453 1003 male
492 966 678 1015 interpres
716 965 903 1002 convertit
939 962 1225 1015 trazeclu712†)
1285 961 1338 999 Et
1369 960 1500 999 eodem

60 1020 169 1058 modo
201 1022 382 1071 accipitur
420 1021 572 1058 verbum
604 1019 689 1057 illud
731 1020 837 1069 paulo
869 1025 950 1069 post
984 1020 1020 1055 in
1052 1018 1113 1055 illo
1151 1016 1315 1055 mordaci
1345 1023 1383 1053 et
1414 1029 1502 1053 acu-

61 1075 158 1113 leato
187 1075 366 1113 adversus
399 1076 617 1113 Hieroclem
656 1074 775 1119 dicto,
819 1073 874 1121 εἰς
908 1073 944 1112 τί
979 1070 1096 1112 αὐτὸν
1134 1070 1156 1112 ὁ
1183 1070 1402 1124 Ἀντίγονος
1438 1085 1503 1109 πε-

61 1131 192 1181 paim.
250 1130 301 1168 Et
330 1132 366 1168 in
402 1132 478 1168 vita
506 1129 695 1168 Arcesilai
713 1129 820 1182 ††)
863 1142 969 1179 quem
1000 1129 1118 1165 locum
1157 1129 1208 1165 ita
1237 1128 1330 1164 male
1360 1126 1504 1176 accepit

62 1186 270 1248 interpres,
310 1193 349 1222 ut
390 1198 500 1223 verae
532 1186 743 1223 sententiae
786 1198 832 1222 ne
873 1184 1066 1233 vestigium
1108 1182 1253 1233 quidem
1298 1188 1500 1231 appareat:

62 1238 164 1289 Diog
143 1241 248 1277 wenis
286 1241 383 1277 enim
424 1241 537 1278 verba
577 1247 682 1276 sunt:
727 1236 823 1290 πρὸς
859 1237 900 1276 δὲ
935 1235 1002 1277 τὸν
1041 1238 1166 1276 αἰτίαν
1207 1236 1338 1287 ἔχοντα
1375 1234 1503 1287 περαί-

62 1299 222 1343 νεσθαι,
263 1292 306 1341 ὃς
335 1291 516 1348 ἇνηνεγκε
501 1311 540 1333 cv
562 1291 694 1361 αὐτῷ,
735 1292 793 1333 ὅτι
827 1291 873 1332 οὐ
906 1293 1014 1331 δοκεῖ
1049 1291 1175 1343 ἕτερον
1214 1290 1341 1342 ἑτέρου
1378 1292 1504 1341 μεῖζον

64 1353 184 1398 εἰναι,
210 1347 423 1401 ἠρώτησεν,
463 1350 497 1388 εἰ
529 1346 618 1389 οὐδὲ
646 1346 688 1389 τὸ
721 1345 1000 1387 ὄεκαὸακτυλον
1027 1350 1096 1386 τοῦ
1124 1344 1389 1394 εξαὸακτύλου.
1445 1345 1505 1382 Ea

65 1405 115 1442 ita
146 1405 265 1442 reddit
293 1406 501 1456 interpres:
538 1408 654 1455 Quum
676 1406 865 1442 yelule'sset
894 1404 945 1441 ad
972 1416 1054 1440 eum
1082 1404 1232 1453 quedam
1260 1403 1390 1440 νίίιοεε
1417 1414 1506 1439 eon-

66 1462 237 1505 cludens,
279 1474 351 1498 non
389 1461 513 1498 videri
535 1462 655 1498 altero
691 1461 853 1497 alteram
883 1460 1025 1504 maius,
1073 1460 1154 1496 Nee
1183 1459 1329 1502 decem,
1365 1457 1503 1506 inquil,

67 1517 268 1564 digitorum
295 1516 490 1565 longitudo
519 1528 691 1552 senorum
716 1515 964 1564 longitudine.
1019 1512 1104 1562 Ego
1132 1520 1254 1550 autem
1283 1512 1350 1549 hoc
1372 1511 1503 1548 modo:

72 1572 160 1608 Cum
192 1571 365 1620 quidam,
412 1583 515 1620 quem
546 1571 668 1620 opinio
705 1577 793 1606 erat
826 1570 967 1606 mollem
1006 1575 1117 1618 atque
1146 1569 1370 1618 impudicum
1410 1580 1504 1612 esse,

68 1626 121 1663 all
148 1639 228 1662 eum
258 1627 460 1669 retulisset,
490 1638 562 1661 non
592 1626 715 1661 videri
740 1624 817 1661 sibe·
840 1624 945 1660 allud
974 1624 1049 1660 alio
1078 1624 1222 1660 mulus.-
1256 1623 1510 1671 &terrogavit

69 1694 172 1726 eum,
219 1694 305 1718 num
345 1693 391 1718 ne
429 1681 470 1717 z'd
503 1680 672 1729 quidem,
726 1679 827 1729 quod
866 1679 988 1715 decem
1027 1679 1166 1727 (legz'los
1203 1679 1353 1726 longum
1395 1682 1507 1721 esset,

72 1737 220 1785 longius
255 1737 447 1773 videretur·
478 1748 544 1780 eo,
587 1735 687 1785 quod
721 1747 790 1770 sem
827 1740 971 1772 tantum
1009 1733 1148 1782 degz'cos
1182 1734 1347 1782 longum.
1408 1730 1511 1778 Quid

69 1798 192 1828 autem
223 1790 477 1841 significaret,
522 1802 643 1841 neque
675 1788 823 1827 difficile
862 1796 921 1826 est
950 1789 1117 1839 cogitare
1154 1800 1274 1840 neque
1314 1786 1510 1825 honestum

70 1845 208 1896 eloqui.

566 1973 852 2014 CAPUT
906 1972 1008 2012 XII.

380 2055 570 2093 Ce'cerom‘s
598 2055 703 2092 locus
730 2066 750 2090 e
781 2052 962 2103 Sophocle
991 2064 1204 2102 expressus.

74 2131 380 2190 PRAECLARUM
418 2153 624 2204 sapientiae
662 2156 901 2203 praeceptum
934 2156 1013 2197 est,
1053 2149 1193 2188 debere
1222 2162 1518 2202 unumquemque

78 2215 241 2246 nostrum
268 2209 444 2246 maiorem
471 2222 596 2246 curam
627 2208 766 2246 habere
796 2207 876 2244 eius
903 2206 1099 2256 temporis,
1126 2204 1222 2257 quod
1250 2213 1332 2257 post
1361 2212 1517 2244 mortem

78 2271 241 2300 nostram
273 2271 554 2302 consecuturum
587 2272 664 2309 est,
705 2275 811 2314 quam
841 2261 966 2299 brevis
997 2261 1092 2298 illius
1124 2268 1160 2298 et
1187 2262 1336 2312 exigui,
1378 2275 1449 2312 quo
1480 2262 1518 2299 in

80 2317 149 2356 hac
183 2320 257 2357 vita
286 2332 425 2356 sumus.
485 2319 614 2371 Itaque
641 2319 807 2370 graviter
837 2324 875 2356 et
904 2317 1099 2367 magnifice
1131 2316 1267 2354 Cicero
1296 2318 1334 2354 in
1363 2316 1519 2368 quadam

157 2463 405 2498 1λ’·)νίι1.Ι)ἰοξ
426 2464 590 2492 Laert.11.
612 2462 680 2491 137.
720 2464 832 2491 Ffflst.

174 2519 299 2552 ²2³)lih.
323 2522 359 2547 11.
382 2526 450 2553 can.
473 2519 520 2547 17.
542 2518 572 2553 ς.
593 2519 662 2547 125.
699 2519 796 2548 codd.
817 2505 1086 2559 σκηνορὁφον,
1107 2517 1191 2552 quod
1212 2518 1244 2546 et
1262 2517 1452 2548 Ambrosius
1472 2516 1524 2546 in-

84 2558 274 2590 terpretatui
294 2558 562 2585 tabernaculorum
581 2559 725 2585 sutorem.

161 2613 229 2621 “““““““““
211 2611 253 2645 --·)
275 2612 311 2639 H.
334 2613 513 2645 Stephanus
534 2613 565 2638 et
586 2611 729 2644 Scaliger
756 2611 809 2640 hic
826 2609 925 2640 inseri
953 2610 1105 2640 volebant
1131 2600 1276 2651 ῥάφειν.
1315 2610 1364 2638 De
1383 2608 1524 2638 Alexino

84 2623 273 2684 philosopho
296 2649 745 2683 via.Diog.Laert.11.127.

163 2703 208 2740 ἦ)
230 2703 649 2737 An.1)iog.1.c.1eginms
668 2696 791 2741 λαβὼν
815 2695 856 2730 δὲ
880 2692 1021 2741 κάρφος
1045 2694 1247 2740 διέγραψεν
1272 2698 1320 2734 εἷς
1343 2691 1528 2739 τοῦδαφος

86 2755 116 2816 tn
129 2753 173 2815 εέ)
186 2754 208 2813 ἴς
218 2754 258 2822 tfiv
271 2743 388 2813 ἔμιξν
400 2753 417 2774 ο
432 2754 452 2775 υ
486 2751 540 2785 σχ
550 2743 572 2783 ἦ
582 2754 609 2787 μ
621 2753 662 2784 α,
700 2757 782 2786 quae
810 2752 973 2785 postrema
1000 2748 1190 2777 Ambrosius
1225 2748 1452 2784 interpretatus
1479 2750 1530 2777 cst.

100 2795 148 2816 ναι
168 2795 184 2814 c
198 2795 208 2813 z
250 2794 268 2820 ,sl
292 2793 326 2813 ru
361 2807 367 2813 .

165 2841 238 2880 ᾗ.)
259 2841 312 2870 liu.
332 2841 382 2871 1V.
405 2847 474 2876 cap.
495 2841 524 2871 fi.
542 2840 573 2877 g.
594 2840 644 2870 34.
684 2841 731 2871 lbi
751 2831 805 2873 ὠς
830 2831 1027 2879 ἀνήνεγκεν
1047 2839 1206 2870 scribitur.

1543 1979 1606 2011 263
