1726 3106
110 655 146 686 71

173 125 230 169 66
737 125 864 166 VAR.
898 125 1049 165 LECT.

343 233 420 276 Τὸν
447 234 650 290 προύχοντ’
679 234 801 277 ἆσκοῧ
826 233 1008 284 ποδεῶιῖ,
1037 253 1067 276 ω
1096 237 1250 288 φίλτατε
1275 240 1391 288 λαῶν,

340 289 416 345 Mi]
442 293 577 342 λύσαι,
604 291 695 345 πρὶν
722 289 864 346 γουνὸν
887 289 1112 343 Ἀθηναίων
1138 291 1361 344 ἀφικέσθαι.

174 370 305 410 Utrem
332 371 488 408 vocabat
508 369 599 408 deus
621 378 787 408 ventrem
810 371 929 421 ipsius
955 369 1103 420 Aegei:
1134 383 1182 408 ex
1206 384 1277 422 quo
1299 372 1359 423 qui
1384 370 1616 434 promineret

172 422 340 473 ποδεών,
372 426 463 463 nibil
495 427 568 463 ullo
597 438 689 477 opus
719 432 778 463 est
808 425 954 476 Oedipo
983 426 1028 462 ad
1057 426 1353 476 intelligendum.
1405 427 1471 464 Illo
1500 427 1616 475 igitur

172 482 372 520 verborum
402 482 560 519 circuitu
590 481 867 532 praecipiebat,
900 487 938 517 ut
971 493 1012 518 se
1037 481 1143 518 uxori
1169 488 1309 519 castum
1341 488 1378 519 et
1400 482 1615 532 integellum

173 543 344 574 servaret
371 537 595 587 afferretque
630 535 676 574 ad
705 550 785 574 eam
825 548 960 587 graves
999 542 1036 573 et
1065 536 1192 586 plenos
1224 537 1401 587 probatae
1433 537 1615 587 pecuniae

173 591 329 629 loculos.
383 591 476 629 Illud
507 605 652 643 quoque
679 592 865 642 cognitum
896 598 954 629 est
983 598 1021 628 et
1051 592 1196 629 ratione
1221 599 1260 629 et
1289 593 1544 643 experientia,
1582 591 1615 628 si

173 646 261 697 quid
287 648 462 697 gignatur
482 648 527 685 ab
549 648 612 693 iis,
636 648 695 697 qui
717 660 757 684 se
786 647 893 684 nimis
920 659 1033 697 saepe
1062 647 1097 683 in
1120 646 1180 684 illa
1208 647 1395 698 palaestra
1415 653 1612 692 exercent,

173 702 356 739 inlirmum
391 702 428 740 id
467 710 576 754 atque
616 702 837 740 imbecillum
879 714 988 739 csse:
1036 714 1117 738 cum
1152 709 1282 740 contra
1323 703 1383 753 qui
1422 714 1534 752 parce
1570 714 1614 739 ac
1654 745 1661 751 ,

171 756 270 795 bono
300 757 408 795 modo
438 757 475 795 id
506 759 668 803 faciunt,
709 758 940 794 robustiores
973 757 1185 807 plerumque
1216 770 1260 795 ac
1289 757 1487 795 solidiores
1520 757 1615 794 lilios

171 812 337 850 edelent.
398 813 517 860 Quam
549 813 595 850 ob
623 826 791 850 caussam
821 812 1021 863 Lycurgus
1052 813 1278 858 instituerat,
1312 821 1350 850 ut
1381 813 1464 850 novi
1495 812 1617 850 mariti

172 875 210 906 et
250 882 335 906 raro
376 876 412 905 et
455 869 580 905 furtim
618 867 942 917 congrederentur
989 880 1069 905 cum
1112 868 1312 905 uxoribus:
1363 868 1431 905 hac
1472 868 1617 905 ratione

172 922 341 960 indicans
373 924 468 969 fore,
500 930 595 960 utet
625 921 816 960 ardentius
843 935 883 959 se
918 930 1040 960 mutuo
1070 921 1346 968 desiderarent,
1380 930 1417 960 et
1446 923 1617 972 vegetio-

173 991 234 1015 res
259 979 397 1015 liberos
430 978 694 1029 producerent.
750 977 1013 1028 Xenophontis
1043 978 1172 1022 v·e1ba‚
1205 978 1336 1028 quibus
1368 978 1437 1015 hoc
1467 977 1514 1015 de
1521 977 1617 1042 Ε)-

170 1046 287 1083 curgo
317 1035 491 1084 exponit,
536 1035 628 1071 haec
659 1033 832 1082 sunt*)·
876 1032 994 1083 ἔθηκε
1020 1030 1092 1086 γὰρ
1118 1033 1199 1072 cacia
1188 1037 1314 1072 ἷσθαι
1342 1031 1410 1083 μὲν
1438 1029 1616 1082 εἰςιόντα,

171 1088 368 1128 αἰδεῖσθαι
391 1087 471 1128 δὲ’
455 1086 613 1136 εξιόντα.
643 1104 743 1128 ουτω
767 1086 808 1127 δὲ
837 1085 1045 1136 συνόντων,
1073 1094 1175 1128 ποθε
1160 1087 1352 1141 εινοτὲρως
1374 1086 1442 1139 μὲν
1466 1085 1616 1154 ἀνάγκη

171 1147 282 1193 σφῶν
313 1141 440 1183 αὐτῶν
477 1145 591 1196 ἐχειν,
633 1142 934 1195 ἒροωμενέστερα
964 1142 1005 1183 δὲ
1035 1144 1258 1202 γίγνεσθαι,
1301 1144 1369 1182 εἴτι
1405 1141 1615 1195 βλαστοιεν,

114 1225 117 1229 »
170 1197 271 1238 οὕτω
300 1203 463 1251 μᾶλλον,
499 1198 525 1252 ἢ
553 1200 589 1239 εἰ
616 1197 789 1250 διάκοροι
818 1196 991 1250 ἀλλήλων
1021 1203 1106 1239 εἰεν.
1163 1199 1335 1237 Recitavi
1375 1206 1497 1236 autem
1534 1199 1614 1245 illa,

169 1262 210 1293 ut
241 1256 315 1306 legi
337 1255 477 1294 debere
501 1269 655 1301 censeo,
690 1268 762 1292 non
790 1261 829 1291 ut
855 1255 964 1304 vulgo
988 1255 1176 1305 leguntur.
1231 1255 1273 1292 ln
1300 1254 1469 1291 omnibus
1499 1255 1614 1301 enim,

170 1324 262 1362 quos
293 1324 362 1361 ego
393 1311 539 1362 quidem
569 1310 742 1354 viderim,
776 1310 881 1347 libris
913 1324 979 1360 pro
1008 1308 1207 1361 βλαστοιεν
1236 1310 1374 1359 legitur
1402 1306 1616 1360 βλάπτοιεν.

171 1366 245 1414 Qui
278 1368 396 1417 primo
432 1374 587 1417 aspectu
625 1366 781 1417 pusillus
821 1377 930 1401 error
967 1379 1057 1413 quas
1088 1365 1295 1402 Francisco
1325 1364 1522 1415 Philelpbo
1539 1364 1615 1418 Μ)

170 1422 347 1459 tenebras
377 1421 567 1467 offuderit,
601 1422 736 1466 scient,
771 1420 832 1469 qui
864 1420 1211 1471 interpretationem
1238 1420 1336 1457 illius
1366 1420 1614 1471 inspexerint.

171 1476 271 1524 Quin
308 1484 428 1514 autem
469 1477 621 1514 verbum
651 1471 878 1526 βλαστάνειν
908 1476 954 1512 ab
994 1476 1065 1521 iis,
1113 1488 1207 1525 quae
1247 1477 1416 1512 oriuntur
1445 1488 1465 1512 e
1497 1482 1615 1521 terra,

170 1533 448 1583 elegantissime
470 1532 516 1571 ad
537 1533 705 1570 homines
733 1531 931 1569 transferri
956 1531 1138 1582 potuerit,
1171 1529 1421 1568 dubitaturum
1443 1531 1617 1569 existimo

170 1600 372 1626 neminem.

670 1696 959 1735 CAPUT
1015 1695 1112 1734 XV.

517 1764 775 1814 Xenophontis
804 1764 901 1801 alius
931 1764 1035 1801 locus
1065 1767 1272 1801 correctus.

171 1842 341 1901 Murra
372 1861 573 1915 depravata
604 1870 690 1900 sunt
720 1863 755 1900 in
787 1861 1052 1914 Xenophontis
1081 1862 1211 1900 libris:
1251 1860 1357 1912 plura
1385 1860 1480 1899 male
1509 1861 1619 1900 intel·

172 1920 268 1957 lecta
293 1918 339 1956 ab
366 1919 429 1965 iis,
461 1920 521 1969 qui
547 1931 611 1956 eos
635 1920 669 1955 in
688 1918 863 1955 Latinum
890 1931 1100 1956 sermonem
1125 1924 1349 1956 convertere
1373 1915 1616 1955 studuerunt:

172 1974 279 2026 quale
311 1981 388 2019 est,
436 1973 532 2025 quod
564 1974 671 2011 modo
701 1974 940 2023 protulimus:
981 1973 1205 2023 itidemque,
1243 1970 1340 2023 quod
1369 1985 1466 2010 nune
1496 1974 1620 2023 prola—

172 2030 245 2067 turi
288 2042 426 2066 sumuS.
488 2029 565 2066 Sed
605 2029 673 2066 hoc
702 2029 962 2079 Xenophontis
1004 2030 1190 2079 proprium
1233 2041 1306 2065 non
1344 2035 1415 2064 est.
1477 2028 1619 2078 Optimi

173 2086 307 2136 quique
338 2085 540 2135 scriptores
570 2091 608 2122 et
637 2084 791 2129 Graeci,
827 2091 864 2121 et
893 2084 1036 2130 Latini,
1067 2096 1282 2134 quamquam
1313 2081 1452 2120 Graeci
1483 2084 1616 2134 magis,

176 2139 242 2178 sed
271 2147 393 2177 tamen
433 2146 469 2176 et
499 2139 637 2177 Graeci
669 2146 705 2176 et
734 2138 859 2176 Latini
898 2140 949 2176 ita
981 2140 1104 2176 multis
1145 2138 1332 2175 ulceribus
1370 2145 1539 2184 scatent,
1578 2145 1620 2176 ut

177 2196 238 2234 vix
267 2208 393 2233 eorum
419 2191 740 2247 πολλοστημόριον
771 2192 952 2246 quoddam
991 2208 1120 2232 sanum
1149 2194 1408 2244 integrumque
1447 2206 1619 2245 perman-

175 2316 271 2352 Apud
290 2317 495 2345 Plutarchum
514 2322 592 2344 vero
612 2314 671 2343 vit
693 2314 810 2343 Thesei
829 2321 898 2350 cap.
919 2316 949 2344 3

396 2352 523 2387 Ἀσκοῦ
548 2353 611 2387 τὸν
634 2348 844 2399 προῦχοντα
868 2350 975 2395 πόδ’,
1000 2347 1030 2386 ὦ
1053 2354 1153 2399 μεγα
1177 2354 1333 2397 ψέρτατε
1357 2351 1422 2384 Zoro
1435 2362 1468 2392 ν,

398 2398 466 2442 ]ν[ὴ
491 2396 597 2446 λύσῃς
622 2403 710 2443 πρὶν
734 2400 854 2443 ὸῐμον
873 2378 1035 2442 Ἀθηνῶν
1059 2400 1318 2442 εἷςαᾳικέσθαι.

176 2450 293 2478 Veram
314 2448 501 2484 sclipturam
523 2458 637 2479 versus
658 2449 771 2485 prioris
792 2458 943 2481 servasse
961 2452 1108 2482 xidentur
1128 2452 1200 2480 libri
1215 2452 1303 2480 MSS.
1320 2445 1506 2481 AD⁰ll⁰d⁰r¹
1522 2438 1619 2474 21⁰¹*-

175 2500 217 2521 π.
241 2485 359 2526 πόδα,
383 2490 480 2532 με’]ᾱ,
504 2490 657 2533 qemun
681 2490 792 2532 λαῶν,
826 2498 856 2524 et
886 2499 995 2526 'rzetz
1022 2497 1061 2524 ad
1090 2497 1246 2530 lycophr
1277 2501 1309 2522 v.
1338 2490 1409 2519 494.
1441 2493 1488 2520 ed.
1509 2492 1618 2520 Muell.

176 2541 293 2568 Nostro
315 2532 418 2565 λύσαι
446 2540 591 2575 praefero
614 2534 729 2567 λῦσαι.
755 2533 862 2580 λύσῃς
886 2541 1027 2574 glossam
1048 2539 1142 2574 sapit.
1183 2537 1231 2567 Cf.
1251 2534 1358 2564 schol.
1378 2534 1418 2562 ad
1438 2536 1511 2563 Eur.
1533 2535 1618 2563 Med.

176 2585 208 2607 v.
229 2578 301 2607 674
323 2579 435 2606 Matth.
458 2585 528 2607 cum
549 2578 641 2606 huius
662 2571 878 2607 annotatione.
920 2580 1034 2606 FAEsi.

250 2632 294 2668 ἕξ)
315 2632 355 2660 de
374 2632 452 2665 Rep.
473 2633 659 2661 Lacedaem
680 2638 757 2677 cap..
771 2632 798 2659 1.
819 2631 849 2666 5.
870 2633 900 2660 5.
930 2631 983 2659 ubi
1011 2630 1042 2658 in
1063 2629 1151 2658 editt.
1181 2631 1254 2664 post
1282 2616 1434 2659 εἷςιόντα
1453 2629 1539 2663 recte
1558 2626 1619 2655 ad-

176 2675 262 2705 ditur
290 2669 466 2713 ὀφθῆναι.
512 2676 594 2705 lllud
621 2666 811 2722 βλάστοιεν
836 2677 942 2703 autem
968 2675 1008 2703 ab
1029 2673 1173 2702 omnibus
1203 2679 1285 2701 nunc
1305 2673 1474 2705 receptum.
1515 2671 1619 2700 Prae-

174 2723 263 2750 terea
278 2721 395 2749 Faesio
417 2720 614 2748 scribendum
635 2720 762 2749 videtur
783 2711 932 2758 ἀνάγκῃ.

265 2769 318 2804 ¹-:::-)
339 2769 438 2798 Cuius
458 2768 675 2803 interpretatio
694 2768 810 2803 prodiit
831 2768 862 2797 in
883 2769 943 2797 hoc
962 2774 1073 2802 opere.
1094 2763 1311 2799 Xenophontis
1328 2762 1441 2797 philos.
1460 2765 1491 2791 et
1503 2762 1619 2792 histor.

176 2772 299 2835 clariis-s.
321 2814 446 2840 opera.
475 2829 481 2835 .
509 2806 669 2836 latinitate
689 2809 806 2835 donata
827 2809 886 2836 cet.
924 2807 1024 2835 Basil.
1053 2811 1104 2839 ap.
1124 2803 1224 2834 Andr.
1245 2801 1413 2833 Cratandr.
1442 2801 1531 2831 1534.
1558 2800 1614 2830 fol.

175 2844 228 2873 ubi
249 2844 312 2873 vid.
333 2851 405 2879 pag.
427 2845 598 2874 133.1.28
616 2852 664 2880 sq.
703 2846 814 2874 FAESI.
