1778 3096
495 138 599 178 LIB.
632 138 785 178 XVIII.
845 136 964 180 CAP.
994 139 1108 179 XVI.
1444 136 1524 181 441

82 263 128 288 ae
167 248 387 301 depraedari
402 247 466 302 ἧς).
536 248 680 296 Quodsi
721 248 813 288 haec
853 247 999 300 quidem
1038 247 1191 286 meliora
1230 260 1318 286 esse
1358 249 1524 296 sentitis,

84 304 153 343 sed
191 307 339 343 flumina
377 317 422 342 ne
462 304 567 342 vobis
607 305 756 342 obstent
796 305 1002 349 veremini,
1046 304 1179 341 scitote
1218 316 1286 350 ea,
1333 316 1404 353 quo
1443 305 1525 354 quis

83 362 233 411 propius
273 359 318 397 ad
349 373 474 397 eorum
507 361 626 396 fontes
664 366 702 395 et
732 360 850 409 capita
882 359 1112 404 accesserit,
1155 372 1200 396 eo
1239 358 1384 396 facilius
1415 371 1526 408 posse

85 415 249 453 transiri.
320 415 429 452 Haec
465 416 586 452 onmia
622 414 787 451 breviter
826 414 1023 464 proposui,
1070 421 1110 450 ut
1146 426 1193 451 ex
1226 415 1306 464 ipsa
1346 414 1525 450 orationis

84 471 185 508 serie
210 471 327 520 magis
357 471 603 520 intelligatur,
630 468 682 514 id,
703 468 796 519 quod
818 470 1002 519 sequitur,
1027 467 1266 518 depravatum
1298 481 1398 506 esse.
1448 467 1526 506 Le-

83 526 183 575 gitur
219 533 341 562 autem
374 526 483 563 etiam
519 526 553 562 in
586 524 733 574 optimis
766 523 867 560 tib1is
908 523 977 560 hoe
1008 524 1138 560 modo:
1185 524 1240 562 Εἰ
1276 522 1316 562 δὲ
1345 520 1443 574 μήθ’
1485 522 1527 563 οἵ

82 580 248 630 ποταμοὶ
277 577 496 630 διησουσιν,
531 575 681 632 ηγεμών
709 592 747 617 τε
776 576 908 629 μηδεὶς
937 582 1135 627 φανεῖται,
1167 575 1252 617 οὐδ’
1285 576 1337 625 ὡς
1364 576 1458 630 ’ἡμῖν
1485 593 1528 632 γε

84 631 406 686 &3vpnv50v**).
475 636 582 682 Quae
620 635 671 671 ita
712 635 825 671 vertit
862 633 1068 670 Romulus:
1119 635 1196 671 Sed
1234 641 1338 680 esto,
1381 635 1531 673 obstent

85 691 192 728 nobis
218 692 407 741 flumina,
457 703 575 740 neque
614 691 726 726 duces
766 690 1056 726 nanciscamur.-
1110 702 1184 726 non
1225 696 1348 727 tamen
1385 691 1528 727 ideireo

85 746 247 783 animum
267 746 508 813 despondere
538 744 722 782 debemus.
784 743 868 793 Ego
896 756 1008 787 vem,
1051 742 1138 793 quid
1168 744 1282 781 verba
1321 744 1382 781 itta
1412 745 1529 795 signi-

83 800 199 839 ficent
225 797 323 851 μηθ’
357 799 397 839 οἱ
421 798 585 851 ποταμοὶ
612 795 812 850 διήσουσι,
844 812 916 836 303
946 797 1079 836 video:
1126 812 1197 836 non
1229 800 1439 850 siguificare
1471 799 1527 846 id,

85 855 180 905 quod
212 856 393 893 Romulus
422 856 583 906 putavit,
616 855 724 904 plane
753 853 876 892 video.
939 854 998 891 Ae
1030 866 1075 891 ne
1107 853 1255 904 longum
1262 829 1445 900 Dfaciam,
1477 856 1530 893 ita

85 910 180 959 apud
198 910 484 961 Xenophontem
508 909 703 960 legendum
728 921 887 947 censeo·
912 908 966 947 Εἰ
989 906 1030 947 δὲ
1053 905 1150 960 μηθ’
1179 909 1219 948 οἱ
1233 909 1397 960 ποταμοὶ
1416 910 1530 962 διείρ-

85 965 229 1013 ξουσιν,
250 962 401 1018 ἡγεμὼν
427 964 467 1004 δὲ
496 964 626 1016 μηδεὶς
646 969 834 1013 φανεῖται,
854 961 938 1003 οὐδ’
971 961 1022 1010 ὣς
1049 961 1142 1015 ημῖν
1163 979 1205 1017 γε
1235 962 1469 1016 ἀθυμητέον,
1489 973 1529 1003 ut

87 1021 135 1057 sit
165 1022 372 1058 sententia:
409 1022 516 1070 Quod
545 1022 581 1058 si
604 1021 738 1057 videtis
755 1019 863 1070 sore,
898 1027 941 1057 dt
967 1033 1013 1057 ne
1029 1021 1195 1071 flamina
1227 1022 1372 1071 quidem
1402 1022 1534 1058 ztineri

84 1082 216 1113 nostro
247 1077 445 1114 obstatura
473 1078 568 1114 sint:
603 1076 670 1112 sed
697 1077 792 1113 illud
818 1076 1009 1119 veremini,
1041 1088 1088 1111 ne
1117 1077 1197 1112 dua:
1226 1077 1376 1113 itineris
1402 1077 1530 1114 nullus

85 1132 228 1169 existat
239 1147 249 1169 .-
288 1145 336 1168 ne
369 1133 424 1169 sie
463 1132 608 1182 quidem
639 1132 775 1168 animis
811 1131 1008 1167 concidere
1044 1130 1229 1168 debemus.
1291 1129 1370 1170 Cur
1406 1139 1530 1169 autem

86 1185 140 1223 sic
176 1199 320 1236 quoque
359 1186 455 1223 bene
497 1199 649 1236 sperare
680 1184 861 1230 debeant,
907 1185 1028 1222 statim
1058 1185 1220 1222 subiicit.
1283 1184 1358 1223 Sed
1396 1186 1446 1223 ita
1476 1186 1531 1224 le-

84 1239 269 1290 gendum,
313 1248 351 1277 ut
379 1241 481 1286 dixi,
524 1247 697 1277 constare
739 1241 872 1290 opinor
906 1253 952 1277 ex
981 1241 1051 1285 iis,
1092 1252 1185 1289 quae
1225 1247 1526 1278 antecesserunt.

85 1295 183 1333 Sunt
219 1297 316 1333 enim
347 1297 408 1333 illa
448 1296 556 1346 plane
586 1295 643 1332 his
674 1297 841 1344 gemina.
886 1293 941 1332 Εἰ
968 1292 1009 1332 δὲ
1044 1297 1162 1332 ταῦτα
1191 1293 1259 1344 μὲν
1294 1292 1531 1353 γιγνώσκετε,

86 1347 145 1390 ότι
171 1348 270 1390 ούτω
297 1355 489 1402 nostum),
530 1346 619 1396 τοὺς
645 1347 686 1388 δὲ
707 1345 903 1400 ποταμοὺς
934 1345 1080 1400 ἄπορον
1119 1350 1284 1400 νομίζετε
1314 1354 1421 1389 εἰναι.
1480 1350 1532 1389 Et

87 1407 196 1472 paulo
226 1419 358 1456 supra:
404 1405 459 1444 Εἰ
487 1403 529 1444 δὲ
557 1401 604 1470 67)
640 1401 708 1451 τὰς
736 1403 804 1455 μὲν
839 1401 958 1455 μάχας
982 1403 1186 1471 θαῤῥεῖτε,
1225 1403 1284 1444 ότι
1310 1402 1345 1444 6⁷
1379 1403 1452 1445 οὐκ
1479 1405 1533 1446 ε’τι

85 1457 178 1511 ἡμῖν
212 1459 474 1513 Τισσαφέρνης
501 1457 700 1513 ἦγησεται,
726 1458 816 1499 οὐδὲ
843 1456 1018 1511 βασιλεὺς
1048 1456 1192 1512 ἀγορὰν
1218 1459 1390 1512 παρέξει,
1419 1465 1533 1502 τοῦτο

87 1513 271 1567 ἄχθεσθε.
329 1516 436 1563 Quae
475 1517 536 1566 qui
574 1514 773 1565 diligenter
809 1516 909 1553 inter
940 1527 981 1552 se
1018 1515 1241 1562 contulerit,
1284 1529 1397 1568 spero
1429 1517 1530 1565 fore,

87 1579 128 1609 ut
155 1571 245 1610 mihi
271 1572 512 1610 assentiatur.

584 1669 868 1709 CAPUT
922 1669 1045 1708 XVI.

109 1739 290 1788 Gregorii
313 1738 563 1778 Nazianzeni
589 1739 665 1776 loci
691 1738 786 1782 duo,
818 1738 960 1787 partim
991 1750 1010 1773 e
1038 1736 1230 1782 Lueiano,
1256 1737 1399 1787 partim
1412 1733 1514 1790 *²¹³0

535 1807 584 1831 ew
610 1794 871 1843 Aristophane
902 1792 1086 1842 eoepressi.

90 1859 258 1917 ScrrUM
287 1887 344 1918 est
366 1888 495 1920 notare
517 1888 554 1920 et
581 1879 896 1925 animadvertere,
923 1878 1106 1931 quomodo
1130 1879 1245 1930 prisci
1268 1879 1320 1917 illi
1344 1880 1532 1919 ecelesiae

88 1934 247 1981 Patres,
280 1949 432 1986 quorum
466 1944 503 1974 et
533 1938 651 1987 pietas
681 1949 724 1975 ac
754 1936 1018 1980 sanctimonia,
1054 1942 1092 1972 et
1122 1934 1282 1972 eruditio
1312 1942 1422 1986 atque
1454 1936 1532 1973 elo-

90 1993 240 2041 quentia
270 1991 500 2030 admirabilis
533 1992 622 2038 fuit,
653 2005 673 2030 e
703 1992 867 2043 profanis
895 1990 1141 2041 scriptoribus
1169 1997 1323 2039 accepta
1355 1991 1466 2028 multa
1495 1992 1533 2029 in

90 2047 266 2084 meliores
299 2059 386 2084 usus
417 2048 693 2085 converterint:
727 2053 766 2083 ut
796 2060 862 2083 nos
896 2058 1039 2097 quoque
1072 2045 1117 2082 ad
1149 2046 1294 2082 illorum
1325 2047 1533 2097 exemplum

91 2101 214 2138 studia
243 2109 368 2139 nostra
400 2102 566 2153 dirigere
595 2116 638 2140 ae
668 2102 902 2140 conformare
932 2113 1124 2138 conemur.
1185 2100 1423 2151 Quapropter
1448 2116 1534 2152 pro-

90 2170 221 2207 ponam
253 2155 343 2194 duos
382 2158 507 2203 locos,
552 2158 586 2194 in
620 2157 750 2209 quibus
779 2156 989 2207 Gregorius
1018 2156 1309 2202 Nazianzenus,
1353 2156 1399 2194 de
1428 2157 1534 2195 cuius

90 2211 260 2249 laudibus
298 2212 386 2249 mihi
424 2212 615 2250 tacendum
655 2220 764 2263 puto:
810 2219 885 2249 tum
925 2211 1010 2262 quia
1050 2212 1268 2248 notissimae
1309 2218 1413 2257 sunt,
1453 2219 1533 2250 tum

91 2267 176 2316 quia
202 2267 337 2304 nullum
364 2274 435 2305 tam
465 2268 620 2306 sublime
648 2268 843 2305 verborum
878 2279 996 2316 genus
1026 2267 1194 2317 reperire
1224 2279 1397 2315 possum,
1437 2267 1533 2318 quod

91 2335 165 2359 non
196 2322 306 2371 longe
337 2323 433 2360 infra
461 2324 577 2374 ipsius
607 2323 823 2373 dignitatem
852 2322 996 2360 iaceat:
1031 2322 1064 2358 is
1093 2322 1207 2371 igitur
1236 2322 1273 2358 in
1297 2323 1465 2360 oratione
1494 2329 1534 2360 et

93 2389 138 2413 eo
169 2378 230 2427 qui
268 2377 412 2424 laudat,
455 2385 493 2415 et
532 2392 575 2416 eo
608 2381 668 2428 qui
708 2377 879 2415 laudatur
908 2376 1152 2427 dignissima,
1195 2389 1265 2426 qua
1295 2376 1427 2427 Magni
1458 2377 1533 2415 Β3-

93 2431 176 2469 silei
192 2431 242 2484 †)
282 2432 410 2470 laudes
446 2432 685 2484 depraedicat
700 2431 804 2485 ἢ),
848 2431 940 2470 duos
968 2433 1133 2482 impuros
1162 2431 1330 2483 quidem,
1379 2431 1446 2470 sed
1475 2431 1532 2471 di-

167 2532 210 2564 ÷'.÷)
231 2531 448 2566 Compositum
467 2534 527 2561 hoe
546 2532 686 2562 cadentis
707 2534 757 2561 est
776 2531 971 2561 Latinitatis,

168 2578 236 2613 ms)
258 2578 302 2607 ef.
319 2581 388 2608 Not.
410 2581 441 2608 in
459 2582 599 2615 Xenopn.
620 2581 696 2614 Ono.
716 2582 803 2609 Toni.
819 2581 873 2609 111.
896 2586 967 2614 pag.
980 2580 1052 2609 608.
1086 2580 1148 2609 Sed
1169 2582 1256 2609 reete
1275 2583 1356 2610 baec
1375 2580 1533 2616 scriptura

93 2629 193 2655 usque
222 2622 325 2649 adhuc
350 2626 476 2651 retenta
505 2627 571 2658 est3
607 2616 795 2660 διήσουσιν
825 2625 874 2650 est
899 2629 919 2650 a
949 2616 1078 2664 διΐημι.
1125 2625 1163 2651 Et
1193 2624 1374 2653 Amasaeus
1403 2632 1532 2654 sensum

92 2662 204 2688 horum
225 2663 392 2689 verborum
415 2663 492 2691 bene
513 2665 715 2697 expressisse
735 2663 870 2691 videtur.
907 2665 1016 2692 FAESL
1040 2677 1077 2684 —
1105 2664 1141 2692 L.
1161 2664 1340 2694 Dinuorfius
1361 2672 1533 2700 paucorum

92 2704 242 2733 librorum
262 2705 483 2734 auctoritatem
503 2709 631 2734 secutus
650 2706 728 2741 legit
756 2700 972 2735 διοίσουσιν.

168 2754 262 2788 meae)
282 2756 346 2783 Pro
366 2757 481 2789 partim
564 2757 679 2791 partim
699 2756 812 2784 melius
839 2755 992 2791 scriptum
1013 2758 1100 2785 esset
1126 2757 1206 2785 aller
1226 2777 1252 2785 ..
1265 2779 1272 2787 .
1292 2758 1382 2788 alter.
1420 2760 1533 2789 ranst.

169 2801 215 2840 ᾧ)
237 2805 340 2838 Supra
358 2803 413 2832 lib.
434 2805 470 2832 x.
492 2811 559 2840 cap.
583 2805 630 2833 11.
660 2804 715 2833 lib.
735 2805 818 2833 xlv.
838 2811 907 2840 cap.
929 2804 957 2834 7.
979 2804 1092 2835 dicitur
1110 2806 1256 2835 Basilius.

170 2849 243 2890 ἢ)
263 2851 334 2882 Vid.
353 2858 452 2888 supra
471 2852 510 2882 au
532 2852 586 2882 itt».
607 2853 703 2882 xvn.
723 2858 791 2888 oap.
813 2852 861 2881 12.
