1726 3106
119 1457 182 1487 179

220 120 301 165 170
782 122 908 163 VAR.
942 123 1093 164 LECT.

220 233 415 272 veritatem
442 234 556 285 ipsam
588 231 783 283 detegere,
814 235 921 272 euius
950 233 1127 286 splendor
1153 236 1278 285 exigui
1309 237 1449 274 erroris
1479 237 1657 277 nubecula

220 289 460 327 obumbratus
482 289 644 326 Marsilii
672 290 789 327 aciem
810 291 918 339 sugit.
974 290 1046 327 Ubi
1071 291 1165 328 enim
1194 295 1409 338 λυποῦντας
1437 293 1544 343 vulgo
1565 294 1655 344 legi-

219 357 317 391 mus,
343 344 537 395 legendum
561 351 617 381 est
640 346 848 392 λυποῦντες
862 344 921 398 ⁹²⁶).
961 346 1044 392 Qua
1064 347 1199 384 tantula
1222 349 1420 385 mutatione
1451 350 1655 398 scripturae

219 407 355 451 quanta
387 401 449 436 liat
485 400 691 437 sententiae
730 403 904 446 mutatio,
947 400 1150 438 videamus.
1212 402 1296 440 Hoc
1334 404 1431 440 enim
1469 402 1560 440 dicit
1587 402 1658 441 So-

219 462 367 492 crates:
401 454 495 491 Peto
524 468 543 492 a
574 454 696 500 vobis,
727 455 1003 502 Athenienses,
1036 469 1115 493 cum
1149 456 1210 494 lilii
1243 459 1314 495 mci
1342 458 1586 504 adoleverint,
1620 465 1658 496 ut

219 522 286 546 eos
316 510 561 556 ulciscamini,
595 510 745 548 easdem
774 512 847 549 illis
878 511 1064 548 molestias
1082 512 1314 557 exhibentes,
1351 527 1440 564 quas
1461 526 1531 562 ego
1551 513 1656 551 vobis

219 564 398 603 exhibere
428 578 715 605 consueveram:
761 568 790 604 si
824 574 885 603 aut
916 567 1119 618 pecuniae,
1158 574 1220 604 aut
1250 570 1357 605 ullius
1397 570 1545 606 omnino
1583 569 1654 614 rei,

219 632 324 670 quam
355 620 525 666 virtutis,
570 620 815 659 studiosiores
846 635 931 659 esse
968 621 1175 660 videantur.
1236 623 1338 670 Quas
1376 625 1472 661 enim
1512 624 1657 661 solebat

217 675 399 713 exhibere
444 677 631 714 molestias
679 676 975 715 Atheniensibus
1018 677 1222 716 Socrates?
1291 679 1529 717 Admonebat
1570 692 1653 725 eos,

217 731 398 781 urgebat,
431 732 613 776 instabat,
648 745 694 769 ne
725 733 832 769 ullam
864 746 940 770 rem
967 733 1103 770 virtute
1134 735 1312 782 potiorem
1345 747 1430 772 esse
1457 735 1652 780 ducerent,

214 799 311 824 neve
348 788 541 838 quicquam
579 787 678 824 illius
725 787 847 825 studio
886 788 1191 838 praevertendum
1231 797 1415 840 putarent.
1484 788 1653 827 Eandem

214 841 330 890 igitur
360 843 567 880 molestiam
597 842 682 879 filiis
712 844 789 880 suis
817 844 986 881 exhiberi
1016 843 1129 894 cupit.
1178 844 1306 896 ltaque
1335 844 1457 882 .iddit:
1490 844 1651 891 Quodsi,

213 897 319 934 nihili
350 910 430 934 eum
463 898 559 943 sint,
604 897 740 948 aliquid
778 906 899 936 tamen
940 911 1026 936 esse
1067 911 1107 936 se
1148 900 1379 937 existiment:
1429 900 1652 950 exprobrate

213 952 294 997 eis,
331 959 369 988 ut
399 966 470 1003 ego
500 952 627 998 vobis,
661 952 756 1004 quod
788 967 858 991 non
891 955 925 991 in
959 955 1025 998 iis,
1061 956 1097 992 in
1128 955 1258 1004 quibus
1290 943 1456 1005 oportet,
1493 954 1651 992 studium

211 1007 417 1053 collocent,
461 1007 653 1071 quodque,
694 1008 874 1059 nutum)
915 1010 1024 1060 pretii
1063 1022 1143 1046 eum
1177 1011 1272 1056 sint,
1316 1009 1452 1061 aliquid
1485 1022 1525 1047 se
1568 1022 1653 1047 esse

210 1062 456 1100 arbitrentur.
516 1063 558 1101 Id
590 1064 686 1102 enim
719 1077 759 1101 se
791 1065 929 1102 secisse
961 1066 1119 1115 ipsemet
1146 1063 1312 1102 dixerat:
1350 1078 1430 1102 cum
1461 1078 1552 1112 eos,
1590 1065 1651 1116 qui

210 1130 252 1155 se
284 1119 472 1169 sapientes
497 1120 696 1170 putabant,
728 1120 839 1170 longe
869 1120 1004 1158 abesse
1033 1134 1053 1156 a
1084 1121 1264 1170 sapientia
1297 1119 1524 1158 ostenderet.
1581 1120 1652 1158 Se-

210 1174 356 1224 quitur:
400 1174 507 1212 Haec
543 1175 573 1211 si
612 1175 805 1221 feceritis,
846 1182 919 1213 tum
959 1182 997 1213 et
1028 1175 1114 1212 mihi
1144 1183 1182 1212 et
1211 1176 1294 1213 filiis
1327 1176 1420 1213 meis
1455 1175 1515 1222 id,
1554 1174 1651 1227 quod

209 1229 344 1266 iustum
375 1237 455 1275 est,
487 1230 716 1267 tribueritis:
761 1231 848 1267 mihi
879 1231 1047 1282 quidem,
1082 1231 1273 1281 quoniam,
1310 1230 1406 1281 quod
1435 1244 1505 1281 ego
1537 1231 1651 1269 bene-

210 1284 332 1321 ficium
364 1285 399 1321 in
437 1298 502 1321 vos
541 1285 703 1330 contuli,
748 1285 784 1322 id
827 1299 893 1322 vos
928 1288 1133 1323 conferetis
1175 1287 1210 1322 in
1247 1286 1342 1323 lilios
1380 1299 1505 1324 meos:
1558 1287 1649 1337 ipsis

209 1346 355 1385 autem,
399 1340 570 1389 quoniam
597 1341 768 1378 afficietis
795 1340 880 1378 illos
912 1354 954 1378 ea
987 1354 1127 1392 poena,
1161 1353 1254 1391 quae
1283 1342 1495 1378 errantibus
1526 1340 1651 1379 debita

210 1401 282 1432 est.
343 1395 533 1442 Quaenam
574 1402 694 1433 autem
734 1409 850 1446 poena
891 1397 953 1432 illa
992 1398 1059 1441 sit,
1105 1409 1126 1434 c
1166 1397 1283 1447 primo
1314 1398 1526 1436 Πολιτειῶν
1544 1395 1647 1449 ἢῆ)

211 1463 443 1499 cognoscere
479 1457 555 1487 est:
602 1451 661 1487 ubi
701 1464 781 1488 eum
813 1451 1119 1502 Thrasymachus
1159 1453 1368 1502 quaesisset
1400 1451 1445 1490 de
1473 1452 1646 1498 Socrate,

210 1504 297 1555 quid
338 1504 482 1542 tandem
523 1507 667 1556 perpeti
703 1513 850 1556 paratus
886 1513 1010 1552 essct,
1055 1507 1085 1544 si
1117 1507 1198 1553 ipse
1237 1508 1346 1544 talem
1383 1508 1545 1545 iustitiae
1585 1507 1650 1545 de-

207 1560 409 1599 finitionem
440 1561 649 1606 attulisset,
693 1574 786 1611 quae
818 1561 1042 1612 reprehendi
1082 1561 1179 1597 nullo
1212 1561 1318 1598 modo
1356 1569 1505 1612 posset:
1549 1562 1649 1610 Quid

205 1628 321 1660 vero,
359 1616 500 1666 inquit,
532 1615 653 1662 aliud,
684 1616 886 1662 Socrates,
927 1629 1032 1666 quam
1063 1616 1158 1666 quod
1190 1629 1271 1653 eum
1305 1618 1446 1668 perpeti
1481 1631 1547 1669 par
1573 1625 1645 1665 est,

207 1671 269 1721 qui
298 1670 436 1722 aliquid
467 1672 613 1709 nescit?
639 1685 708 1723 par
732 1679 788 1709 est
817 1679 936 1709 autem
968 1685 1048 1709 eum
1075 1685 1094 1708 a
1115 1672 1256 1709 sciente
1282 1671 1450 1710 discere:
1485 1687 1645 1725 egoque,

207 1725 253 1763 (le
284 1738 342 1762 nie
373 1739 444 1777 quo
486 1727 604 1764 minus
641 1740 684 1764 ea
722 1741 840 1778 poena
879 1734 1066 1772 sumatur,
1112 1741 1183 1764 non
1223 1741 1370 1765 recuso.
1431 1729 1538 1767 Haec
1574 1736 1646 1767 tam

204 1782 398 1833 praeclara
427 1783 611 1820 sententia
641 1783 679 1820 iu
710 1783 817 1820 unius
847 1782 995 1820 litterae
1024 1784 1269 1834 perversione
1299 1784 1472 1821 latuerat.

731 1936 1017 1976 CAPUT
1073 1938 1126 1978 V.

344 2015 504 2064 Virgilii
527 2027 656 2052 versus
685 2029 705 2053 e
730 2023 839 2054 seoelo
866 2016 1058 2055 Aeneidos
1086 2029 1135 2053 eoe
1161 2017 1324 2054 Homero
1353 2016 1504 2054 imitati.

205 2103 313 2162 CUM
349 2123 514 2162 studiose
559 2126 722 2163 fecerint
762 2126 900 2175 aliquot
938 2124 1074 2163 eruditi
1111 2125 1279 2162 homines
1295 2124 1371 2178 ff),
1423 2132 1462 2162 ut
1501 2124 1643 2164 indica-

203 2187 291 2219 rent
319 2179 421 2217 locos
451 2180 633 2244 Homeri,
668 2194 759 2231 quos
786 2180 972 2230 Virgilius
1002 2182 1163 2217 imitatus
1194 2188 1315 2218 esset:
1356 2181 1488 2218 multos
1519 2188 1641 2219 tamen

203 2239 346 2286 (neque
389 2235 499 2272 aliter
527 2236 563 2273 in
594 2242 693 2272 tanta
721 2236 825 2285 copia
859 2236 938 2273 lieri
969 2237 1104 2286 potuit)
1136 2236 1482 2286 praetermiserunt.
1541 2236 1643 2284 Qua-

203 2291 249 2329 lis
281 2297 339 2328 est
368 2291 429 2329 ille
460 2303 481 2329 e
505 2298 611 2329 sexto
632 2290 825 2329 Aeneidos
841 2290 944 2344 †-1):
979 2292 1060 2338 ubi,
1093 2292 1302 2342 accipiente
1321 2291 1358 2328 in
1388 2292 1508 2330 navim
1522 2291 1639 2346 †††)

204 2345 395 2384 Charonte

277 2487 321 2522 ste]
342 2488 410 2516 Hoc
429 2489 592 2522 receptum
614 2493 633 2515 a
652 2486 819 2521 Bekkero‚
842 2485 1071 2521 Stallbaumm,
1094 2485 1178 2514 aliis.

277 2535 345 2569 εῐε-ῑῐε)
375 2537 493 2564 Eadem
514 2534 646 2570 genitivi
672 2535 773 2563 forma
794 2533 909 2569 legitur
935 2533 1018 2562 infra
1037 2541 1106 2569 cap.
1126 2535 1176 2564 20.
1215 2534 1296 2564 vide
1317 2540 1400 2570 quae
1427 2542 1526 2572 supra
1554 2535 1640 2565 dicta

200 2575 274 2605 sunt
295 2574 335 2602 ad
355 2574 409 2603 litr.
431 2575 482 2603 IV.
503 2581 572 2608 cap.
592 2574 640 2601 14.
662 2579 733 2608 pag.
753 2572 804 2601 86.

277 2622 370 2657 =:÷÷:÷÷::·)
391 2629 462 2658 pag.
483 2623 554 2652 337.
574 2623 612 2651 D.
634 2624 680 2650 st.

278 2669 324 2709 †)
345 2672 389 2699 Ut
409 2670 544 2700 Fulvius
563 2669 699 2699 Ursinus
719 2669 751 2699 in
769 2669 869 2708 libro,
892 2669 944 2705 qut
964 2669 1146 2699 inscribitur
1165 2669 1318 2705 Virgilius
1338 2669 1533 2706 illustratus,
1554 2669 1639 2697 Ant-

203 2709 404 2744 verp.1567.
443 2711 554 2737 FAE81.

278 2756 351 2795 ἡ)
371 2765 403 2786 v.
423 2757 485 2786 413
504 2764 552 2792 sq.

278 2803 380 2843 †††}
402 2805 448 2835 Cf
470 2807 520 2834 ΙΧ.
541 2806 571 2834 5.
590 2804 712 2840 febrim.
733 2805 788 2834 XV
792 2806 829 2834 11.
849 2805 878 2832 8
898 2805 1008 2835 navim.
1035 2806 1115 2835 ΧΙΧ.
1136 2804 1164 2834 4.
1185 2805 1328 2834 secu-rim.
1368 2803 1448 2834 Vide
1467 2805 1546 2834 Mur.
1567 2804 1635 2831 Not.

203 2841 236 2872 in
257 2844 336 2873 Sall.
357 2844 435 2880 opp.
455 2844 542 2873 Tem.
562 2844 614 2873 lv.
635 2850 708 2880 pag.
729 2844 798 2874 1252
837 2845 948 2874 Bassi.
