1726 3106
479 131 583 173 [ΑΒ.
616 131 727 173 vlu.
787 130 907 171 CAP.
938 131 1031 172 XV.
1401 131 1480 174 179

41 239 332 308 γιγνώσκοντας.
376 257 443 281 και
473 238 579 294 παρὰ
616 244 736 282 ταῦτα
769 238 895 281 οὐδέν.
952 239 1099 289 Quibus
1129 241 1165 280 in
1191 240 1317 280 verbis
1341 240 1479 279 Petrus

45 299 238 337 Victorius
256 296 301 347 ⁴⁴⁶⁵)
341 296 428 333 illud
456 293 732 347 διαψεύδονται
759 296 911 348 exponit
937 297 1119 335 labuntur
1148 309 1195 335 ae
1224 298 1478 346 dec-immunem,

42 360 82 391 et
111 353 266 404 probat,
303 350 339 388 id
379 350 529 389 verbum
557 351 742 390 interdum
775 364 822 388 eo
853 363 965 389 sensu
995 352 1103 402 capi,
1140 352 1281 403 prolato
1297 350 1372 402 m³)
1404 351 1478 388 alio

42 407 197 460 quodam
228 406 447 444 Aristotelis
478 407 573 444 loco.
633 406 726 457 Ego
746 413 894 451 autem,
927 412 965 443 ut
992 407 1149 457 probes,
1181 407 1334 445 verbum
1361 402 1479 445 πολύ-

41 475 164 514 σημον
195 461 263 498 hoc
291 467 354 498 aut
380 461 442 498 illo
469 461 576 499 modo
604 462 737 513 accipi,
771 474 842 498 non
872 467 960 511 puto
992 462 1061 499 hoc
1091 462 1184 499 satis
1208 474 1323 507 esse,
1351 461 1383 498 si
1413 460 1479 498 do-

42 530 153 563 ceas,
187 517 298 554 etiam
334 515 422 553 alibi
457 529 537 554 eam
568 518 640 554 vim
670 517 824 554 habere.
884 515 1098 554 Videndum
1129 516 1218 554 illud
1245 528 1389 567 quoque
1418 528 1480 553 ar-

41 571 187 617 bitror,
216 583 291 622 ea,
324 583 429 621 quani
454 573 614 617 afferas,
647 571 906 622 interpretatio
936 572 972 608 ei
1002 570 1106 616 loeo,
1155 584 1263 622 quem
1290 570 1477 617 declares,

41 626 288 666 conveniatne
319 638 364 662 an
396 627 532 664 minus.
592 627 689 665 Nam
719 627 752 664 si
782 627 819 663 in
848 626 908 663 illo
939 638 1050 664 versu
1066 624 1187 677 μαι),

206 703 396 753 Depresso
429 704 585 755 z'acz'psat
614 705 690 743 iam
719 709 795 742 tum
824 703 920 741 mz'lzz'
944 709 1078 741 taurus
1105 708 1241 741 aratro

201 759 420 807 Ing-emere.-

41 831 233 879 dicerem,
263 839 409 871 taurum
441 844 528 869 esse
559 830 762 870 secundum
795 832 941 882 signum
970 829 1150 868 Zodiacit
1182 844 1254 868 non
1284 842 1330 868 eo
1360 832 1481 868 minus

43 899 237 932 errarem,
268 888 301 923 si
329 885 589 933 ostenderem,
620 899 701 925 eam
730 899 860 926 vocem
889 886 928 924 id
956 886 1083 925 valere
1113 886 1151 924 in
1177 886 1238 923 illo
1250 884 1321 938 †),

210 963 402 1001 Candidus
431 964 581 1002 aaran&
609 964 737 1015 aperit
760 975 842 1001 cum
875 963 1052 1001 cornibus
1084 975 1221 1001 annum

211 1018 375 1057 Taurus.

43 1093 263 1142 Quanquam
300 1094 416 1142 igitur
454 1089 738 1142 διαψεύδεσθαι
775 1093 960 1132 interdum
1004 1094 1102 1132 valet
1141 1092 1239 1132 idem
1279 1092 1375 1145 quod
1408 1093 1483 1131 labi

43 1161 88 1186 ac
125 1147 270 1198 decipi:
313 1155 436 1185 tamen
477 1149 538 1198 qui
572 1149 608 1185 in
641 1162 709 1195 co,
748 1162 855 1200 quem
897 1150 1076 1195 recitavi,
1114 1149 1196 1187 loco
1224 1150 1274 1186 ita
1304 1155 1481 1200 exponat,

43 1202 118 1241 labi
155 1203 272 1253 ipsum
307 1214 352 1239 ac
392 1200 514 1252 decipi
544 1211 645 1253 puto.
705 1203 802 1241 Nam
832 1206 890 1250 is,
931 1204 993 1254 qui
1023 1216 1280 1254 cognoscens,
1320 1202 1406 1253 quid
1434 1203 1484 1240 sit

43 1259 217 1309 optimum
257 1257 379 1302 factu,
421 1257 538 1295 nihilo
579 1259 698 1295 minus
736 1265 799 1295 aut
834 1259 973 1295 malitia
1008 1265 1071 1295 aut
1107 1257 1193 1295 odio
1220 1257 1352 1297 ductus
1381 1256 1484 1295 aliud

44 1312 199 1358 suadet,
237 1309 484 1362 διαψεύδεται
521 1325 569 1350 ex
598 1313 820 1351 Aristotelis
862 1314 1071 1351 sententia:
1114 1326 1234 1365 neque
1277 1321 1399 1350 tamen
1431 1313 1485 1350 la-

43 1368 143 1406 bitur
178 1380 221 1405 ac
263 1366 470 1418 decipitur3
510 1367 577 1405 sed
616 1369 709 1406 fallit
743 1381 787 1406 ac
818 1367 972 1419 decipit.
1030 1367 1135 1418 Ergo
1165 1375 1358 1419 praestare
1385 1368 1484 1406 arbi-

44 1430 150 1468 tror,
184 1429 223 1459 ut
252 1419 527 1472 διαψεύδονται
556 1436 783 1474 exponamus
804 1424 967 1475 fallunt.
1029 1423 1175 1471 Quodsi
1204 1425 1286 1475 quis
1310 1423 1481 1469 obiiciat,

44 1477 83 1516 id
111 1477 263 1515 verbum
293 1477 366 1516 hoc
397 1491 508 1515 sensu
537 1493 609 1516 non
641 1479 842 1517 convenire
874 1480 911 1516 in
943 1492 1040 1525 eum,
1071 1480 1131 1529 qui
1162 1479 1220 1517 vir
1249 1479 1368 1517 bonus
1393 1479 1485 1516 ami-

45 1545 185 1583 cusque
221 1533 293 1578 sit,
342 1531 409 1570 sed
452 1546 520 1583 per
556 1533 840 1583 imprudentiam
881 1534 1011 1572 inutile
1045 1534 1241 1571 consilium
1275 1533 1359 1580 det3
1399 1534 1485 1571 huic

45 1600 116 1637 ego
150 1586 382 1638 respondeo,
422 1588 551 1625 fallere
589 1589 661 1625 dici
698 1602 967 1639 nonnumquam
1009 1590 1120 1626 etiam
1160 1589 1268 1635 illos,
1312 1589 1374 1639 qui
1402 1589 1485 1626 sine

47 1643 119 1680 ulla
144 1643 263 1688 mala,
294 1649 333 1679 ut
363 1643 415 1679 ait
443 1642 596 1680 Plautus
611 1642 711 1696 ἦῆ),
747 1644 900 1690 malitia,
934 1643 969 1680 in
999 1656 1165 1681 errorem
1194 1643 1371 1682 inducunt
1400 1656 1483 1689 eos,

45 1698 261 1748 quibuscum
302 1704 428 1747 agunt.
493 1697 579 1735 Non
617 1699 714 1735 enim
756 1706 861 1737 vetus
902 1697 992 1735 illud
1032 1698 1286 1736 iusiurandum
1314 1699 1366 1736 ita
1395 1712 1486 1736 con-

47 1754 120 1803 cipi
151 1753 372 1799 voluissent,
403 1753 450 1790 Se
473 1752 707 1804 sce'enssallo
723 1752 866 1807 †††).
900 1754 971 1792 nisi
992 1754 1104 1792 etiam
1127 1754 1345 1792 inscientem
1366 1766 1480 1806 posse

48 1808 180 1847 fallere
209 1806 452 1845 iudicassent.

543 1936 834 1979 CAPUT
888 1940 986 1980 XV.

80 2017 180 2068 Quid
204 2016 308 2069 apud
333 2016 517 2055 Catullum
547 2018 649 2055 asz'm'
670 2019 817 2056 nomine
846 2018 1130 2069 z‘ntellzgendum
1160 2030 1242 2056 esse
1269 2017 1456 2056 videatur.

47 2096 232 2155 ASINUM
256 2114 402 2154 videtur
427 2114 594 2153 Catullus
621 2114 762 2154 dixisse
790 2130 863 2154 non
893 2117 1054 2163 animal,
1096 2115 1193 2168 quod
1222 2117 1332 2168 vulgo
1361 2124 1487 2155 notum

49 2172 128 2219 est',
159 2171 226 2209 sed
254 2171 411 2222 lapidem
436 2171 611 2208 molarem
641 2172 676 2208 in
707 2172 998 2223 epigrammate,
1029 2186 1100 2223 quo
1126 2173 1330 2223 exagitavit
1356 2173 1488 2211 Aemi-

48 2227 89 2265 lii
119 2225 306 2264 cuiusdam
338 2225 609 2264 deformitatem
626 2224 696 2279 ἦ),
732 2240 838 2278 quem
869 2229 921 2266 ait
945 2229 1101 2279 pistrino
1131 2236 1241 2279 atque
1265 2229 1371 2266 asino
1391 2227 1488 2266 tradi

49 2289 239 2332 oportere.
300 2281 440 2320 Graeci
480 2288 583 2319 certe
622 2289 659 2319 et
696 2282 854 2321 bestiam
897 2283 994 2321 illam
1028 2292 1065 2321 et
1097 2283 1230 2321 molam
1260 2283 1391 2321 eodem
1423 2296 1489 2321 no-

49 2338 148 2375 mine
175 2337 374 2389 appellant.
432 2337 562 2389 ltaque
589 2337 805 2389 Hesychius
841 2335 932 2379 ὄνον
945 2337 1021 2393 **)
1061 2339 1113 2377 ait
1141 2351 1227 2378 esse
1258 2339 1489 2392 superiorem

125 2456 169 2492 -:'.=-)
189 2464 261 2492 pag.
280 2458 350 2486 237.
371 2457 420 2487 ed.
449 2458 586 2487 Florent.
608 2457 698 2487 1548.
737 2460 849 2488 FAESI.

125 2504 192 2540 ἱέἕι)
212 2505 306 2534 Editt.
325 2507 467 2541 probato.
508 2507 692 2537 Correctum
711 2513 732 2536 a
751 2505 952 2537 Ruhnkenio.

125 2553 219 2589 θεὲ-ἵε)
239 2553 350 2589 Virgil.
372 2556 484 2589 Georg.
505 2556 527 2583 1.
548 2555 598 2584 45.

125 2602 172 2640 ἡ)
192 2601 303 2637 virgil.
325 2605 438 2637 Georg.
459 2604 481 2632 Ι.
502 2603 574 2632 217.
593 2603 656 2638 Ap.
674 2602 829 2633 Wolfium
848 2602 967 2634 vitiose
987 2605 1099 2640 operit.

129 2649 205 2689 ιι)
224 2651 371 2679 Aulular.
391 2652 429 2680 ιι.
450 2652 489 2687 2,
510 2652 560 2680 38.

127 2698 228 2737 †††)
248 2699 313 2729 Cic.
333 2699 432 2733 Epist.
451 2700 491 2728 ad
512 2701 600 2728 Fam.
619 2699 674 2729 lib.
693 2699 761 2729 Vn.
783 2707 832 2736 ep.
855 2701 884 2730 1.
903 2700 935 2736 S.
956 2701 986 2730 2.
1006 2702 1038 2730 et
1058 2701 1102 2730 ibi
1122 2703 1245 2731 Manut.

128 2748 172 2783 -:·.:·)
193 2748 297 2777 carm.
318 2748 402 2777 XCV
421 2748 485 2783 (al.
503 2748 659 2782 XCVIU.
687 2755 719 2777 V.
742 2748 789 2778 10.
828 2748 936 2778 Aliter
965 2750 1025 2778 hoc
1045 2750 1177 2779 verbum
1196 2750 1364 2785 acceperat
1384 2751 1493 2779 Mure-

54 2787 106 2818 tus
125 2787 298 2816 Comment.
318 2785 351 2814 in
371 2787 490 2815 catull.
515 2786 592 2820 Opp.
615 2787 704 2815 Τοιιι.
725 2787 762 2814 11.
783 2792 854 2821 pag.
878 2786 951 2815 864.

131 2833 197 2870 ιῑείιε)
220 2835 306 2863 Τοιιι.
328 2836 368 2865 11.
390 2840 460 2870 pag.
481 2834 551 2864 763.
574 2834 624 2864 ed.
644 2834 771 2865 Albert.
792 2841 886 2870 quem
906 2834 989 2865 vide.
1028 2835 1216 2915 Ε’,ιιεειηῆε

1508 458 1568 487 188
