1726 3106
226 139 306 183 1OE
788 140 912 181 VAR.
946 141 1100 183 LECT-

224 254 408 293 nominari
438 252 563 292 video.
621 251 765 291 Narrat
792 254 890 292 enim
919 253 1156 304 Xenophon,
1183 254 1438 300 Giaueonem,
1468 252 1659 293 Aristonis

225 310 366 356 filium,
404 311 464 361 qui
501 308 548 347 ad
589 309 758 360 populum
791 309 905 347 verba
944 310 1070 347 facere
1107 316 1145 347 et
1173 323 1290 361 remp.
1323 322 1457 361 gerere
1488 318 1657 361 cuperet,

133 374 196 405 113
223 378 306 403 eum
333 378 450 402 annos
482 364 612 414 viginti
642 363 801 402 nondum
833 365 1006 411 haberet,
1037 377 1151 415 saepo
1179 366 1225 403 ob
1254 365 1290 403 id
1319 366 1500 412 delusum,
1534 372 1572 403 et
1594 364 1658 403 de-

224 427 382 459 tractum
419 432 440 458 e
479 426 681 469 suggesto:
726 433 844 471 neque
889 427 1012 458 tamen
1055 421 1254 458 amicorum
1290 434 1334 459 ac
1372 420 1658 459 domesticorum

221 475 398 527 precibus
435 487 456 512 a
497 481 569 512 tam
608 476 809 513 temerario
837 476 986 526 incepto
1017 487 1099 512 eum
1131 488 1308 514 revocare
1335 477 1560 527 cupientium
1591 475 1658 513 ob-

222 537 514 581 temperantem,
570 528 758 568 destitisse
800 530 945 568 tandem
981 531 1149 569 Socratis
1183 533 1403 569 auctoritate
1444 531 1654 570 adductum.

221 585 417 624 Socratem
454 592 576 623 autem
616 586 650 623 ei
684 586 839 623 amicum
880 586 995 623 fnisse
1023 586 1075 623 ait
1104 593 1252 637 propter
1278 586 1516 624 Charmidem
1545 586 1658 624 Glau-

222 642 329 679 conis
357 641 498 687 fitium,
540 647 578 677 et
605 648 759 693 propter
783 641 993 679 Platonem.
1056 638 1267 681 Γλαύκωνα
1305 640 1366 690 δὲ,
1407 643 1549 706 inquit,
1589 638 1659 681 τὸν

216 692 470 748 Ἀρίστωνος,
508 693 566 735 ’ὅτ’
605 695 784 749 ἐπεχείρει
812 697 1040 763 δημηγορεῖν
1068 695 1271 747 ἐπιθυμῶν
1297 693 1564 749 προστατεύειν
1590 699 1660 748 τῆς

220 749 390 801 πόλεως,
427 749 579 791 οὐδέπω
615 751 734 790 εἰκοσι
773 751 835 803 ε’τη
864 749 1057 816 γεγονὼς,
1089 748 1210 791 ὄντων
1245 750 1366 791 ἄλλων
1406 752 1557 792 οἰκείων
1593 751 1660 791 καὶ

225 807 372 858 φίλων,
410 804 536 853 οὐδεὶς
572 804 730 845 ἐδύνατο
769 810 935 855 παῦσαι,
974 804 1175 857 ἑλκόμενόν
1213 823 1250 847 τε
1278 804 1353 847 ἀπὸ
1380 811 1449 847 τοῦ
1476 804 1658 858 βηματος,

221 862 288 901 καὶ
321 861 597 928 καταγέλαστον
634 858 736 901 ὄντα.
793 859 1001 915 Σωκράτης
1037 861 1077 901 δὲ
1116 859 1250 910 εύνους
1291 860 1345 902 ὢν
1382 860 1486 917 αὐτῷ
1524 859 1587 901 διά
1619 876 1658 902 τε

223 918 449 969 Χαρμίδην,
484 914 551 956 τὸν
590 914 840 966 ΓΛαύκωνος,
875 916 940 956 καὶ
977 914 1041 956 δια
1077 915 1288 966 Πλάτωνα,
1326 915 1443 969 μόνος
1484 917 1657 957 εᾛπαυσεν

220 972 308 1010 Hoc
344 986 424 1010 eum
465 973 619 1023 primum
657 973 814 1023 scripsi,
850 986 922 1010 non
954 973 1218 1020 memineram,
1259 973 1356 1012 idem
1385 987 1407 1012 a
1435 973 1590 1011 La'e'itio
1621 973 1659 1010 in

221 1027 391 1066 Platonis
420 1028 496 1067 vita
509 1026 557 1080 ᾗ)
587 1034 751 1066 notatum
780 1041 881 1066 esse.

721 1178 1009 1218 CAPUT
1063 1177 1160 1218 XV.

223 1258 432 1298 Secundam
448 1257 651 1311 fortunam
680 1256 830 1307 dgfficz’le
846 1256 979 1308 ferri,
1014 1259 1213 1295 multorum
1237 1257 1412 1307 gravium
1435 1256 1661 1307 scriptorum

685 1315 904 1351 testimoniis
933 1312 1206 1363 corfirmalemz.

225 1391 428 1451 GRAVEM
473 1411 667 1451 admodum
717 1412 937 1450 sententiam
977 1410 1150 1463 Gobryae
1169 1409 1245 1463 flii)
1287 1409 1497 1461 Xenophon
1542 1407 1660 1455 dedit,

224 1482 405 1521 quamque
436 1468 646 1532 quotidiana
676 1468 909 1519 experientia
950 1480 1076 1504 veram
1116 1479 1200 1504 esse
1232 1465 1420 1503 declarat.
1462 1464 1661 1502 Difficilius

222 1523 400 1562 videlicet
431 1524 619 1575 reperiri,
658 1524 719 1574 qui
749 1522 974 1567 secundam,
1014 1535 1120 1572 quam
1158 1523 1218 1572 qui
1249 1521 1444 1558 adversam
1463 1518 1661 1557 fortunam

221 1579 319 1618 bene
351 1580 488 1618 ferant.
548 1577 735 1616 Secundis
765 1579 862 1615 enim
897 1577 1008 1615 iebus
1040 1557 1378 1622 insolescunt“**)
1409 1575 1576 1626 plerique
1596 1574 1663 1611 ho-

223 1635 344 1673 mines
384 1642 421 1672 et
461 1634 690 1672 efferuntur.
733 1632 902 1670 adversis
939 1644 1068 1669 omnes
1105 1631 1150 1668 ad
1187 1630 1465 1681 temperantiam
1495 1629 1665 1668 modera-

222 1691 436 1740 tionemqne
482 1696 720 1727 revocantur.
800 1687 843 1725 ld
884 1686 980 1738 quod
1022 1687 1083 1724 ille
1106 1687 1309 1744 expressit
1346 1686 1404 1723 his
1443 1682 1661 1752 verbis†):

223 1746 334 1785 δοκεῖ
357 1745 398 1784 δέ
425 1745 597 1795 μοι,οὐ
625 1747 752 1810 Κῦρε,
789 1739 1046 1794 χαλεπώτερον
1086 1745 1183 1781 εἰναι
1211 1738 1334 1793 εὗρεΐν
1363 1737 1484 1793 ἄνδρα
1510 1736 1665 1806 τάγαθὰ

223 1804 350 1847 καλως
377 1816 440 1853 φε
410 1799 564 1848 'nov-ca,
597 1796 624 1850 η’
650 1815 697 1838 τα
723 1795 841 1837 κακά·
885 1813 931 1837 τα
962 1796 1029 1849 μὲν
1057 1813 1128 1850 γορ
1157 1795 1269 1849 ὕβριν
1297 1799 1376 1842 τοῖς
1404 1799 1579 1844 πολλοῖς,
1619 1791 1667 1834 τὰ

224 1853 267 1896 δὲ
303 1852 557 1909 σωφροσύνην
590 1858 669 1901 τοῖς
705 1866 822 1893 mmm)
860 1852 1018 1904 ἐμποιεῖ.
1074 1853 1132 1890 Μ.
1166 1860 1290 1890 autem
1321 1851 1416 1889 Cato
1445 1852 1505 1889 ille
1535 1864 1666 1890 censo-

224 1912 326 1957 rius,
369 1912 441 1950 etsi
477 1925 497 1949 a
526 1910 804 1961 Xenophonte,
847 1917 887 1946 ut
925 1910 1081 1960 opinor,
1128 1922 1201 1946 non
1239 1908 1436 1952 hauserat,
1479 1913 1518 1944 ut
1555 1907 1616 1958 qui
1644 1919 1667 1943 a

225 1966 384 2005 Graecis
424 1967 560 2003 litteris
594 1966 844 2003 abhorreret.
888 1978 1002 2015 prope
1040 1971 1163 2002 tamen
1194 1962 1295 2000 idem
1322 1962 1469 1999 dixerat
1499 1963 1537 2000 in
1569 1961 1666 1999 Ora-

224 2022 328 2060 tione
359 2033 425 2072 pro
446 2021 743 2058 Rhodiensibus.
803 2019 864 2056 Ex
891 2033 935 2058 ea
965 2021 1062 2057 enim
1092 2021 1251 2057 citantur
1272 2018 1363 2055 haec
1378 2016 1486 2069 ††):
1517 2019 1666 2056 Adue)-

225 2090 292 2115 sae
321 2091 382 2115 res
410 2090 449 2113 se
476 2078 648 2121 domant,
681 2083 721 2113 et
747 2076 894 2120 docent,
927 2077 1018 2125 quid
1050 2088 1140 2125 opus
1156 2074 1211 2123 fit
1226 2073 1339 2125 fileto
1363 2071 1504 2124 †††):
1534 2086 1667 2110 seeun-

227 2134 299 2170 dae
337 2146 400 2170 7es
439 2133 584 2170 laetefftza
617 2138 876 2170 Ιιαῖιςυοιεῑιιη
918 2131 1070 2167 cludere
1107 2131 1231 2166 solent
1260 2142 1283 2166 a
1311 2134 1412 2164 recte
1441 2128 1667 2166 consulendo

227 2195 341 2239 atque
379 2187 639 2237 intellegendo.
699 2186 828 2236 ltaque
864 2198 938 2222 non
979 2185 1061 2222 sine
1091 2197 1224 2222 caussa
1258 2182 1395 2221 dictum
1421 2188 1480 2220 est
1508 2182 1554 2220 ab
1586 2182 1668 2221 Ho-

226 2243 324 2281 ratio
342 2241 383 2290 ᾗ)
402 2258 412 2280 :

302 2383 344 2420 *J
364 2385 418 2414 lib.
438 2387 490 2414 ΙΙΙ.
512 2387 545 2422 §-
561 2386 613 2415 34.
654 2386 803 2415 ceterum
823 2387 921 2415 verba
938 2387 1005 2415 Hoc
1024 2393 1092 2414 cum
1111 2386 1242 2421 primum
1261 2383 1374 2419 scripsi
1393 2397 1429 2405 —
1447 2384 1584 2413 notatum
1603 2389 1670 2413 esse

227 2423 269 2452 ab
290 2424 338 2451 ed.
360 2431 405 2458 pr.
426 2424 542 2452 abesse
562 2424 632 2459 ipse
652 2427 797 2453 Muretus
818 2425 944 2453 indicat.

305 2491 349 2502 ««««««
318 2477 372 2512 ¹³²)
392 2478 478 2505 Male
503 2483 554 2511 ap.
583 2476 682 2505 Wolf.
727 2477 879 2511 Gotniae,
907 2484 980 2506 nam
1002 2476 1133 2506 Graecis
1163 2476 1251 2506 audit
1271 2466 1455 2514 Γωβρύας·
1494 2475 1542 2507 Cf.
1564 2476 1670 2505 schol.

226 2513 261 2543 in
281 2514 346 2569 Cle.
367 2514 422 2542 Off.
444 2515 522 2549 opp.
545 2516 631 2543 'rom
653 2516 707 2543 111.
727 2522 798 2549 pag.
817 2498 889 2543 818⁹.

341 2560 492 2597 ἣνίᾶθ
517 2563 662 2591 Lambini
690 2563 856 2597 epistolam
883 2564 906 2592 l.
927 2570 953 2592 c.
980 2570 1052 2598 pag.
1073 2562 1144 2591 399.
1171 2564 1208 2592 D.
1229 2563 1268 2591 R.
1288 2578 1325 2584 —-
1366 2563 1458 2592 Adde
1478 2562 1604 2597 Sciopp.
1631 2561 1672 2590 de

228 2599 293 2629 stil.
321 2600 432 2628 histor.
459 2607 530 2635 pag.
556 2601 623 2629 129.
652 2601 700 2628 ed.
731 2601 836 2629 Fabri.
862 2603 974 2630 FAEsi.
1002 2617 1040 2623 —-
1084 2600 1195 2630 lustin.
1223 2601 1278 2629 lib.
1299 2601 1410 2629 XXXI.
1440 2607 1508 2636 cap.
1528 2601 1557 2629 8.
1587 2599 1620 2635 §-
1640 2600 1670 2629 8.

228 2639 325 2666 habet
344 2639 486 2666 secundis
505 2639 598 2666 rebus
617 2639 812 2666 insolescere.

304 2684 350 2724 †]
372 2686 486 2720 cyrop.
505 2686 560 2715 lib.
580 2687 663 2715 V111.
684 2693 752 2721 cap.
774 2686 803 2715 4.
826 2685 859 2721 S.
880 2685 932 2715 14.

304 2732 378 2772 Η)
398 2734 470 2763 Vid.
491 2735 570 2763 Gell.
589 2736 627 2764 N.
647 2735 689 2764 A.
714 2734 769 2764 lib.
789 2735 857 2765 Vll.
884 2741 953 2770 cap.
973 2735 1004 2764 3.
1033 2737 1066 2765 et
1086 2735 1211 2768 Orator.
1231 2736 1404 2765 Romanor.
1424 2732 1604 2770 Fragment.
1623 2730 1672 2762 etl.

230 2772 268 2801 H.
287 2773 410 2806 Meyer.
430 2779 502 2807 pag.
523 2772 564 2802 49
583 2779 653 2808 sqq.

304 2818 405 2857 -.'-††)
426 2821 565 2850 wolfius
585 2821 740 2853 arbitratu
760 2828 819 2851 suo
839 2819 926 2851 dedit
944 2819 1042 2856 factu.

304 2868 348 2904 *J
371 2869 427 2898 oa.
448 2870 502 2900 111.
522 2870 581 2908 2⁷,
602 2869 652 2901 74.
