1726 3106
524 95 627 137 LIB.
659 96 746 136 Vn.
807 95 924 135 CAP.
956 96 1070 137 xvi.
1438 97 1514 140 151

89 201 228 254 nim-2¹³)
260 204 392 242 nescit.
453 202 528 241 Sed
568 203 663 256 quod
707 205 758 243 ibi
789 204 971 242 dicentem
997 205 1087 244 facit
1116 205 1329 257 Scipionem
1360 205 1406 245 de
1434 208 1514 258 qui-

87 257 240 295 busdam
276 259 428 296 senibus
441 256 533 311 ³³²³),
572 261 703 310 quihus
742 262 793 298 ita
824 259 952 298 odiosa
982 268 1156 299 senectus
1185 268 1312 308 esset,
1356 269 1397 299 ut
1422 275 1516 299 onus

89 325 130 350 se
160 313 285 351 Aetna
327 315 476 364 gravius
513 313 682 352 dicerent
714 316 924 352 sustinere:
969 315 1004 352 id
1040 315 1138 354 unde
1170 324 1348 368 sumptum
1381 317 1459 364 sit,
1492 330 1515 354 a

88 370 258 414 nemine,
297 368 391 418 quod
425 370 564 415 sciam,
605 369 784 420 proditum
811 376 882 407 est.
943 369 1122 408 Eruditus
1151 384 1240 409 sane
1269 373 1327 410 vir
1341 369 1440 423 ***)
1471 385 1515 409 ac

87 423 222 460 multae
247 423 447 469 lectionis,
493 426 553 475 qui
584 432 637 461 tot
667 426 775 462 millia
806 429 1021 477 παροιμιῶν
1057 440 1163 463 unum
1195 428 1232 464 in
1262 440 1396 477 corpus
1426 440 1514 464 con-

84 478 184 523 tulit,
213 477 282 515 lioc
312 492 382 515 non
410 478 511 517 vidit.
574 480 643 517 Est
672 487 790 518 autem
824 493 870 517 ex
898 479 1104 531 Euripide:
1144 481 1239 532 apud
1270 495 1375 532 quem
1404 477 1515 534 ‘'Hon-

82 535 166 570 κλεῐ
187 532 399 588 μαινομένῳ
438 534 598 580 chorus,
640 537 701 586 qui
740 549 760 572 e
788 534 938 572 senibus
967 543 1134 580 constat,
1178 538 1403 574 iuventutem
1434 538 1516 587 qui-

84 586 165 624 (lem
188 588 353 625 celebrat
378 602 421 625 ac
448 590 660 639 praedicat:
683 591 810 628 malam
837 602 942 636 vero,
966 598 1005 627 ut
1022 598 1168 628 veteres
1188 591 1510 644 loquebantur-1⁴),

81 650 240 681 aetatem
271 644 373 680 miris
400 644 517 682 modis
550 646 735 695 exagitat,
766 646 872 696 eique
905 646 1015 683 multa
1046 646 1139 682 mala
1161 654 1349 696 precatur.
1408 647 1512 684 Inter

80 705 207 736 cetera
243 707 364 736 autem
404 713 485 737 eam
525 700 615 738 dicit
652 713 744 738 onus
783 713 868 738 esse
896 700 1022 738 Aetna
1061 701 1236 750 gravius,
1281 715 1351 752 quo
1377 714 1511 752 perpe-

80 761 143 791 tuo
175 761 364 805 prematur
394 768 521 793 senum
543 763 663 806 caput.
723 755 870 794 Versus
892 755 928 792 hi
950 754 1150 809 suiit*1·†):
1178 757 1239 807 qui
1258 763 1380 795 tamen
1402 757 1510 807 vulgo

77 809 187 848 aliter
217 810 403 861 leguntur.
463 809 538 848 Sed
570 824 641 861 ego
670 811 719 848 ita
747 810 926 862 legendos
955 818 1065 863 puto:

460 883 487 926 ἆ
512 884 646 934 νεότας
672 902 736 939 μοι
763 888 888 937 φίλον.

459 939 502 982 τὸ
534 941 575 982 δὲ
599 946 719 995 γῆρας
747 940 868 994 ἄχθος
896 942 971 982 αιέὶ

455 995 664 1049 βαρύτερον
692 998 839 1045 Αἴτνας
865 996 1059 1038 σκοπέλων

461 1052 524 1092 ἐπὶ
553 1052 662 1105 κρατὶ
692 1058 822 1093 κεῖται.

77 1126 153 1166 Sed
182 1135 220 1166 et
252 1128 345 1180 apud
365 1128 532 1167 Plautum
549 1127 664 1182 †††)
698 1143 768 1167 non
799 1143 884 1167 raro
915 1130 966 1167 ita
997 1143 1108 1168 senes
1136 1129 1183 1168 de
1208 1136 1329 1167 aetate
1361 1142 1441 1174 sua,
1475 1135 1510 1164 ut

75 1183 120 1221 de
146 1185 250 1235 gravi
284 1185 405 1235 aliquo
437 1197 481 1222 ae
511 1184 724 1236 ponderoso
752 1198 867 1222 onere
898 1185 1110 1237 loquuntur.

567 1314 850 1354 CAPUT
903 1314 1027 1355 XVI.

219 1395 269 1432 Ut
298 1395 431 1433 Cicero
459 1394 558 1432 delcit
586 1393 773 1432 conficere
802 1393 961 1440 famam,
993 1395 1047 1432 z'ta
1079 1393 1224 1432 Graeci
1247 1393 1378 1431 dicunt

647 1452 772 1488 ποιεῖν
800 1444 931 1499 ὄνομα.

72 1529 129 1584 ΙΝ
165 1545 313 1597 dialogo
352 1545 398 1584 de
438 1546 550 1584 elaris
586 1544 854 1598 oratoribus&
902 1547 952 1585 ita
982 1546 1028 1585 de
1061 1546 1194 1584 Catulo
1224 1546 1386 1597 loquitur
1416 1543 1509 1582 Bru-

73 1611 159 1640 tus:
204 1604 359 1641 Catulus
397 1609 486 1640 erac
523 1603 587 1640 ille
624 1603 770 1652 quidem
801 1603 949 1640 minime
977 1604 1171 1648 indoctus,
1211 1609 1254 1640 ut
1283 1615 1306 1640 a
1337 1609 1373 1640 te
1392 1602 1510 1651 paulo

72 1665 130 1696 est
166 1667 255 1695 ante
295 1658 459 1695 dictum.-
503 1658 572 1695 sed
613 1664 735 1696 tamen
774 1658 943 1694 suavitas
980 1658 1078 1695 vocis
1116 1664 1153 1694 et
1183 1658 1278 1695 lenis
1309 1657 1512 1707 appellatio

73 1716 288 1753 litterarum
320 1713 409 1750 bene
436 1713 615 1762 loquendi
626 1712 776 1764 samam
806 1712 1036 1764 confecerat.
1096 1711 1260 1750 Videtur
1289 1719 1412 1748 autem
1441 1710 1512 1747 hoe

73 1768 249 1819 loquendi
286 1780 428 1818 genus,
465 1780 535 1817 quo
571 1779 633 1805 res
672 1767 863 1817 quaepiam
903 1767 1182 1819 alicuifamam
1212 1767 1395 1817 conficere
1420 1765 1511 1802 dici-

72 1831 154 1870 tur,
185 1837 207 1861 a
236 1823 395 1861 Graecis
421 1835 607 1860 manasse.
668 1823 846 1860 Socrates
879 1821 1025 1873 quidem
1055 1829 1158 1860 certe
1191 1821 1285 1872 apud
1315 1821 1512 1858 Platonem

73 1881 111 1917 in
141 1879 328 1929 Apologia
342 1875 415 1931 fii)
446 1890 490 1916 eo
522 1878 652 1915 utitur.
713 1876 807 1914 Cum
838 1879 935 1915 enim
964 1876 1137 1922 dixisset,
1168 1879 1297 1915 mirum
1328 1876 1512 1913 nonnullis

74 1934 195 1975 videri
236 1946 372 1985 posse,
411 1934 444 1971 si
487 1933 585 1971 nulla
620 1933 657 1970 in
694 1945 736 1971 re
766 1933 904 1971 ceteris
932 1932 1202 1979 antecellebat,
1248 1931 1335 1983 quid
1361 1930 1510 1970 tandem

147 2070 191 2104 ff)
212 2069 384 2098 Dicendum
412 2068 481 2096 erat
504 2066 598 2101 paulo
618 2065 798 2101 humanior,
829 2072 902 2095 nam
930 2065 1030 2095 silius
1057 2064 1176 2101 aliique
1206 2067 1320 2100 poetae
1347 2066 1419 2101 post
1440 2071 1511 2094 eum

71 2116 141 2138 cuni
162 2106 378 2142 comparativo
399 2105 527 2140 iungere
547 2105 692 2133 solebant
710 2104 846 2139 paulum.

147 2156 215 2191 *zzz-J
237 2162 305 2190 cap.
326 2155 353 2182 2.
377 2154 409 2189 S.
429 2153 459 2182 4.

147 2205 241 2239 ³::-÷:<-÷::-)
261 2202 447 2232 Desiderius
465 2203 627 2230 Erasmus.

149 2252 194 2290 †]
216 2254 320 2281 Plaut.
339 2251 533 2280 Menaechm.
552 2250 590 2278 V.
611 2250 646 2286 2,
669 2249 700 2278 6.

146 2300 220 2339 -ΗῚ
242 2309 273 2329 ν.
293 2300 354 2330 637
375 2306 422 2333 sq.
462 2298 521 2332 Qui
541 2305 655 2326 versus
675 2304 757 2326 nunc
776 2296 822 2325 sic
842 2296 984 2327 distincti
1003 2297 1168 2332 leguntur:

348 2344 370 2380 ἁ
396 2344 519 2383 νεότας
540 2358 604 2391 μοι
627 2347 754 2390 φίλον·
779 2342 894 2388 ἄχθος
917 2345 959 2380 δὲ
983 2345 1022 2381 τὸ
1047 2347 1159 2391 γῆρας
1183 2344 1240 2378 ἀεὶ

347 2389 547 2436 βαρύτερον
568 2393 705 2429 Αἴτνας
731 2392 920 2425 σκοπέλων

351 2438 412 2472 ἐπὶ
436 2437 539 2483 κρατὶ
561 2438 687 2470 κεῖται.

74 2484 289 2513 Heimannus:

350 2518 373 2555 ἁ
396 2517 522 2557 νεότας
543 2531 608 2562 μοι
632 2519 765 2564 φίλον·
791 2515 835 2551 ἆ-

413 2570 507 2610 χθος
530 2564 570 2598 δὲ
597 2562 635 2597 τὸ
659 2565 773 2610 γῆρας
795 2563 867 2597 αἰεὶ

350 2610 549 2657 βαρύτερον
571 2612 707 2646 Αἴτνας
729 2610 919 2643 σκοπέλων

310 2661 314 2669 ”
417 2655 478 2689 ἐπὶ
500 2657 604 2699 κρατὶ
627 2657 753 2689 κεῖται.
864 2662 866 2664 ·

152 2708 252 2748 -Η--Η
273 2709 344 2739 vm.
365 2712 497 2740 Mei-cat.
516 2713 569 2741 IV.
594 2713 629 2749 1,
649 2711 670 2740 5
690 2718 738 2746 sq.
765 2709 958 2739 Menaechm.
980 2708 1016 2737 V.
1039 2707 1078 2742 2,
1100 2705 1119 2735 4
1139 2713 1185 2740 sq.

152 2758 195 2794 ιζ·)
216 2766 284 2793 (zap.
306 2759 354 2787 74.
382 2760 415 2794 §-
436 2759 508 2788 259.

153 2806 219 2844 ¹2)
240 2814 312 2843 pag.
333 2807 383 2837 20.
404 2808 492 2838 (λεί.
