1726 3106
521 127 620 166 LIB.
653 126 743 167 VII.
804 124 924 166 CAP.
955 125 1047 165 XX.
1424 124 1504 166 155

68 248 191 280 autem
222 238 395 284 dubium,
435 237 520 288 quin
548 238 693 288 plurimi
734 238 897 275 facturus
937 243 1039 274 esset
1075 236 1172 273 filius
1201 234 1265 281 id,
1305 233 1403 285 quod
1433 236 1505 286 ipsi

69 297 190 348 patri,
232 294 277 332 de
316 307 387 345 quo
422 292 590 330 omnibus
631 292 748 330 modis
778 290 943 330 ornando
982 292 1193 342 cogitabat,
1234 290 1424 341 probatum
1458 291 1506 328 iri

70 352 315 390 existimaret.
393 347 568 385 Perbono
614 349 728 398 igitur
767 359 907 398 perque
947 347 1115 398 apposito
1153 353 1368 396 argumento
1418 358 1506 382 usus

70 413 129 445 est
158 406 285 444 rhetor
312 403 389 449 ille,
419 416 517 448 cum,
549 404 653 441 cuius
684 402 811 441 laudes
832 402 1000 440 oratione
1030 415 1095 439 sua
1120 401 1378 452 complexurus
1408 407 1504 446 erat,

70 463 151 500 eius
179 460 295 511 ipsius
335 472 379 496 ea
408 457 454 496 de
483 471 548 504 re,
586 466 767 509 quatenus
797 457 956 503 licebat,
996 456 1170 494 iudicium
1211 470 1255 494 ac
1287 456 1508 493 sententiam

70 516 238 568 protulit.
297 513 405 551 Vidit
434 512 496 559 id,
538 515 598 565 qui
629 514 803 551 Isocratis
834 513 949 550 libros
984 511 1045 549 diu
1077 513 1114 549 in
1150 512 1293 549 deliciis
1329 511 1509 548 habuerat

70 571 279 621 multasque
310 568 355 607 de
386 569 537 606 floribus
566 570 665 606 illius
694 568 852 606 corollas
882 568 951 605 sibi
981 574 1178 615 texuerat,
1214 567 1372 605 Tullius.
1433 566 1509 604 lta-

72 639 142 677 que
172 639 253 663 cum
292 625 328 661 in
368 631 498 661 senatu
527 632 702 674 ageretur
741 623 787 661 de
816 623 903 661 Ser.
937 623 1091 673 Sulpicii
1120 630 1265 668 statua,
1308 635 1414 673 quam
1445 633 1510 670 pe-

72 681 235 719 destrem
259 679 368 717 statui
399 687 573 730 oportere
604 686 801 717 censeret:
836 677 989 716 candem
1012 678 1108 715 illam
1139 678 1366 715 lsocrateam
1398 677 1512 713 ratio-

71 749 156 774 nem
196 735 363 774 adhibuit
380 733 448 786 ἦε).
493 742 532 772 ut
567 749 639 772 non
679 735 863 772 immerito
899 733 1001 771 credi
1036 734 1175 783 possit,
1217 746 1298 769 eum
1335 731 1512 769 isocratis

72 791 192 829 locum
223 791 294 842 ipsi
336 796 409 827 tum
440 790 475 827 in
517 797 676 828 mentem
706 791 838 828 fuisse.
897 788 1102 838 Utriusque
1134 788 1247 826 verba
1274 800 1432 858 ponam,
1472 792 1514 823 ut

74 847 249 885 conferre
288 846 416 883 liceat.
477 845 688 883 Isocrates:
740 840 943 898 ἡγησάμην
982 839 1210 907 Εὐαγόραν,
1255 842 1293 881 εἴ
1319 856 1375 888 τις
1413 839 1514 880 ἐστὶν

73 901 257 953 αἴσθησις
283 904 364 947 τοῖς
392 897 691 952 τετελευτηκόσι,
720 915 766 939 πε
751 899 806 952 coi,
833 903 909 939 τῶν
939 895 1081 938 ἐνθάδε
1101 913 1366 965 γιγνομενων,
1407 893 1515 947 εὐμε-

74 960 153 1004 νῶς
183 955 251 1023 μὲν
281 953 537 1007 ἀποδέχεσθαι
570 955 636 995 καὶ
663 959 783 995 ταῦτα
820 971 883 994 και
911 954 1053 1006 χαίοειν
1090 951 1240 1007 ὁρῶντα
1254 953 1332 1005 *ἢ
1376 948 1447 1002 τήν
1473 965 1514 990 τε

73 1011 161 1065 περὶ
188 1008 308 1051 αὑτὸν
336 1010 566 1062 ἐπιμέλειαν,
597 1010 663 1050 καὶ
692 1007 763 1062 τὴν
790 1007 862 1061 σὴν
892 1008 1234 1062 μεγαλοποέπειαν·
1270 1004 1369 1047 πολυ
1399 1004 1435 1046 δ’
1467 1004 1515 1046 ὄὶν

73 1067 129 1107 ε’τι
157 1067 273 1106 πλείω
307 1063 416 1118 χάριν
449 1066 545 1117 ε’χειν
570 1063 597 1117 ἢ
626 1069 705 1112 τοῖς
734 1063 861 1112 ἄλλοις
900 1063 1061 1113 ἅπασιν,
1103 1072 1141 1102 et
1170 1078 1263 1115 quae
1293 1069 1512 1114 sequuntur.

75 1122 212 1160 Cicero
234 1121 359 1172 ’Μ’θ·
412 1124 516 1160 ΜίΙιί
547 1129 687 1159 autem
704 1122 929 1159 recordante
965 1123 1050 1158 Ser.
1096 1121 1260 1170 Salpz'cee'
1294 1121 1430 1157 multos
1478 1118 1516 1155 z'n

73 1185 206 1216 nostra
229 1177 506 1228 familiaritate
541 1189 757 1222 sermones,
797 1178 952 1225 gratior
980 1176 1041 1212 i'lle
1069 1176 1243 1219 videtur,
1288 1187 1320 1210 se
1350 1175 1433 1224 quis
1461 1178 1520 1210 est

73 1246 205 1271 sensas
233 1233 270 1269 in
299 1238 442 1276 morte,
485 1243 603 1268 aenea
643 1239 772 1269 statua
790 1231 959 1280 flatura,
1000 1236 1039 1267 et
1075 1242 1118 1266 ea
1151 1230 1340 1279 pedestris
1379 1229 1516 1277 magis,

75 1301 184 1339 qaam
205 1288 386 1325 inaurata
410 1287 607 1337 equestte‘s.
660 1285 819 1323 Subiicit
842 1283 977 1321 deinde
1000 1291 1154 1334 uterque
1183 1290 1311 1321 orator
1335 1285 1518 1328 rationes,

75 1343 206 1393 quibus
238 1342 441 1380 verisimile
472 1341 628 1388 efficiat,
661 1353 744 1379 eum
772 1341 917 1378 illorum
954 1340 1071 1377 fuisse
1101 1351 1277 1386 sensum,
1309 1337 1356 1376 de
1387 1338 1520 1390 quibus

74 1396 317 1436 honestandis
345 1397 539 1447 agmebatur

569 1538 855 1580 CAPUT
920 1539 1022 1577 XX.

120 1621 177 1659 De
203 1619 362 1672 quodam
391 1619 472 1657 loco
501 1632 521 1656 e
549 1618 712 1656 seeundo
743 1618 789 1655 de
818 1616 972 1655 Fe'm'bas
1000 1629 1118 1666 neque
1147 1617 1336 1664 Munatii,
1367 1630 1486 1669 neque

433 1675 599 1712 Victorii
623 1673 846 1711 sententiam
875 1684 1000 1710 veram
1029 1672 1164 1709 videri.

80 1763 252 1823 CICERO
289 1783 387 1822 libro
417 1781 580 1821 secundo
617 1781 664 1820 de
693 1781 852 1820 Finibus
892 1780 1071 1819 adversus
1106 1780 1262 1832 Epicuri
1299 1780 1525 1818 sententiam

80 1841 299 1892 disputans,
345 1839 407 1890 qui
444 1839 481 1876 in
518 1837 789 1876 constituendis
827 1836 1170 1887 conservandisque
1208 1836 1383 1874 amicitiis
1421 1848 1526 1872 suam

81 1908 263 1949 quemque
303 1894 500 1932 utilitatem
542 1894 646 1943 sequi
685 1892 826 1930 debere
858 1893 1128 1931 affirmaverat:
1179 1904 1262 1929 cum
1293 1891 1376 1928 aliis
1413 1904 1528 1941 argu-

81 1953 217 1990 mentis
246 1951 360 1987 utitur
387 1949 434 1986 ad
462 1962 542 1987 eam
572 1948 782 2011 opinionem
813 1947 1127 1993 labefactandam,
1158 1953 1233 1984 tum
1257 1946 1326 1984 hoc
1356 1958 1525 1997 quoque:

83 2005 180 2059 quod
210 2007 282 2043 ista
313 2005 457 2042 tatione
488 2017 572 2042 suas
602 2004 756 2054 quisque
782 2003 1042 2067 possessiones
1067 2003 1179 2054 pluris
1204 2003 1331 2040 facere
1356 2001 1526 2047 deberet,

84 2074 192 2114 quam
222 2061 383 2098 amicos·
431 2072 513 2097 cum
544 2072 590 2096 ex
628 2059 702 2095 illis
732 2058 868 2096 ubeles
906 2059 1072 2109 certique
1109 2059 1326 2109 plerumque
1366 2057 1526 2102 fructus,

85 2130 133 2155 ex
174 2117 230 2154 his
270 2115 401 2153 damna
439 2122 477 2152 et
513 2115 705 2152 molestiae
742 2127 816 2151 non
856 2127 983 2164 parum
1027 2127 1138 2165 saepe
1176 2114 1385 2164 capiantur.
1455 2112 1529 2149 His

85 2179 208 2212 autem
244 2171 369 2209 verbis
409 2171 660 2221 Torquatum,
705 2182 812 2220 quem
850 2168 895 2206 ab
929 2168 1099 2219 Epicuro
1138 2168 1324 2206 dicentem
1368 2169 1527 2213 fecerat,

86 2227 283 2278 alloquitur
297 2226 373 2279 †).
417 2228 515 2265 Nam
548 2227 675 2290 ‘egitur
714 2226 902 2262 utmorem
947 2224 1019 2262 ti'bz
1050 2226 1148 2263 hanc
1190 2225 1380 2262 Trz'ate'am
1413 2229 1531 2273 putas

89 2296 168 2322 esse
190 2296 325 2334 posse,
369 2295 479 2333 quam
516 2294 549 2319 sz
585 2289 654 2319 tua
690 2281 768 2318 sint
801 2280 968 2319 Puteolis
1002 2280 1211 2330 gramina?
1268 2279 1377 2326 Quae
1416 2277 1530 2315 verba

163 2424 207 2460 ³²)
237 2423 352 2453 Melius
372 2423 470 2452 foret:
499 2423 650 2451 rationem
675 2424 799 2453 secatus
819 2424 874 2453 est.
913 2423 1067 2453 Adhibere
1086 2429 1105 2450 a
1125 2421 1217 2449 bonis
1246 2419 1455 2455 sciiptoribus
1486 2419 1534 2447 sic

88 2470 150 2491 non
172 2462 313 2497 ponitur,
335 2463 392 2489 sed
414 2461 570 2490 interdum
590 2468 610 2489 a
630 2458 1533 2497 Murato,utObservv.1ur.cap.1¹.1nf1.can.23.

89 2501 169 2528 ilem
194 2483 356 2534 artificiimt
384 2500 529 2528 ααὴὶϋῑιίΐ.
577 2500 628 2526 ΙΧ.
659 2500 705 2527 17.
741 2501 867 2527 eandem
893 2498 1151 2531 (Νοτιιραναίίοηεηι
1181 2498 1327 2525 adhibuit.
1371 2497 1452 2524 XIV.
1484 2496 1534 2524 13.

91 2538 173 2567 XIX.
196 2538 243 2566 16.
263 2536 405 2571 inscript.
445 2538 515 2566 Vid.
536 2538 662 2565 Runnk.
683 2536 824 2566 Praefat.
844 2537 884 2566 ad
905 2537 1021 2566 Schell.
1041 2536 1121 2564 Lex.
1144 2542 1215 2570 pag
1234 2535 1287 2564 VI.
1326 2535 1439 2562 FAE81.

184 2600 293 2635 ‘÷'.<-]1n
313 2602 440 2630 Ruhnk.
462 2601 534 2631 edit
555 2601 634 2630 mire
661 2601 786 2629 turbato
808 2599 979 2629 verborum
1006 2600 1115 2629 ordine
1135 2599 1254 2635 legitur
1285 2591 1536 2636 ἀποδέχεσθαι

93 2639 155 2675 καὶ
175 2640 320 2685 χαίρειν
343 2640 479 2683 ταῦτα,
502 2640 564 2673 καὶ
589 2636 728 2686 ὁρῶντα
753 2635 820 2681 τήν
843 2648 880 2672 τε
911 2646 970 2673 cet.

93 2750 123 2773 m
208 2704 262 2741 1⁰:¹²)
285 2705 371 2735 Orat.
390 2705 528 2741 Philipp
547 2707 600 2736 IX.
619 2712 689 2740 cap.
709 2705 740 2735 6.
761 2705 794 2741 5”.
813 2704 862 2733 13.
883 2701 937 2732 ubi
956 2703 988 2732 in
1009 2700 1096 2731 editt.
1116 2702 1189 2736 post
1207 2701 1362 2736 pedestris
1382 2700 1536 2731 omittitur

124 2745 201 2780 nqis·

170 2800 216 2838 †)
245 2808 313 2835 cap.
334 2801 384 2830 26.
414 2801 446 2836 S.
467 2800 518 2830 84.
564 2800 732 2831 Ernestius
756 2802 788 2831 et
814 2798 969 2830 orellius:
1000 2803 1090 2834 quam
1115 2797 1169 2827 lua
1196 2796 1257 2826 sint
1281 2798 1422 2829 Puteolis
1448 2805 1538 2836 yra-

96 2844 230 2877 uarta,
260 2839 456 2868 Goerenzius
475 2840 503 2868 sl
521 2839 647 2869 retinet.
