1726 3106
187 155 266 199 142
750 157 878 199 VAR.
912 157 1065 198 LECT.

686 266 717 306 C
746 268 783 307 A
811 267 844 306 P
871 268 907 306 U
937 269 972 307 T
1026 267 1133 307 VII.

140 374 147 380 »
188 348 393 386 Cor-rectus
428 347 530 384 loeus
570 358 590 382 e
621 346 745 395 primo
775 347 1061 385 Rhetore'corum
1095 348 1331 385 Aristotelis.
1399 348 1492 386 Item
1530 348 1634 385 locus

97 1675 159 1706 150

518 397 752 438 Callimachi
776 415 825 440 em·
853 403 988 452 hymno
1018 403 1056 439 in
1080 403 1308 453 Apollinem.

185 481 486 538 ARISTOTELES
528 499 622 537 libro
666 501 784 550 primo
834 500 880 538 de
919 499 1016 538 Arte
1057 499 1206 538 dicendi
1224 499 1298 554 ²³),
1344 501 1407 539 ubi
1443 500 1634 539 felicitatis

183 562 310 607 partes
338 562 566 606 percenset,
603 550 804 608 εὐγηρίαν,
844 555 879 592 id
914 562 996 600 est,
1027 562 1067 592 ut
1095 556 1289 595 Victorius
1318 556 1462 594 erudite
1491 563 1530 594 et
1557 555 1636 594 ele-

180 616 319 662 ganter
346 611 628 661 interpretatur,
660 611 791 647 bonam
823 610 1126 661 commodamque
1156 619 1400 657 senectutem,
1433 612 1469 648 in
1500 623 1546 648 eo
1570 623 1636 662 po—

185 667 294 704 sitam
336 677 423 703 esse
461 664 574 711 dicit,
617 672 656 702 ut
685 673 723 703 et
753 666 859 703 tarde
889 673 1063 703 senescat
1099 666 1202 716 quis,
1243 674 1281 704 et
1319 667 1399 704 sine
1431 665 1558 704 dolore
1590 678 1635 703 ac

185 720 358 759 molestia
388 727 589 758 senescat:
638 734 719 757 nam
752 734 870 771 neque
901 734 1008 771 quem
1039 721 1114 758 cito
1145 719 1286 759 deserit
1316 723 1510 767 iuventus,
1553 721 1637 758 feli-

185 777 283 815 citer
323 788 527 814 senescere
568 775 748 813 dicendus
779 783 861 823 est3
908 789 1028 826 neque
1067 777 1122 822 is,
1164 778 1267 814 cuius
1307 778 1636 827 ingravescentem

183 838 346 870 aetatem
393 832 518 882 magni
558 830 705 869 dolores
740 832 1007 882 molestiaeque
1047 832 1281 872 comitantur.
1349 832 1390 870 ln
1429 832 1475 869 iis
1509 838 1635 870 autem

183 887 335 933 verbis,
384 900 478 938 quae
523 887 645 924 statim
686 885 782 938 apud
821 887 1065 924 Aristotelem
1105 895 1332 938 sequuntur,
1383 887 1461 925 vitii
1497 885 1635 937 aliquid

184 944 313 981 inesse
341 943 529 980 arbitror:
570 955 692 993 neque
723 942 882 980 Victorii
926 949 989 979 aut
1018 943 1267 1009 scripturam,
1306 949 1369 980 aut
1409 943 1635 993 interpreta-

184 999 323 1037 tionem
355 1010 401 1035 ea
428 999 465 1035 in
496 1005 601 1048 parte
633 998 763 1048 probo.
825 998 890 1036 Ille
921 999 1019 1035 enim
1054 998 1167 1048 legit:
1185 994 1299 1037 ’Ἐστι
1325 995 1366 1036 δὲ
1394 996 1461 1037 καὶ
1490 996 1532 1037 ἐκ
1558 1000 1636 1036 τῶν

182 1057 253 1093 τοῦ
283 1049 455 1104 σώματος
483 1050 668 1121 ἀρετῶν,
691 1052 758 1093 καὶ
782 1050 918 1104 τύχης·
943 1049 994 1104 μὴ
1027 1050 1167 1100 α’νοσος
1193 1050 1264 1107 γὰρ
1295 1050 1372 1101 ὠν,
1408 1051 1504 1104 μηδὲ
1536 1053 1637 1104 ἰσχυ-

183 1106 273 1177 ρὸς,
305 1106 376 1148 οὐκ
405 1108 507 1148 ἔσται
534 1105 717 1160 ἀπαθὴς,
746 1105 833 1148 οὐδ’
867 1105 1035 1157 ἄλυπος,
1066 1109 1131 1148 καὶ
1159 1106 1434 1162 πολυχρόνιος,
1473 1105 1554 1148 οὔτ’
1588 1105 1637 1147 ἂν

183 1161 345 1216 εὐτυχὴς
375 1164 603 1215 διαμείνειεν
633 1161 692 1203 ἄν.
752 1164 898 1212 Quibus
939 1179 985 1202 ex
1014 1165 1140 1202 verbis
1170 1178 1276 1214 quam
1311 1164 1530 1202 sententiam
1560 1164 1638 1202 effi-

184 1222 280 1271 ciat,
310 1234 357 1258 ex
385 1221 501 1272 ipsius
532 1221 835 1258 commentario
827 1217 914 1286 βξ)
929 1221 1092 1270 perspici
1126 1228 1263 1270 potest.
1323 1219 1409 1270 Ego
1438 1227 1561 1257 autem
1585 1221 1636 1257 ita

183 1275 385 1327 legendum
422 1288 584 1314 censeo:
622 1272 674 1327 μὴ
704 1272 845 1322 ἄνοσος
871 1271 943 1328 γὰρ
975 1272 1051 1323 ὠν,
1092 1273 1188 1342 μηδὲ
1217 1271 1391 1340 ἰσχυρὸς,
1432 1271 1504 1314 οὐκ
1533 1274 1636 1314 ἐσται

184 1328 367 1382 ἀπαθὴς,
417 1327 505 1370 οὐδ’
551 1327 698 1377 ἄλυπος
732 1329 797 1379 χιαὶ
836 1327 1087 1398 nokvzoo'v'iog
1122 1327 1215 1370 α’νευ
1253 1328 1368 1382 τύχης
1410 1330 1638 1382 διαμείνειεν

185 1384 360 1438 ἄνῇἢὲἣ.
419 1385 513 1424 Cum
551 1387 648 1423 enim
688 1385 869 1430 dixisset,
908 1386 954 1423 ad
993 1383 1175 1439 εὐγηοίαν
1204 1398 1430 1424 concurrere
1460 1393 1637 1437 oportere

187 1457 270 1481 cum
299 1443 495 1493 corporis,
536 1448 610 1478 tum
644 1442 814 1479 fortunae
844 1441 964 1478 bona:
1003 1455 1174 1479 caussam
1207 1443 1327 1479 statim
1358 1441 1527 1488 addidit,
1569 1454 1637 1479 cur

185 1506 343 1548 utraque
376 1497 591 1534 necessaria
625 1503 766 1535 essent.
826 1496 923 1534 Nam
956 1504 995 1534 et
1024 1498 1096 1534 nisi
1127 1497 1188 1547 qui
1218 1510 1397 1548 prospera
1422 1504 1546 1534 utatur
1571 1510 1636 1534 va-

185 1552 351 1592 letudine
380 1553 614 1603 integrisque
646 1552 694 1589 sit
724 1552 892 1601 corporis
921 1551 1089 1597 viribus,
1122 1553 1154 1589 is
1185 1559 1223 1588 ut
1253 1548 1414 1603 ἀπαθὴς
1442 1552 1512 1598 sit,
1554 1552 1637 1589 fieri

189 1621 344 1660 prorsus
375 1621 448 1645 non
478 1614 626 1658 potest:
671 1614 708 1644 et
738 1607 797 1644 eui
830 1619 959 1657 parum
989 1609 1107 1644 amica
1139 1606 1289 1644 fortuna
1319 1608 1390 1652 sit,
1424 1619 1544 1658 neque
1573 1620 1639 1644 va-

190 1677 277 1703 care
314 1663 493 1701 molestiis
529 1663 691 1714 poterit,
735 1674 855 1712 neque
894 1661 956 1699 diu
993 1663 1134 1701 vivere.
1197 1661 1319 1700 Multa
1353 1662 1451 1700 enim
1484 1663 1637 1700 fortuito

189 1720 302 1758 obiici
333 1725 507 1770 possunt,
543 1731 636 1769 quae
666 1718 799 1768 partim
829 1730 981 1768 magnas
1012 1724 1049 1755 et
1077 1731 1212 1768 giaves
1241 1718 1432 1756 molestias
1462 1718 1634 1763 afferant,

186 1776 319 1843 partim
350 1775 459 1812 etiam
490 1773 589 1811 vitae
619 1774 776 1822 spatium
804 1774 1041 1811 contrahant.
1102 1774 1186 1811 Hoc
1216 1781 1272 1810 est
1302 1774 1417 1824 igitur
1447 1773 1543 1831 quod
1566 1774 1634 1819 ait,

187 1828 281 1870 ἄνευ
327 1826 442 1880 τύχης
486 1825 573 1868 οὔτε
619 1826 793 1876 ἄλυπον,
846 1825 934 1868 οὔτε
969 1825 1220 1881 πολυχρόνιον
1255 1827 1445 1880 διαμένειν
1480 1825 1564 1868 οἱόν
1599 1842 1638 1867 τε

185 1882 294 1926 εἶναι.
367 1884 514 1923 Eodem
560 1897 676 1935 prope
727 1883 834 1921 modo
882 1885 1031 1922 memini
1077 1891 1286 1922 correctum
1335 1885 1423 1922 olim
1465 1897 1550 1922 esse
1590 1884 1637 1922 ab

185 1942 242 1980 Io.
277 1940 448 1987 Aurato,
512 1941 661 1978 homine
706 1938 922 1977 doctissimo
962 1940 1137 1990 mihique
1173 1940 1427 1987 amicissimo,
1488 1952 1637 1978 versum

187 1996 368 2048 quendam
397 1995 620 2034 Callimachi
653 2009 701 2033 ex
730 1995 868 2047 hymno
900 1996 938 2033 in
961 1995 1175 2046 Apollinem
1193 1995 1258 2049 †).
1312 1995 1387 2043 Qui
1417 2008 1499 2034 cum
1527 1995 1638 2046 vulgo

185 2053 239 2090 ita
269 2052 435 2102 legatur:

302 2125 400 2168 Οὐδ’
437 2143 457 2167 ο
462 2143 600 2194 χορος
627 2143 695 2167 τον
725 2128 872 2178 Φοῖβον
904 2124 967 2177 ἐφ’
995 2127 1042 2166 ὲν
1071 2124 1191 2177 μόνον
1219 2143 1322 2179 ημοιρ
1352 2124 1481 2167 ἇείσει.

283 2181 399 2223 ’Ἐστι
428 2199 500 2237 γαρ
534 2180 699 2234 εὔυμνόζ·
726 2198 792 2229 τις.
832 2179 880 2221 (ἓν
909 2179 999 2234 οὔρε
984 2198 1026 2220 α
1054 2183 1201 2233 Φοῖβον
1231 2180 1359 2222 ἀείδει.

188 2261 371 2314 legendus
407 2268 489 2307 est,
529 2267 568 2298 ut
606 2261 664 2306 is,
708 2272 815 2311 quem
841 2257 948 2296 modo
979 2258 1082 2306 dixi,
1122 2260 1178 2298 vir
1208 2258 1486 2298 eruditissimus
1510 2258 1638 2298 admo-

189 2320 295 2365 nuit,
327 2318 397 2355 hoe
429 2315 560 2354 modo:

290 2391 403 2434 ’Ἐστι
431 2390 503 2448 γὰρ
533 2389 707 2444 εὔυμνος.
748 2391 806 2439 τίς
835 2387 885 2431 ἄν’
912 2389 960 2431 οὐ
989 2390 1057 2445 ῥέα
1088 2392 1235 2444 Φοῖβον
1264 2388 1408 2442 ἀείδοις

189 2475 276 2513 Hoc
313 2473 411 2511 enim
450 2470 538 2509 dicit
576 2473 705 2522 poeta,
747 2470 932 2508 neminem
974 2483 1058 2508 esse
1096 2483 1213 2522 usque
1244 2483 1289 2508 eo
1318 2468 1448 2508 rudem
1478 2476 1516 2507 et
1543 2467 1640 2507 indi-

190 2537 354 2575 sertum,
403 2528 462 2566 cui
503 2540 576 2564 non
625 2525 840 2564 facillimum
877 2526 925 2564 sit
961 2525 1114 2564 laudare
1148 2525 1378 2577 Apollinem.
1447 2525 1548 2565 Nam
1586 2525 1638 2563 ita

265 2643 310 2679 κε)
330 2643 385 2672 lib.
405 2644 429 2672 Ι.
449 2648 520 2677 cap.
540 2641 571 2669 5.
592 2640 633 2669 ad
653 2640 705 2670 fin.
724 2647 852 2670 versus,

265 2694 312 2707 ‘‘‘‘‘
279 2691 333 2754 Ἃ)
354 2698 425 2727 pag.
445 2690 496 2719 89.
519 2689 592 2718 ima.

300 2739 359 2776 εόῑε)
379 2738 559 2768 Vid.Mur.
592 2737 1050 2785 Opp.'1'0n1.111.pag.639.
1097 2736 1216 2767 Mureti
1242 2736 1495 2766 emendationem
1523 2736 1638 2770 probat

188 2782 329 2811 vaterus
350 2780 593 2810 Animadverss.
616 2779 648 2807 in
668 2780 803 2809 Aristot.
824 2787 896 2815 pag.
914 2782 965 2809 37.
997 2782 1166 2810 Bekkerus
1188 2782 1292 2811 dedit:
1318 2774 1401 2809 οὐδ’
1421 2771 1556 2813 ἄλυπος
1575 2775 1638 2808 καὶ

189 2816 456 2863 πολυχρόνιος,
484 2814 555 2852 οὔτ’
584 2814 671 2852 ἄνευ
696 2815 803 2862 τύχης
826 2818 1053 2863 διαμείνειεν
1078 2817 1138 2852 ἄν.

265 2874 310 2914 ³5)
333 2882 362 2904 V.
382 2875 424 2904 30
442 2882 491 2910 sq.
530 2875 619 2903 Haec
639 2873 758 2904 Aurati
779 2874 960 2904 emendatio
982 2877 1110 2910 recepta
1132 2878 1181 2905 est
1200 2875 1241 2904 ab
1261 2874 1447 2905 editoribus
