1726 3106
569 134 669 174 LIB.
703 134 771 176 vl.
832 135 950 176 CAP.
980 137 1012 177 Ι,
1432 136 1511 179 117

78 252 220 284 tenent.
281 244 339 284 Illi
368 245 464 282 enim
493 252 641 282 sumunt
668 242 710 285 τὸ
740 241 935 291 καθόλου,
964 254 1134 298 tanquam
1165 253 1288 285 notum
1314 252 1352 284 et
1380 246 1508 296 explo-

78 308 198 338 ratum
227 301 295 346 iis,
333 299 548 350 quibuscum
583 300 696 338 verba
726 300 886 338 faciunt:
929 300 967 338 hi
996 314 1017 340 e
1046 302 1202 352 singulis
1230 301 1369 346 rebus,
1414 313 1510 350 quae

77 362 189 393 notae
221 356 294 393 sint
324 355 387 400 ei,
415 367 571 404 quocum
600 354 807 406 disputant,
845 354 1001 406 probant
1028 354 1070 396 τὸ
1102 353 1289 396 καθόλου.
1345 354 1507 392 Eadem-

78 423 149 461 que
177 409 273 461 apud
303 409 474 446 rhetoras
501 410 750 460 exemplorum
778 416 817 447 et
843 410 1151 461 enthymematum
1175 412 1269 449 ratio
1289 418 1359 449 est.
1419 409 1506 447 Duo

76 471 162 502 sunt
195 471 315 502 autem
354 477 493 514 genera
534 465 826 515 praenotionum.
892 465 988 502 Nam
1033 473 1070 504 et
1107 479 1199 517 quae
1241 467 1290 504 sit
1326 466 1505 516 cuiusque

75 518 246 566 vocabuli
279 518 360 566 vis,
396 522 674 570 praecognitum
711 531 796 557 esse
834 527 1004 570 oportet,
1050 528 1243 572 antequam
1274 519 1430 558 accedas
1460 519 1507 557 ad

74 573 186 612 uliam
217 573 465 613 διδασκαλίαν
494 570 757 626 διανοητικήν,
793 580 830 611 et
858 587 951 624 quae
983 583 1167 626 ponuntur
1198 577 1235 613 in
1266 573 1503 626 disputando,

73 635 113 666 ut
145 641 190 666 ea
219 641 305 667 esse
335 639 698 679 praecognoscatur,
738 641 894 667 necesse
925 637 997 668 est.
1057 630 1164 668 Duae
1204 631 1319 680 igitur
1346 643 1505 680 praeno-

73 684 220 722 tiones:
263 683 299 722 τί
328 683 403 722 ἐστι
431 681 472 723 τὸ
502 682 724 737 λεγόμενον,
758 683 822 723 καὶ
853 682 912 723 ὅτι
940 684 1038 724 ἐστί.·
1075 699 1226 736 quarum
1265 686 1347 722 aliis
1376 685 1412 721 in
1444 697 1505 721 re-

70 738 140 776 bus
170 738 287 776 altera
314 745 453 776 tantum
485 741 699 777 necessaria
729 746 808 784 est,
850 740 887 777 in
917 741 998 777 aliis
1025 748 1192 791 utraque.
1251 739 1327 777 Iam
1358 746 1505 789 poterat

73 806 121 831 ex
154 794 225 839 iis,
269 806 362 844 quae
402 793 499 831 dicta
540 802 645 842 sunt,
685 794 864 832 dubitatio
900 795 1077 846 quaedam
1114 795 1270 833 exoriri.
1331 793 1372 831 Si
1406 795 1503 832 enim

72 848 218 886 discere
253 855 312 886 est
341 850 591 898 cognitionem
622 850 775 887 alicuius
806 850 861 887 rei
890 851 1064 901 assequi,
1103 849 1284 902 quomodo
1313 849 1394 886 fieri
1423 856 1503 900 pot-

72 911 149 950 est,
182 911 221 941 ut
251 917 271 941 e
298 904 539 954 praecedenti
570 906 782 955 cognitione
811 905 872 941 siat
899 902 1100 956 μάθησιςΡ
1142 905 1228 956 quid
1258 911 1377 942 autem
1410 917 1502 955 opus

71 966 130 996 est
159 958 284 997 doceri
312 958 372 1004 id,
412 958 508 1010 quod
546 961 617 996 iam
649 967 756 997 antea
785 960 1056 1009 praenoveris?
1093 960 1153 998 Ad
1183 960 1276 997 hanc
1306 958 1504 996 dubitatio-

70 1026 154 1051 nem
195 1013 425 1051 eximendam
463 1016 515 1051 ait
551 1012 860 1062 Aristotelesssffi
902 1012 1010 1054 Ἐστὶ
1048 1013 1088 1053 δὲ
1119 1014 1328 1068 γνωρίζειν,
1362 1010 1407 1052 τὰ
1436 1011 1504 1064 μὲν

69 1065 254 1119 πρότερον
279 1069 526 1120 γνωρίζοντα,
557 1065 603 1107 τὰ
631 1068 671 1107 δὲ
698 1068 763 1107 καὶ
791 1067 869 1120 ἅμα
895 1067 1134 1121 λαμβάνοντα
1163 1067 1232 1121 τὴν
1258 1072 1408 1122 γνῶσιν.
1459 1068 1502 1106 Id

71 1131 152 1160 est:
193 1123 298 1160 Fieri
337 1131 456 1160 autem
494 1131 640 1174 potest,
682 1131 722 1161 ut
760 1124 890 1174 aliquis
917 1125 1091 1177 γνωρίζοι
1128 1124 1192 1170 id,
1234 1124 1330 1174 quod
1371 1124 1502 1174 partim

68 1179 172 1229 prius
203 1174 399 1229 ἐγνώρισε,
436 1180 569 1228 partim
607 1180 687 1216 eius
719 1192 763 1216 eo
793 1179 873 1229 ipso
904 1187 1069 1230 tempore
1100 1177 1283 1230 λαμβάνει
1311 1175 1380 1228 τὴν
1408 1181 1504 1230 γνῶ-

67 1243 139 1272 σιν.
197 1232 284 1270 Scio
315 1240 463 1278 autem,
506 1233 598 1271 haec
628 1234 742 1271 verba
770 1234 878 1283 longe
906 1235 1016 1271 aliter
1046 1235 1091 1271 ab
1119 1234 1287 1271 omnihus
1317 1235 1504 1283 interpre-

64 1289 164 1326 tibus
191 1288 324 1338 accipi.
385 1287 550 1334 Quorum
584 1289 615 1325 si
645 1289 866 1326 sententiam
894 1289 1108 1339 probarem,
1141 1302 1273 1327 caussa
1301 1302 1372 1325 non
1404 1296 1499 1333 erat„

67 1356 135 1381 cur
172 1343 229 1380 his
269 1342 314 1380 de
352 1343 464 1380 rebus
502 1344 653 1382 verbum
698 1344 877 1381 facerem.
944 1343 1080 1389 Nunc,
1137 1351 1240 1382 recte
1282 1357 1328 1381 an
1367 1344 1501 1389 minus,

66 1399 131 1436 alii
159 1397 344 1436 viderint:
376 1405 478 1436 certe
508 1398 654 1450 quidem
686 1399 731 1435 ab
758 1399 813 1436 cis
845 1405 939 1444 toto,
970 1406 1009 1436 ut
1031 1396 1272 1450 dieiturssssss'f),
1301 1399 1406 1436 caelo
1430 1398 1505 1435 dis-

68 1454 206 1491 sentio.
271 1449 327 1491 T&
356 1451 423 1504 μὲν
452 1460 490 1491 et
514 1451 561 1493 τὰ
590 1452 631 1492 δὲ
644 1451 745 1505 *sk-3¹⁶)
776 1454 945 1504 accipio,
976 1461 1016 1491 ut
1050 1455 1086 1491 in
1116 1455 1177 1492 illo
1208 1467 1228 1491 e
1260 1453 1353 1492 libro
1384 1454 1501 1503 primo

67 1508 113 1547 de
142 1508 237 1546 Arte
272 1507 509 1560 dicendi†):
555 1505 611 1547 T&
647 1506 714 1559 μὲν
747 1505 798 1547 δι’
830 1506 1102 1557 ἀπαιδευσίαν,
1141 1506 1188 1548 τὰ
1216 1507 1257 1548 δὲ
1285 1505 1338 1548 δι’
1372 1506 1502 1556 ἀλαζο-

66 1563 186 1611 νείαν,
216 1559 261 1602 τὰ
289 1560 330 1601 δὲ
359 1561 426 1602 καὶ
454 1560 506 1601 δι’
540 1560 656 1609 ἄλλοις
684 1563 808 1610 αἰτίας
836 1561 1098 1615 ἆνθρωπικας.
1155 1564 1214 1602 Ac
1242 1564 1407 1615 quamvis
1437 1578 1502 1614 po-

64 1619 227 1657 steriore
258 1618 341 1655 loco
374 1618 485 1667 vulgo
513 1618 651 1668 legitur
678 1621 753 1656 τῶν
781 1617 844 1667 δὲ,
879 1627 1000 1656 tamen
1031 1621 1067 1657 in
1099 1619 1314 1669 quibusdam
1344 1620 1500 1657 vetustis

63 1674 170 1712 libris
200 1686 306 1719 eam,
341 1686 448 1724 quam
478 1673 548 1723 ipsi
577 1673 792 1720 afferimus,
824 1675 1044 1724 scripturam
1075 1675 1217 1721 fuisse,
1250 1675 1309 1712 vel
1335 1673 1380 1712 de
1410 1673 1501 1711 Phi-

62 1730 198 1780 lopono
229 1728 406 1778 cognosci
435 1735 571 1778 potest.
631 1727 767 1779 Neque
799 1741 871 1766 non
901 1729 1075 1767 libentius
1102 1743 1169 1779 pro
1196 1728 1425 1782 γνωρίζοντα
1447 1729 1501 1766 le-

63 1797 193 1836 gerem
219 1784 464 1837 γνωρίσαντα.
521 1781 597 1820 Sed
629 1790 750 1820 tamen
779 1783 872 1820 nihil
900 1785 1032 1822 refert.
1091 1784 1178 1822 Non
1210 1791 1266 1822 est
1293 1785 1408 1834 igitur
1437 1784 1502 1821 ab·

64 1838 241 1886 surdum,
281 1840 393 1876 etiam
434 1839 465 1875 si
495 1839 576 1888 quis
607 1837 751 1875 dicatur
781 1837 929 1876 discere
959 1838 1018 1885 id,
1060 1839 1156 1889 quod
1188 1846 1296 1877 antea
1326 1838 1502 1890 quodam·

62 1893 172 1934 modo
202 1894 360 1932 sciebat.
421 1891 498 1930 Sed
530 1893 560 1929 si
586 1892 773 1932 diceretur
802 1893 932 1932 eodem
964 1893 1071 1931 modo
1102 1893 1263 1940 discere,
1296 1907 1366 1945 quo
1392 1902 1502 1932 antea

63 1950 255 1989 sciverat:
285 1948 324 1986 id
353 1946 497 1986 demum
527 1947 726 1986 absurdum
756 1956 873 1986 esset.
936 1949 1045 1996 Quod
1076 1948 1304 1987 Aristoteles
1334 1950 1413 2000 ipse
1444 1949 1502 1986 his

64 2004 191 2046 verbis
215 2004 388 2055 exprimit
393 2018 411 2058 j
432 1999 600 2042 ’Ἄτοπον
621 2000 715 2055 γὰρ,
746 2000 817 2042 οὐκ
847 2003 881 2043 εἰ
908 2000 930 2043 ὃ
958 1999 1037 2043 οἶδε’
1063 2019 1144 2050 πως
1171 2000 1383 2054 μανθάνει,
1413 2000 1497 2044 ἀλλ’

64 2061 102 2101 εἰ
128 2056 219 2099 aidi·
262 2055 345 2098 οἷον
384 2059 410 2113 ᾖ
438 2056 648 2109 μανθάνει,
683 2057 749 2097 καὶ
778 2056 841 2104 ὥς.
899 2059 954 2096 lta
994 2060 1090 2096 enim
1120 2058 1278 2110 legenda
1307 2060 1372 2097 illa
1399 2066 1498 2105 sunt,

66 2130 157 2162 non,
189 2121 228 2152 ut
255 2114 365 2164 vulgo
394 2114 566 2164 leguntur
579 2112 673 2165 ††)
733 2111 850 2163 quue
878 2114 989 2151 etiam
1019 2114 1064 2152 de
1094 2114 1155 2151 illa
1183 2114 1266 2152 rudi
1288 2122 1325 2152 et
1346 2115 1498 2160 inculta,

67 2170 134 2210 sed
173 2169 273 2208 fideli
309 2175 436 2207 vetere
470 2167 792 2220 tralatione†††)
819 2169 1072 2219 cognoscitur.
1131 2168 1279 2207 Etenim
1313 2170 1392 2207 fieri
1419 2177 1501 2220 pot-

65 2233 145 2273 est,
185 2232 227 2263 ut
264 2224 345 2276 quis
370 2224 545 2261 universe
571 2223 686 2268 sciat,
732 2224 854 2260 omnia
885 2223 1021 2274 frigida
1052 2224 1190 2262 habere
1219 2225 1288 2262 vim
1319 2224 1364 2262 ad
1393 2225 1499 2262 indu-

64 2280 222 2320 cendum
260 2292 452 2324 somnum,
496 2279 558 2329 qui
595 2285 714 2316 tamen
745 2291 907 2329 papaver
935 2286 997 2318 aut
1027 2280 1206 2317 lactucam
1237 2281 1316 2317 eius
1343 2281 1497 2330 generis

63 2349 150 2375 esse
187 2335 344 2374 nesciat.
403 2334 441 2371 ls
467 2346 550 2372 cum
581 2332 627 2372 de
657 2345 785 2371 eorum
812 2334 990 2372 alterutro
1017 2333 1114 2373 idem
1140 2334 1336 2389 γνωρίσει,
1378 2335 1499 2373 discet

138 2443 186 2479 ιε)
210 2440 381 2472 Bekkerus
407 2441 548 2475 scripsit:
581 2436 655 2470 ἔστι
684 2436 726 2471 δὲ
757 2439 943 2483 γνωρίζειν
971 2435 1014 2471 τά
1046 2438 1119 2484 μὲν
1151 2438 1332 2487 πρότερον
1362 2442 1498 2485 γνωρί-

67 2484 191 2524 ζοντα,
213 2480 287 2514 τῶν
309 2479 350 2513 δὲ
374 2480 435 2513 καὶ
459 2479 536 2524 ἅμα
559 2480 794 2527 λαμβάνοντα
818 2483 883 2525 τήν
906 2485 1056 2528 γνῶσιν.

139 2536 209 2571 εἰπε]
229 2535 367 2564 Macrob.
388 2535 516 2564 Satura.
537 2536 590 2566 lib.
611 2539 665 2567 ΙΙΙ.
686 2545 753 2573 cap.
776 2539 826 2568 12,
845 2539 928 2575 toto,
951 2539 984 2567 ut
1003 2540 1106 2576 aiunt,
1128 2540 1213 2569 coelo
1233 2546 1366 2570 errasse.

138 2582 233 2618 *ez-³:³23)
252 2582 335 2612 Vide
353 2583 498 2612 Lambini
519 2585 686 2620 epistolam
706 2587 727 2616 1.
748 2593 774 2616 c.
795 2593 868 2622 pag.
887 2586 958 2616 399.
998 2588 1037 2617 D.
1057 2588 1096 2617 R.

139 2631 187 2670 ᾧ)
208 2637 274 2666 cap.
296 2630 324 2658 2.
346 2638 408 2659 non
428 2633 520 2667 longe
539 2640 559 2662 a
579 2633 676 2668 princ.

141 2684 214 2724 ††]
230 2685 284 2713 Al.
304 2677 369 2728 οὐξι
393 2675 530 2714 ἶίτοπον
550 2680 634 2727 γὰρ,
661 2681 692 2715 εἰ
715 2680 794 2716 οἶδε’
813 2693 889 2721 πως
914 2678 933 2715 ὃ
953 2680 1157 2728 μανθάνει,
1181 2681 1256 2716 ἀλλ’
1283 2684 1315 2718 εἴ
1339 2694 1398 2722 cet.
1435 2695 1499 2724 Sed

64 2728 135 2754 cum
153 2724 278 2753 mureto
298 2722 373 2752 facit
392 2724 571 2755 Bekkerus.

143 2769 244 2809 ††·i·)
272 2771 318 2800 Cf.
348 2770 429 2802 infra
454 2779 524 2807 cap.
551 2773 580 2802 9.
606 2774 692 2802 vetus
710 2774 838 2803 Latinus
865 2775 1030 2808 interpres.
1069 2776 1149 2804 XIV.
1178 2775 1338 2804 4.XV111.
1358 2779 1387 2806 5.
1427 2780 1497 2810 vid.

65 2808 247 2852 Sclmeider.
267 2808 406 2838 Praefat.
434 2811 474 2837 ad
491 2810 598 2852 satist.
626 2811 708 2853 ⁸Hist.
731 2811 835 2841 Anim.
856 2812 1006 2846 Epimetr.
1034 2813 1086 2840 IV.
1113 2819 1181 2848 pag.
1204 2813 1330 2844 CXXVI
1350 2823 1397 2853 sq.
1419 2819 1498 2850 Zeu.

70 2849 162 2877 notit.
184 2846 276 2877 codd.
294 2848 355 2876 cet.
376 2847 416 2876 ad
438 2850 539 2877 Arist.
561 2850 662 2878 Ethic.
684 2850 771 2878 Toni.
791 2852 816 2879 1.
839 2855 910 2885 pag.
932 2850 981 2879 25.
1021 2851 1133 2879 Fas-1.

1530 1567 1590 1596 123
