1726 3106
212 170 291 205 XlV

212 270 336 312 dendo
358 270 575 320 urbanitas,
596 270 635 312 in
659 271 852 313 narrando
873 279 1078 323 venustas,
1097 272 1261 328 denique
1281 273 1321 314 in
1341 274 1458 315 rebus
1480 273 1651 316 eiusdem

210 339 359 379 formae
388 338 605 392 repetendis
636 338 830 389 varietas,
873 338 968 380 haec
1007 346 1046 380 et
1079 339 1155 381 alia
1183 340 1256 381 etsi
1296 341 1394 395 apud
1433 341 1539 382 illum
1579 354 1653 383 nos

210 412 289 446 tam
320 404 480 446 mirifice
508 411 668 454 tenent,
713 404 836 446 videri
872 413 1001 448 tamen
1038 405 1191 460 possint
1219 413 1425 461 perpetuae
1452 406 1652 462 scriptioni

210 485 324 526 quam
356 470 671 512 commentationi
701 479 879 514 notarum
909 473 1071 528 aptiora.
1128 470 1274 526 Nempe
1300 472 1358 513 sic
1384 479 1491 528 putet
1519 474 1652 514 forsan

210 537 372 578 nimium
413 543 594 578 assuetus
632 551 823 578 novorum
862 539 1102 592 quorundam
1149 537 1403 593 interpretum
1441 538 1649 581 ieiunitati.

211 602 452 658 Quamquam
493 603 533 644 in
576 617 623 645 eo
665 603 806 645 iudicio
848 618 927 645 1100
966 603 1096 645 omnia
1142 603 1404 659 improbarim.
1473 605 1653 660 Inprimis

211 671 369 711 ubertas
397 669 461 710 illa
491 670 657 720 dicendi,
686 671 726 711 in
757 684 831 725 qua
860 677 1053 711 oratorem
1084 683 1299 724 agnoscas,
1330 670 1496 725 ineptius
1524 677 1654 712 trans-

210 736 288 777 lata
318 735 496 777 videatur
532 736 679 791 pusillis
718 736 1021 791 quaestiunculis
1062 736 1298 787 tractandis,
1340 737 1473 792 quales
1515 738 1653 779 crebro

210 801 479 844 interveniunt
517 803 792 844 commentanti
828 802 868 842 in
906 803 1041 844 critico
1079 816 1237 857 genere.
1296 803 1340 845 10
1378 803 1465 853 1115,
1510 812 1554 845 ut
1589 803 1654 845 ille

211 869 290 917 ait,
331 867 588 910 brevitate
618 876 694 909 est
720 882 866 923 opuS,
910 875 963 909 ut
993 875 1165 909 currat
1201 869 1481 919 sententia,
1519 869 1655 910 viden-

211 938 400 991 dumque,
442 949 492 976 ne
522 949 664 989 magna
703 941 742 975 et
774 933 908 975 tenuia
937 934 1071 975 eodem
1110 934 1199 975 stilo
1228 949 1520 990 persequamur.
1578 935 1655 977 Sed

210 1004 384 1045 imitetur
420 1008 624 1056 sumatque
652 1015 704 1042 ex
735 1001 918 1051 Mureto,
958 1002 1055 1055 quod
1087 1001 1249 1056 quisque
1285 1002 1380 1043 velit
1408 1008 1475 1043 aut
1508 1001 1654 1056 possit:

210 1084 289 1111 una
322 1076 427 1110 certe
454 1068 518 1109 lex
549 1075 609 1110 est
638 1074 676 1109 et
705 1067 896 1122 simplex,
934 1075 971 1108 et
1001 1068 1217 1109 communis
1248 1068 1450 1117 omnibus,
1494 1082 1542 1109 ne
1571 1068 1656 1123 quis

211 1138 258 1179 de
278 1144 454 1178 veterum
482 1134 712 1190 scriptorum
743 1134 952 1175 veneribus
978 1148 1098 1188 agens
1125 1134 1207 1188 ipse
1235 1135 1446 1175 invenuste
1472 1134 1657 1189 halbeque

212 1203 378 1253 scribat3
435 1202 535 1258 quod
573 1200 637 1255 qui
677 1200 793 1248 facit,
845 1214 918 1241 nae
954 1200 989 1241 is
1030 1200 1199 1254 ingenue
1236 1201 1385 1255 prodit,
1438 1215 1490 1242 ex
1530 1202 1655 1251 libris,

212 1284 310 1326 quos
335 1276 553 1311 ceterorum
577 1267 714 1308 studiis
736 1267 994 1316 commendat,
1016 1267 1109 1307 nihil
1134 1280 1193 1313 se,
1225 1268 1324 1320 quod
1349 1267 1475 1308 studio
1499 1268 1655 1322 dignum

212 1337 288 1386 sit,
338 1336 524 1377 traxisse.
591 1333 652 1375 Ne
690 1333 785 1374 haec
822 1333 939 1374 latius
980 1340 1110 1387 serpat
1146 1333 1371 1382 harbaries,
1418 1333 1530 1374 huius
1569 1333 1656 1374 libri

212 1403 369 1445 assidua
393 1402 506 1444 lectio
531 1415 670 1444 cavere
700 1407 839 1456 potest.
890 1399 1060 1451 Quorum
1089 1399 1191 1440 enim
1220 1398 1326 1440 auris
1349 1400 1518 1440 nondum
1543 1399 1658 1454 plane

213 1469 380 1511 occaluit
419 1468 493 1509 alio
533 1482 631 1508 sono
661 1465 882 1508 Latinitatis
924 1465 1137 1514 audiendO,
1179 1478 1274 1515 eos,
1319 1465 1459 1506 mirum
1497 1465 1570 1514 sit,
1616 1464 1657 1506 ni

212 1536 351 1578 blanda
381 1534 548 1589 exempli
576 1534 637 1575 vis
670 1534 717 1575 ad
746 1540 894 1574 rectum
925 1531 1142 1573 deduxerit.

328 1602 510 1643 Ceterum
551 1600 774 1657 typothetae
814 1599 1030 1653 sequendas
1079 1596 1255 1638 commisi
1301 1596 1490 1639 editiones
1531 1596 1659 1652 operis

213 1668 429 1724 principes,
481 1681 579 1722 quae
617 1665 806 1721 singulari
845 1668 1002 1707 fortuna
1042 1664 1083 1705 in
1120 1677 1259 1705 manus
1305 1678 1412 1705 meas
1451 1671 1655 1705 venerant.

213 1735 361 1777 Horum
388 1733 510 1789 prima
535 1740 594 1775 est
615 1733 800 1774 librorum
825 1731 911 1773 V111
941 1731 1131 1786 priorum,
1160 1731 1206 1772 ab
1230 1730 1313 1785 ipso
1338 1737 1471 1771 curata
1500 1736 1659 1771 auctore

211 1801 387 1843 Venetiis
413 1801 533 1841 1559.
565 1799 606 1840 4.
668 1797 814 1849 Quibus
835 1798 1071 1853 Antverpiae
1096 1796 1215 1838 1580.
1239 1796 1280 1837 8.
1315 1796 1487 1851 repetitis
1514 1796 1658 1837 Mureti

210 1868 403 1924 permissu
441 1866 536 1908 Chr.
578 1865 780 1906 Plautinus
817 1864 958 1905 addidit
996 1871 1140 1927 septem
1180 1876 1319 1904 novos.
1389 1863 1487 1904 Mox
1524 1863 1658 1904 eadem

211 1935 363 1976 officina
400 1933 472 1974 hos
509 1932 584 1973 XV
613 1932 732 1972 libros
773 1932 843 1971 sub
883 1931 987 1985 prela
1024 1929 1227 1971 revocavit
1256 1928 1376 1970 1586.
1407 1928 1449 1970 8.
1509 1929 1659 1983 Reliqui

211 2008 379 2057 quatuor
407 2005 494 2054 post
512 1997 653 2039 Mureti
683 2004 846 2038 mortem
879 1997 990 2049 (obiit
1009 1996 1072 2036 ille
1096 1996 1239 2048 1585.)
1263 1996 1309 2035 ab
1330 1995 1452 2036 Andr.
1481 1994 1657 2044 Schotto,

211 2067 277 2122 qui
304 2065 500 2108 Muretina
527 2064 695 2104 nondum
736 2063 836 2103 edita
867 2063 986 2103 Roma
1015 2068 1220 2103 revertens
1250 2061 1290 2101 in
1328 2060 1490 2115 patriam
1525 2075 1658 2116 aspor-

209 2138 383 2179 taverat,
430 2135 636 2172 cesserunt
664 2129 710 2169 ad
738 2129 792 2169 M.
824 2128 1052 2176 Velserum,
1092 2127 1157 2181 qui
1188 2140 1255 2168 eos
1286 2141 1363 2167 una
1394 2141 1481 2168 cum
1517 2126 1659 2168 Obser-

209 2198 409 2241 vationum
448 2198 550 2238 luris
593 2196 690 2237 libro
732 2194 921 2249 singulari
962 2193 1164 2248 Augustae
1205 2193 1393 2234 Vindelic.
1445 2194 1566 2236 1600.
1618 2196 1658 2235 8.

210 2263 438 2318 divulgavit.
500 2263 579 2304 lam
613 2262 741 2303 omnia
781 2261 875 2301 haec
905 2260 1110 2301 coniuncta
1138 2260 1253 2301 Ianus
1286 2260 1478 2301 Gruterus
1514 2261 1660 2315 recepit

208 2330 250 2372 in
288 2328 491 2384 Lampadis
536 2329 688 2369 Artium
728 2327 942 2368 liberalium
988 2341 1022 2368 s.
1067 2326 1259 2368 Thesauri
1309 2325 1432 2367 critici
1468 2325 1659 2367 Volumen

209 2397 423 2438 secundum
448 2409 484 2436 a.
509 2394 631 2436 1604.
687 2395 751 2435 Ex
781 2393 845 2434 illo
874 2400 1062 2448 tempore,
1096 2401 1279 2447 quantum
1312 2393 1488 2447 equidem
1513 2393 1655 2448 reperi,

211 2463 317 2504 nulla
346 2461 550 2504 Variarum
581 2461 810 2502 Lectionum
841 2458 957 2511 editio
988 2473 1165 2501 seorsum
1196 2462 1295 2501 facta
1325 2466 1400 2501 est.

322 2528 450 2581 Quare
488 2541 560 2569 nos
605 2541 684 2568 non
726 2525 970 2575 dubitamus,
1024 2526 1116 2580 quin
1154 2527 1252 2581 apud
1290 2525 1433 2566 multos
1471 2532 1660 2566 renovata

212 2596 308 2637 haec
336 2595 451 2637 editio
475 2594 643 2651 aliquam
673 2592 858 2634 novitatis
882 2592 1045 2647 gratiam
1076 2592 1254 2633 habitura
1279 2591 1344 2632 sit.
1394 2591 1491 2632 Pars
1513 2592 1660 2645 reliqua

213 2678 301 2704 cum
330 2662 506 2705 auctario
533 2659 914 2702 animadversionum
945 2658 1134 2713 proximis
1171 2657 1354 2700 nundinis
1382 2659 1655 2713 subsequetur.

213 2730 336 2771 Scrib.
371 2730 477 2772 Halis
510 2743 562 2770 m.
596 2729 706 2770 Febr.
738 2724 1170 2768 ClDlOCCLXXXXl.
