1726 3106
334 653 417 710 M.
476 652 860 711 ANTONII
913 651 1282 710 MURETI
1565 668 1585 694 ³

540 794 637 834 IN
717 794 1084 833 LIBROS

28 880 33 881 ἢ
92 925 751 999 VARIARUM
823 924 1531 1000 LEchoNUM

442 1135 1175 1198 PRAEFATIO&

762 1255 849 1290 AD

224 1356 825 1397 HIPPOLYTUM
907 1355 1391 1396 ESTENSEM

317 1457 585 1485 CARDINALEM
612 1457 664 1484 Ac
693 1456 923 1484 PRINCIPEM
952 1456 1303 1483 ILLUSTRISSIMUM

122 1564 431 1600 SINGULAREM
454 1566 646 1601 OMNIUM
672 1564 1003 1600 HONESTARUM
1029 1564 1213 1599 ARTIUM
1235 1564 1500 1600 PATRONUM

90 1855 350 1925 flIagrzopere
382 1886 547 1924 peceare
584 1874 678 1911 milei
701 1876 874 1921 viderer,
921 1877 1188 1921 HIPPOLYTE,
1237 1875 1452 1913 Cardinalis
1479 1875 1529 1912 Il-

92 1932 336 1975 lustrissitne,
375 1931 413 1966 si
438 1931 551 1966 otium
582 1930 700 1975 illuct,
737 1932 837 1981 quod
865 1937 904 1968 et
926 1933 1128 1981 plurimum
1166 1937 1206 1968 et
1233 1931 1530 1969 honestissimum

93 1993 158 2024 tua
187 1985 281 2023 milti
307 1985 536 2034 benignitate
564 1986 797 2030 conceditur,
831 1987 907 2023 alia
935 1987 1012 2023 ulla
1042 1999 1085 2023 re
1112 1998 1221 2035 quam
1252 1987 1463 2023 litterarum
1495 1991 1533 2022 et

92 2054 220 2079 earum
260 2040 424 2084 artium,
476 2039 608 2089 quibus
646 2047 683 2077 te
730 2042 932 2090 zustg·2n'ter
971 2041 1160 2078 oblectari
1198 2041 1327 2086 video,
1376 2040 1530 2078 assidua

93 2097 320 2134 tractatione
350 2108 614 2134 consumerem.
672 2096 769 2133 Nam
798 2109 880 2133 cum
909 2109 952 2133 ea
982 2103 1017 2133 te
1038 2097 1242 2146 praecipue
1269 2108 1404 2133 caussa
1434 2108 1534 2132 com-

91 2152 261 2196 moverit,
295 2156 338 2187 ut
359 2151 500 2187 aditum
528 2151 622 2187 milti
647 2151 698 2187 ad
714 2149 1024 2200 fitmiliaritatem
1051 2158 1150 2188 tuam
1177 2152 1276 2188 ultro
1298 2151 1530 2201 patefeci-en·
1562 2160 1582 2188 4

93 2207 178 2244 dum
206 2205 372 2256 putaris,
404 2206 504 2255 quod
524 2206 574 2242 ad
600 2212 636 2243 le
664 2206 708 2242 de
737 2218 817 2243 mea
845 2219 939 2256 erga
968 2208 1053 2243 illas
1082 2207 1298 2243 incredibili
1322 2208 1527 2251 voluntate,

91 2262 182 2299 meis
199 2259 372 2311 fortasse
400 2262 566 2310 seriptis,
599 2267 637 2298 et
661 2262 790 2298 amicis
818 2262 863 2298 de
888 2274 944 2298 me
971 2274 1194 2298 summorum
1226 2261 1411 2298 hominum
1441 2273 1530 2298 con-

93 2318 209 2354 citata
237 2315 467 2352 sermonibus
481 2313 594 2365 sama
616 2323 869 2366 pervenerat.-
907 2318 989 2366 quis
1011 2329 1067 2353 me
1081 2316 1285 2367 serendum
1299 2322 1424 2367 putet,
1457 2316 1536 2352 nisi

94 2384 203 2422 quam
242 2371 288 2408 a'e
324 2383 378 2407 me
408 2372 614 2419 opinionem
651 2372 842 2420 incognito
874 2373 996 2409 acllzuc
1025 2378 1061 2408 et
1097 2372 1249 2409 absente
1288 2383 1529 2421 conceperas,

95 2439 175 2463 eam
198 2438 381 2476 praesens
412 2426 489 2475 ipse
519 2426 621 2463 omni
653 2427 777 2463 studio
815 2428 985 2477 omnique
1015 2428 1187 2476 corporis
1224 2433 1263 2464 et
1292 2428 1410 2464 animi
1444 2438 1532 2462 con-

96 2483 256 2519 tentione
277 2480 520 2530 confirmem?
574 2483 633 2519 lca
656 2481 910 2532 igiturfaeio.
973 2483 1137 2530 Quarum
1162 2483 1299 2519 artium
1325 2482 1533 2531 singularis

91 2536 334 2587 pulchritudo
368 2542 522 2573 mentem
558 2549 700 2582 meam,
743 2549 858 2587 usque
890 2549 913 2574 a
936 2549 1081 2586 puero,
1123 2537 1343 2574 admirabili
1374 2536 1532 2586 quodam

94 2592 158 2628 sui
188 2591 370 2628 desiderio
409 2590 649 2636 incenderat,
706 2604 770 2628 eas
807 2604 906 2629 nune
943 2592 1087 2628 demum
1127 2591 1304 2641 beneficio
1346 2598 1408 2629 tuo
1449 2591 1534 2629 ale'ets

97 2645 264 2684 omnibus
293 2646 396 2683 curis
425 2647 569 2683 solutus
604 2658 741 2696 magno
770 2653 809 2685 ct
836 2648 965 2685 alacri
997 2648 1119 2684 animo
1140 2658 1376 2697 persequor.-
1417 2658 1534 2696 neque

172 2809 214 2844 21³]
244 2810 332 2844 Quae
352 2809 470 2843 legitur
499 2809 596 2839 etiam
623 2809 656 2839 in
683 2810 764 2840 libro
785 2812 856 2842 Vol.
877 2812 915 2842 11.
937 2818 1010 2848 pag.
1033 2812 1059 2841 1.
1088 2812 1279 2841 memorato:
1312 2811 1417 2839 Trium
1435 2810 1538 2838 diser-

98 2848 283 2878 tissimorum
303 2850 361 2878 etc.
383 2854 455 2884 pag.
475 2848 622 2879 58—64.
662 2851 718 2878 Fu.
1192 2885 1213 2927 1
1230 2885 1256 2911 ᾗ
