1726 3106
165 113 221 156 44
730 112 860 154 VAR.
890 112 1046 155 LECT.

332 225 496 265 Fervida
524 225 563 262 si
585 223 692 262 nobis
720 224 861 270 eorda,
893 223 1165 277 abruptumque
1191 231 1391 276 putassent

330 282 527 330 Ingenium
553 286 707 329 patres,
739 285 778 316 et·
803 280 841 316 si
865 279 1115 326 clamoribus,
1145 283 1280 331 inquit,

337 335 506 374 Tur-bari
518 334 679 385 facilem
709 341 862 372 mentem
879 351 891 372 .-
919 348 992 372 non
1022 336 1153 373 ultima
1183 349 1328 383 rerum,

330 391 385 429 Ec
410 391 601 440 deplorati
623 390 866 428 mandassent
892 391 1033 428 Martis
1062 390 1244 429 habenas.

169 468 307 507 Cicero
347 479 491 518 quoque
531 467 568 503 in
598 478 643 503 ca
674 467 872 512 oratione,
914 480 983 517 qua
1024 465 1071 506 C.
1104 467 1299 505 Rabirium
1342 464 1609 518 perduellionis

170 537 274 562 reum
307 523 470 573 protexit
498 528 536 558 et
567 522 729 571 eripuit,
761 535 841 559 cum
874 521 1044 573 quiddam
1076 524 1183 572 paulo
1215 521 1462 561 conlidentius
1492 521 1608 560 dixis-

167 586 227 616 set
265 578 477 628 clamorque
515 577 744 614 concionalis
782 584 931 615 secutus
970 584 1095 615 esset:
1145 579 1257 617 Nihil
1291 592 1372 624 me,
1411 577 1607 629 inquit*),

167 636 312 672 elamor
347 635 417 671 iste
446 638 669 677 commouet,-
707 633 776 670 sed
795 634 1035 679 consolatur,
1076 646 1157 670 eum
1186 635 1353 678 indicat,
1393 646 1472 670 esse
1501 646 1610 683 quos-

167 691 252 727 dam
280 690 376 726 cives
404 689 596 738 imperitos
613 714 625 732 ‚
656 689 724 725 sed
750 701 823 725 non
853 689 1002 726 multos.
1063 690 1283 739 Nunquam,
1323 688 1417 726 milti
1444 689 1604 733 credite,

159 745 323 796 populus
356 746 400 782 13.
434 744 519 787 lzic,
561 744 622 780 hie
655 744 723 793 qui
751 744 856 788 silet,
900 743 1090 781 consulem
1126 756 1182 782 me
1206 742 1382 793 fecisset,
1423 745 1462 782 si
1484 749 1608 782 vestro

166 801 331 839 clamore
352 798 618 850 perturbatum
648 799 703 835 iri
726 798 1002 836 arbitraretur.

101 938 144 968 48
666 922 955 962 CAPUT
1011 922 1108 963 XV.

167 1006 361 1057 Quodnam
399 1005 451 1041 sit
475 1002 627 1040 verbum
654 1002 749 1040 illuct
779 1004 989 1047 Graecum,
1032 1014 1103 1052 quo
1132 1012 1219 1038 usos
1246 1013 1326 1038 esse
1350 999 1607 1038 Athenienses

356 1060 394 1098 in
423 1059 625 1096 discordiis
655 1057 833 1095 sedandis
863 1058 919 1095 uit
952 1058 1084 1095 Cicero
1114 1057 1151 1094 in
1179 1056 1410 1106 Philippicis.

162 1141 365 1198 VERBUM
403 1157 612 1201 Graecum,
650 1169 721 1207 quo
767 1157 804 1193 in
843 1154 1018 1193 sedandis
1056 1154 1255 1193 discordiis
1296 1155 1349 1192 ait
1381 1149 1605 1206 Cicerossssff‘)

99 1221 103 1225 “
162 1230 268 1256 usam
304 1227 390 1253 esse
420 1212 707 1251 Atheniensium
748 1213 959 1258 civitatem,
1002 1225 1074 1249 non
1106 1218 1191 1256 est,
1234 1216 1272 1247 ut
1300 1210 1455 1260 opinor,
1492 1206 1608 1260 ἄμνη-

164 1273 249 1313 στία
266 1268 389 1320 *ffssfi
417 1281 622 1319 quanquam
653 1267 699 1304 ab
728 1268 915 1313 omnibus,
953 1267 1014 1318 qui
1051 1280 1133 1304 eum
1164 1267 1282 1303 locum
1310 1266 1528 1314 attigerunt,
1560 1265 1610 1302 iia

165 1341 252 1367 esse
274 1325 460 1363 immistum
492 1325 585 1362 scio.
645 1322 781 1374 Neque
814 1335 872 1360 me
901 1329 1047 1367 movet,
1086 1321 1183 1372 quod
1210 1320 1433 1358 Plutarchus
1461 1319 1502 1359 ἐν
1530 1323 1610 1366 τοῖς

163 1385 374 1427 πολιτικοῖς
412 1377 695 1432 παραγγέλμασι
710 1377 761 1430 †)
804 1379 934 1415 scitum
976 1376 1065 1415 illud
1094 1384 1202 1414 vocnt
1228 1372 1270 1415 τὸ
1299 1379 1368 1426 τῆς
1398 1372 1609 1426 ἀμνηστίας

162 1436 370 1490 ψήφισμα,
411 1433 580 1486 quodque
620 1434 682 1471 alii
722 1434 926 1484 scriptores
963 1433 1088 1470 Latini
1131 1431 1227 1469 idem
1269 1429 1603 1482 confirmanti-vs).

161 1495 299 1546 Neque
332 1491 428 1529 enim
457 1502 553 1540 nego
584 1490 635 1526 ita
667 1501 747 1526 eam
780 1489 903 1538 legem
931 1495 1063 1539 postea
1092 1494 1256 1525 vocatam
1289 1498 1389 1524 esse.
1447 1484 1501 1523 At
1524 1498 1608 1523 ver-

162 1551 248 1589 bum
282 1549 425 1599 ipsum,
458 1544 555 1596 quod
586 1545 623 1581 in
652 1544 736 1594 lege
770 1545 930 1594 positum
959 1550 1038 1588 est,
1074 1544 1133 1580 aio
1164 1543 1310 1586 fuisse,
1350 1537 1402 1592 μὴ
1429 1551 1608 1591 μνησικα-

160 1610 254 1646 κεῖν.
313 1602 430 1640 Cuius
461 1601 517 1638 rei
547 1599 678 1637 multos
711 1599 916 1649 locupletes
947 1605 984 1635 et
1013 1597 1166 1635 idoneos
1194 1603 1366 1634 auctores
1395 1596 1537 1642 habeo,
1568 1602 1609 1633 ut

161 1659 466 1710 Xenophontem,
495 1656 599 1693 cuius
628 1655 719 1691 haec
748 1662 831 1691 sunt
861 1666 881 1691 e
911 1652 1074 1690 secundo
1102 1649 1333 1703 Ἑλληνικῶν
1348 1651 1489 1704 †††):
1530 1650 1610 1690 Καὶ

163 1713 372 1768 ὀμόσαντες
398 1709 549 1764 ὅρκοις,
576 1703 604 1761 ἦ
629 1706 705 1761 μὴν
735 1705 786 1760 μὴ
815 1705 1132 1760 μνησικακήσειν,
1171 1707 1224 1746 ἔτι
1254 1706 1320 1746 καὶ
1347 1710 1419 1746 νῦν
1443 1703 1542 1757 ὁμοῦ
1569 1720 1609 1745 τε

161 1767 424 1812 πολιτεύονται
461 1765 527 1806 καὶ
566 1769 645 1811 τοῖς
681 1762 811 1817 ὅρκοις
844 1762 993 1815 ἐμμένει
1023 1760 1045 1803 ὁ
1084 1764 1214 1814 δῆμος.
1271 1763 1324 1800 Ut
1362 1762 1604 1808 Aeschinem,

163 1829 225 1879 qui
254 1828 291 1864 in
324 1823 491 1862 oratione
520 1820 565 1859 de
595 1820 746 1858 Corona
778 1820 824 1871 [i.
858 1833 893 1858 e.
925 1818 1009 1858 adv.
1044 1818 1240 1870 Ctesiph]
1271 1819 1323 1855 ita
1352 1818 1513 1868 loquitur
1527 1815 1602 1867 ἢκ

165 1885 258 1922 Νῦν
286 1879 328 1920 δὲ
356 1879 493 1918 ἐκεῖνοι
521 1875 607 1927 μὲν,
635 1873 806 1929 μεγάλων
829 1878 960 1914 κακῶν
989 1870 1235 1925 συμβάντων,
1271 1872 1416 1913 ἔσωσαν
1443 1869 1514 1924 τὴν
1539 1869 1608 1911 πό-

163 1942 243 1986 λιν,
277 1932 319 1975 τὸ
356 1931 555 1973 κάλλιστον
593 1931 634 1970 ἐκ
662 1931 837 1977 παιδείας
873 1930 978 1982 ῥῆμα
1007 1926 1285 1982 φθεγξάμενοι,
1337 1925 1388 1979 μὴ
1427 1939 1606 1979 μνησικα-

162 1997 255 2034 κεῖν.
314 1990 414 2038 Quin
443 1994 480 2025 et
509 1986 782 2037 Aristophanes
813 1986 945 2024 eodem
977 1986 1143 2036 respexit
1172 1985 1240 2021 hoc
1271 1997 1380 2022 versu
1395 1981 1495 2037 *iffi

388 2061 464 2117 Μὴ
492 2059 778 2117 μνησικακήσῃς
805 2062 841 2102 εἰ
866 2059 914 2102 σὺ
948 2058 1081 2114 Φυλὴν
1108 2060 1318 2112 κατέλαβες.

164 2146 243 2188 Sed
272 2143 358 2198 quid
388 2141 642 2186 coniecturis,
675 2146 714 2176 ut
744 2141 780 2176 in
812 2153 852 2177 re
883 2138 1015 2186 dubia,
1046 2138 1210 2177 utimur?
1236 2139 1392 2190 Triplex
1419 2137 1604 2175 iusiuran-

165 2204 250 2243 dum
287 2203 386 2246 fuit,
428 2211 499 2249 quo
538 2209 578 2234 se
619 2195 835 2245 compositis
866 2195 979 2232 rebus
1014 2195 1296 2233 obstrinxerunt
1321 2193 1600 2231 Athenienses:

164 2272 278 2298 unum
320 2266 513 2294 commune
553 2251 665 2289 totius
699 2251 884 2295 civitatis,
926 2249 1021 2301 quod
1063 2251 1098 2287 in
1129 2250 1222 2288 haec
1246 2249 1360 2288 verba
1387 2256 1607 2299 conceptum

165 2322 246 2355 est:
285 2309 342 2352 Οὐ
371 2303 642 2362 μνησικακήσω
670 2308 746 2345 τῶν
774 2308 937 2345 πολιτῶν
968 2303 1115 2354 οὐδενὶ,
1156 2302 1256 2357 πλὴν
1284 2308 1361 2345 τῶν
1388 2301 1602 2359 τριάκοντα,

240 2470 284 2506 ειε)
305 2476 374 2505 cap.
394 2468 427 2498 6.
446 2466 479 2502 S.
495 2465 544 2494 18.
563 2463 617 2494 ubi
636 2463 743 2498 paullo
763 2461 938 2498 simplicius
957 2469 1040 2491 nunc
1057 2461 1192 2498 legitur:
1211 2462 1346 2499 populus
1365 2462 1402 2491 R.
1421 2460 1469 2491 hic
1488 2459 1540 2497 qui
1558 2459 1604 2489 si-

164 2511 209 2541 let
225 2512 284 2538 cet.
834 2518 839 2524 ι

240 2556 309 2591 ἧπτε)
330 2554 415 2583 Orat.
434 2549 573 2585 Philipp.
593 2549 616 2576 Ι.
638 2554 705 2582 cap.
728 2548 756 2576 1.
777 2547 809 2583 §-
830 2549 858 2576 1.

240 2604 334 2639 *ze-222]
355 2601 436 2632 Vide
455 2601 568 2628 Franc.
587 2595 766 2625 Fabricium
786 2596 827 2625 ad
848 2597 938 2626 Oros.
959 2598 997 2626 Π.
1021 2596 1068 2626 17.
1107 2596 1145 2625 D.
1166 2596 1203 2625 R.

242 2652 289 2691 ἢ)
309 2657 382 2686 pag.
401 2648 472 2678 814.
512 2647 549 2675 B.

243 2700 317 2740 ἢ)
338 2699 446 2728 valer.
466 2698 554 2726 Max.
572 2695 627 2725 lih.
647 2695 700 2724 IV.
720 2701 788 2729 cap.
810 2694 838 2722 1.
858 2694 888 2723 4.

273 2752 345 2793 ††)
365 2754 518 2782 extremo.
563 2750 700 2779 Wolfius
720 2740 814 2788 ὁμοῦ
836 2751 892 2785 γε.

243 2803 288 2838 *J
309 2802 341 2837 ὅ.
362 2801 432 2830 208.
452 2807 523 2836 pag.
543 2799 615 2829 599.
653 2797 763 2828 Reisk.

246 2850 315 2886 *³³¹0
336 2850 418 2879 Plut.
439 2856 472 2878 v.
493 2847 586 2878 1146.
