1726 3106
526 124 626 162 LIB.
657 123 708 162 Π.
769 121 887 162 CAP.
921 122 1028 162 XIV.
1167 168 1169 171 ,
1453 126 1509 167 43

65 250 147 289 γοις
173 232 394 276 ἀναθέσθαι
423 231 445 273 δ’
472 248 507 272 τι
536 230 666 285 βούλει
693 236 770 274 τῶν
796 233 1024 286 εἰρημένων,
1062 233 1128 273 ’ἵνα
1156 230 1207 285 μὴ
1239 233 1301 289 οἴῃ
1329 232 1510 282 ἐξαπατᾶ-

69 296 176 331 σθαι.
235 291 341 338 Quae
374 290 504 326 summi
535 289 743 340 philosophi
772 289 888 327 verba
917 302 999 326 cum
1031 301 1051 325 a
1079 302 1221 326 summo
1252 297 1401 328 oratore
1431 291 1510 328 Ro-

69 360 177 384 mano
216 346 251 383 in
282 345 455 382 Latinum
497 357 706 382 sermonem
746 344 1024 395 elegantissime
1052 357 1234 381 conversa
1265 346 1507 395 reperissem,

69 415 142 439 non
189 400 376 450 indignum
419 398 455 435 id
496 401 644 449 putavi,
690 398 786 450 quod
821 406 1056 438 annotarem.
1125 399 1227 437 Citat
1268 401 1382 451 igitur
1418 401 1510 438 baec

69 456 218 493 Nonius
257 455 462 492 Marcellus
513 467 532 492 e
565 454 764 492 Ciceronis
798 454 1089 503 Hortensi0*):
1138 458 1272 505 Imque
1317 456 1389 493 tibe·
1421 469 1511 494 eon-

70 512 186 557 em’o,
218 511 317 561 quod
344 511 380 546 ὑὶ
411 509 488 546 ΧΠ
517 512 668 560 seriptis
694 511 874 554 solemus,
909 516 953 547 uc
977 511 1161 547 calculum
1193 511 1379 556 reducas,
1410 512 1448 548 εἰ
1473 517 1510 549 te

70 567 232 603 alt'em'us
259 566 344 602 date·
368 567 548 614 poenitet.
609 565 804 602 Marsilius
835 571 982 609 autem,
1014 565 1074 614 qui
1107 565 1223 602 locum
1255 565 1354 602 illum
1383 564 1511 603 Plato-

70 621 128 658 nis
162 620 208 657 ad
233 619 353 657 ludum
385 620 539 656 talorum
571 621 721 665 retulit,
766 620 880 656 falsus
918 618 1079 657 videtur.
1141 619 1215 657 Sed
1256 627 1294 657 et
1328 621 1365 657 in
1395 620 1457 657 illo
1488 633 1511 659 e

69 675 280 726 Protagora
293 672 389 727 ἣν
430 671 509 713 ἀλλ’
544 673 597 713 ἔτι
632 674 696 713 καὶ
723 677 794 713 νῦν
822 671 1043 713 ἀναθέσθαι
1071 672 1223 723 ἔξεστιν,
1254 682 1292 712 et
1319 676 1357 712 in
1391 677 1511 725 primo

71 732 296 778 Πολιτειῶν,
326 730 388 767 ubi
418 729 708 773 Polemarchus,
741 730 851 767 aliter
879 731 1035 767 amicum
1066 736 1102 766 et
1132 731 1322 768 inimicum
1352 729 1511 768 delinire

71 786 215 829 volens,
248 799 353 836 quam
385 786 487 835 prius
511 786 668 830 fecerat,
701 786 750 822 ita
774 783 998 835 loquitur&
989 782 1074 836 ἢκ
1118 781 1213 823 atta
1232 782 1513 836 μεταθώμεθα·

66 837 342 891 «κινδυνεύομεν
375 837 446 893 γὰο
485 837 557 879 οὐκ
591 837 723 892 ὀρθῶς
754 837 821 878 τὸν
852 840 965 890 φίλον
999 838 1065 878 καὶ
1095 837 1234 893 ἐχθοὸν
1260 839 1433 880 assam.-
1475 848 1513 879 et

70 896 153 932 aliis
191 896 369 932 similibus
410 895 523 941 locis,
565 896 675 933 facile
717 895 966 940 crediderim,
1006 896 1258 946 metipboram
1296 909 1343 934 ex
1380 895 1511 934 eodem

71 951 134 988 illo
163 950 239 988 XII
268 952 489 1002 scriptorum
522 950 608 988 ludo
639 950 868 1001 desumptam
900 950 1071 987 subesse.

560 1108 846 1147 CAPUT
901 1108 1025 1146 XIV.

220 1197 415 1235 Ciceronis
445 1198 567 1243 loeus,
600 1211 706 1248 quem
737 1199 853 1236 Sz'lt‘zts
882 1199 1075 1247 eleganter
1101 1199 1269 1236 imitatas
1297 1205 1367 1239 est.

73 1285 235 1343 SILIUM
265 1306 430 1345 Italicum
462 1310 634 1358 poetam,
667 1320 749 1344 meo
780 1305 925 1358 quidem
960 1306 1119 1353 iudicio,
1151 1316 1418 1359 praestantem,
1450 1308 1516 1347 Ci-

73 1363 222 1399 ceronis
268 1363 432 1412 apprime
481 1362 684 1400 studiosum
723 1363 839 1400 fnisse
887 1364 1041 1413 eiusque
1078 1364 1192 1401 libros
1231 1363 1516 1414 diligentissime

72 1424 182 1467 atque
222 1417 478 1455 assiduissime
495 1417 545 1470 †)
590 1419 800 1465 lectitasse,
844 1431 915 1455 non
958 1417 1063 1455 modo
1099 1419 1415 1472 Martialis††),
1454 1421 1517 1471 qui

73 1473 154 1510 eius
184 1472 468 1525 coaevus†††)
496 1474 579 1518 fuit,
613 1474 826 1510 testimonio
855 1474 1130 1523 cognoscimus,
1162 1474 1228 1512 sed
1258 1475 1370 1512 multo
1400 1477 1517 1525 magis

74 1540 123 1565 ex
160 1540 204 1564 eo
240 1528 502 1578 intelligimus,
541 1527 636 1578 quod
677 1541 757 1565 eum
798 1529 909 1566 multa
936 1528 1133 1566 Ciceronis
1169 1531 1207 1567 in
1249 1533 1379 1581 poema
1410 1544 1517 1568 suum

76 1582 311 1620 transtulisse
340 1596 457 1634 eaque
485 1584 651 1621 scienter
681 1583 875 1620 admodum
906 1584 1213 1622 accommodasse
1241 1585 1287 1623 ad
1311 1586 1388 1631 illa,
1421 1599 1517 1637 quae

75 1644 148 1675 tum
181 1638 385 1684 tractabat,
426 1637 608 1675 videmus.
670 1637 785 1675 Cuius
816 1640 871 1676 rei
904 1640 1110 1690 exemplum
1149 1640 1209 1677 hic
1240 1654 1349 1677 unum
1382 1655 1518 1692 propo-

76 1705 167 1730 nere
211 1693 350 1730 libitum
383 1700 454 1731 est.
514 1693 631 1730 Libro
662 1694 775 1743 igitur
803 1695 986 1744 septimo,
1026 1708 1107 1732 cum
1141 1695 1190 1741 Q.
1224 1696 1364 1733 Fabius
1395 1697 1518 1734 Anni-

75 1748 194 1785 halem
234 1747 456 1786 ludificando
498 1755 536 1786 et
573 1748 781 1786 cunctando
827 1758 865 1786 et
904 1749 1039 1786 bellum
1082 1750 1264 1788 trahendo
1305 1751 1515 1802 frangeret,

75 1803 310 1854 Romanique
345 1805 479 1842 milites
511 1817 653 1853 pugnae
688 1805 785 1841 avidi
823 1812 856 1841 et
889 1804 1202 1842 conserendarum
1233 1819 1314 1843 eum
1347 1807 1518 1844 hostibus

77 1871 247 1896 manuum
282 1860 423 1908 ingenti
452 1858 640 1896 desiderio
664 1860 824 1904 incensi,
857 1859 1015 1910 quidque
1038 1874 1140 1897 mora
1159 1862 1421 1911 proficeretur,
1454 1875 1518 1899 ne-

79 1914 268 1959 scientes,
303 1916 565 1964 imperatorem
608 1927 739 1960 suum,
781 1922 951 1965 tanquam
987 1916 1185 1965 ignavum,
1227 1923 1287 1962 et,
1328 1924 1367 1953 ut
1394 1918 1519 1954 Hora-

78 1969 152 2006 tius
191 1969 354 2020 loquitur
370 1969 448 2019 ἣῖ),
495 1968 737 2016 inaudacem,
792 1983 931 2006 summa
970 1971 1167 2008 verborum
1210 1971 1518 2010 immoderatione

78 2024 339 2075 increparent:
382 2025 526 2075 iamque
560 2025 703 2062 sublato
733 2025 917 2070 clamore,
957 2025 1098 2063 iniussu
1128 2026 1243 2076 ipsius
1274 2040 1351 2064 rem
1383 2041 1518 2078 geren-

78 2079 160 2116 dam
191 2092 276 2117 esse
304 2080 631 2118 vociferarentur:
670 2081 776 2130 gravi
813 2082 982 2118 oratione
1012 2082 1194 2118 furentem
1223 2082 1370 2119 illorum
1402 2084 1518 2133 impe-

40 2176 47 2180 ἢ
78 2141 152 2172 tum
184 2148 426 2185 repressurus
463 2134 603 2173 Fabius
647 2136 696 2173 ita
733 2135 948 2182 exorditur,
990 2144 1030 2174 ut
1067 2136 1189 2183 dicat,
1232 2151 1414 2188 nunquam
1447 2138 1518 2175 sibi

78 2189 269 2228 Romanos
310 2191 347 2227 in
389 2198 490 2228 tanto
528 2190 743 2229 discrimine
783 2204 959 2228 summam
990 2205 1112 2229 rerum
1149 2191 1350 2231 tradituros
1381 2193 1516 2240 fuisse,

79 2245 112 2282 si
141 2258 181 2284 se
211 2246 344 2283 talibus
372 2245 597 2284 elamoribus
623 2247 806 2284 turbatum
834 2247 881 2285 iri
914 2245 1275 2301 credidissentffv‘ssffi

154 2417 198 2453 *J
218 2417 272 2447 lib.
291 2419 329 2447 11.
349 2425 433 2448 num.
453 2420 524 2448 781.
545 2419 609 2449 Cic.
632 2422 758 2451 Frazm.
779 2420 854 2449 Vol.
875 2420 928 2448 IV.
949 2420 985 2448 P.
1002 2421 1038 2448 lt.
1061 2426 1132 2454 nae.
1149 2420 1219 2451 483,
1240 2419 1281 2447 48
1296 2419 1391 2447 Oreu.
1426 2419 1517 2453 Apud

82 2456 159 2484 Non.
180 2459 325 2490 corrupte
345 2459 427 2492 quod
445 2459 477 2485 z'n
495 2458 653 2486 duodecim
672 2459 799 2492 scriptis
819 2458 928 2491 olim,
949 2457 1010 2485 vid.
1031 2460 1163 2486 Merces.
1184 2457 1257 2485 ibid.
1279 2464 1351 2492 pag.
1371 2456 1442 2485 (395.

156 2509 223 2543 aa)
245 2515 316 2544 pag.
335 2510 406 2539 354.
435 2513 471 2540 E.
491 2513 537 2540 sr.
576 2513 612 2540 In
631 2511 742 2540 w‘olfii
763 2512 837 2541 eun.
858 2503 933 2537 ἀλλ’
957 2512 1118 2540 omissum.

157 2557 249 2592 ²2<÷1÷÷1÷J
270 2564 341 2592 pag.
361 2559 432 2587 334.
472 2562 506 2589 Ε.
528 2562 573 2589 St.

159 2603 206 2642 †)
227 2607 331 2633 Semel
351 2607 467 2639 legitur
486 2616 537 2644 ap.
558 2608 624 2638 Cic.
647 2610 735 2637 Brut.
757 2616 826 2644 cap.
846 2608 897 2638 91.
920 2608 952 2644 S.
971 2609 1043 2638 316.

160 2652 233 2690 †.3.)
254 2653 359 2688 Epigr.
379 2655 446 2683 VH.
467 2657 590 2686 62.X1.
612 2657 653 2686 49
673 2659 704 2685 et
724 2658 775 2686 51.

169 2699 259 2738 †-l-]
283 2703 420 2729 coaevus·
440 2711 505 2732 vox
525 2705 628 2732 nunus
648 2706 671 2733 Ι
676 2704 773 2742 atina,
795 2704 896 2734 iudice
916 2705 1070 2734 lambino
1091 2704 1122 2732 in
1143 2704 1519 2741 epistot·a1.c.pag.398

85 2739 124 2767 1).
144 2739 182 2766 R.
202 2752 240 2758 —
277 2739 361 2767 Add.
381 2740 480 2769 Wolf.
500 2742 594 2770 Anal
616 2744 638 2771 1.
659 2749 731 2778 pag.
751 2726 824 2773 4'90.
862 2744 989 2774 Krehsii
1009 2743 1175 2773 Amiharn.
1196 2749 1269 2778 pag.
1292 2743 1360 2772 143.

160 2785 204 2821 .·.·-)
226 2787 356 2816 0d.111
377 2788 434 2825 20,
455 2791 484 2817 3.

161 2834 230 2870 θεέ)
250 2835 358 2864 Punic.
380 2837 447 2866 Vll.
468 2837 537 2866 219.

1537 1119 1579 1149 47
