1778 3096
154 360 217 391 396

145 2389 206 2420 397

244 132 328 176 378
806 132 936 172 VAR.
968 132 1122 172 LECT.

243 246 286 285 In
317 245 449 297 quibus
481 241 713 295 explicandis
754 242 870 279 miror
905 242 965 293 qui
1005 241 1156 280 libuerit
1194 243 1411 295 interpreti,
1452 249 1524 281 tam
1555 244 1682 291 multa,

244 308 317 339 tam
350 300 474 346 foeda,
510 307 581 336 tam
615 298 800 347 flagitiosa
831 311 1053 347 congerere.
1114 298 1214 336 Satis
1244 311 1446 350 superque,
1478 312 1559 336 cum
1589 300 1681 347 vult,

244 370 400 408 spurcus
439 362 475 392 ct
504 355 715 391 obscoenus
746 361 805 390 est
836 352 1012 390 Plautus:
1053 360 1091 391 et
1118 352 1215 404 quod
1244 355 1328 391 olim
1360 355 1452 392 dixit
1479 354 1602 392 Varro
1616 354 1681 407 *)‚

242 414 398 456 Musas,
442 411 480 447 εἰ
504 410 640 447 Latine
679 410 784 459 loqui
809 410 967 454 vellent,
1007 423 1079 446 non
1110 410 1210 454 also,
1252 423 1360 459 qnam
1387 411 1564 448 Plautino
1603 423 1682 448 ser-

241 480 373 512 mone,
415 477 552 502 usuras
585 477 688 501 esse.-
729 476 798 500 nac
839 464 923 501 illae
957 477 1094 514 saepe,
1136 464 1167 500 si
1198 463 1381 501 Plautino
1411 478 1513 502 more
1554 466 1682 516 loque-

240 528 394 565 rentur,
428 520 644 557 meretricio
673 520 789 569 magis
815 533 920 570 quam
951 519 1122 569 virginali
1155 531 1258 556 more
1289 519 1543 570 loquerentur.
1604 519 1681 558 Sed

240 577 304 614 ubi
341 576 430 614 nibil
462 575 728 612 obscoenitatis
768 582 850 621 cst,
891 573 986 612 velle
1027 575 1062 611 in
1105 586 1147 611 ea
1189 574 1411 624 reperienda
1449 576 1681 626 ingeniosum

241 632 384 677 videri,
426 637 462 668 et
490 631 643 681 implere
674 637 770 667 totas
805 630 960 679 paginas
991 628 1170 667 eiusmodi
1205 629 1341 675 rebus,
1382 643 1475 680 quae
1507 632 1616 668 etiam
1648 631 1680 668 si

238 700 328 725 vere
361 685 433 723 dici
462 693 636 736 possent,
669 686 822 723 reticeri
850 692 972 722 tamen
1004 684 1231 735 debuerant3
1269 691 1372 722 certe
1404 698 1475 723 non
1505 693 1586 724 erat
1617 685 1680 723 bo-

237 743 348 780 minis
391 738 703 794 βαθυπώγωνος,
751 741 1011 790 sexagenarii,
1066 740 1225 790 quique,
1275 753 1356 778 cum
1393 734 1437 778 ea
1475 742 1678 787 scriberet,

236 810 391 835 uxorem
427 810 470 834 ac
499 797 639 833 liberos
669 795 838 834 haberet.
899 794 1021 842 Quid,
1067 794 1163 845 quod
1194 796 1315 832 omnia
1355 802 1392 832 et
1422 796 1545 847 inepta
1573 809 1678 847 pror-

237 866 301 890 sus
341 860 379 891 et
415 853 537 890 aliena
576 858 675 888 sunt.
746 850 856 888 locus
899 852 995 888 euim
1034 857 1133 888 totus
1172 851 1344 888 consistit
1380 851 1417 889 in
1455 851 1572 889 verbo
1606 857 1675 890 est.

235 907 335 947 Nam
366 921 449 946 cum
481 906 640 945 dixisset
667 905 906 955 adolescens,

731 984 798 1022 Ee'z·
824 984 1002 1021 ancillula
1033 989 1111 1022 est.-

235 1062 413 1101 cavillans
455 1073 611 1107 servus,
655 1061 760 1112 quasi
795 1059 946 1098 verbum
984 1067 1040 1098 est
1081 1073 1152 1097 non
1184 1073 1203 1097 a
1233 1059 1348 1098 verbo
1383 1074 1488 1109 snm,
1529 1059 1596 1099 sed
1633 1059 1680 1098 ab

234 1120 304 1156 edo
335 1117 482 1155 ductum
515 1123 639 1161 esset,
679 1115 713 1154 id
753 1122 837 1161 est,
878 1115 983 1166 quasi
1014 1129 1086 1152 non
1124 1111 1283 1167 ὑπάρχει
1313 1117 1568 1166 significaret,
1611 1115 1679 1154 sed

233 1173 377 1221 ἐσθίει,
416 1180 584 1210 metuere
616 1183 658 1208 se
687 1172 760 1217 ait,
795 1184 840 1209 ne
872 1184 942 1208 non
975 1169 1061 1208 edat
1091 1177 1256 1218 tantum,
1289 1171 1353 1208 sed
1386 1173 1496 1210 etiam
1527 1170 1676 1209 exedat.

233 1228 401 1267 Monebo
430 1229 564 1274 etiam,
595 1239 743 1265 versum
773 1226 870 1264 hune
899 1239 1016 1277 prope
1046 1227 1083 1264 in
1114 1233 1281 1265 extremo
1294 1225 1368 1280 iffi)
1401 1228 1452 1265 ita
1481 1226 1677 1278 legendum

235 1297 346 1323 esse:

458 1349 628 1386 Vultisne
660 1346 808 1385 olivas?
841 1347 1153 1398 pulpamentum?
1181 1347 1405 1397 capparim?

234 1425 305 1464 Est
333 1427 430 1464 enim
464 1425 655 1464 senarius:
689 1436 798 1475 quem
827 1431 1092 1476 corrumpunt,
1123 1424 1184 1475 qui
1214 1423 1287 1461 alia
1314 1424 1531 1463 inferciunt.

723 1575 1011 1615 CAPUT
1065 1575 1191 1616 XIV.

412 1660 544 1700 Plauti
567 1671 704 1706 scena,
740 1659 989 1705 Curculione,
1020 1659 1100 1696 δαῖε
1129 1659 1295 1697 numeris
1323 1658 1490 1699 reddita.

235 1749 448 1814 QoonM
483 1770 637 1808 Plautus
678 1770 714 1807 in
754 1769 921 1807 manibus
962 1776 1041 1815 est,
1093 1769 1248 1815 faciam,
1292 1767 1387 1820 quod
1432 1769 1503 1807 iam
1543 1769 1580 1808 in
1619 1770 1677 1809 his

234 1827 341 1864 libris
379 1827 574 1876 aliquoties
605 1826 704 1871 feci,
744 1832 784 1862 ut
822 1826 1004 1875 integram
1045 1838 1218 1870 scenam,
1260 1826 1364 1862 cuius
1397 1837 1530 1863 versus
1559 1839 1676 1877 prope

235 1895 365 1919 omnes
415 1881 620 1932 perturbati
661 1888 772 1926 sunt,
822 1882 872 1918 ita
912 1894 1138 1931 proponam,
1190 1888 1229 1917 ut
1267 1881 1399 1930 partim
1441 1881 1675 1928 coniectura,

232 1938 367 1988 partim
395 1937 582 1974 veteribus
612 1937 717 1974 libris
742 1937 859 1973 fretus
886 1935 1079 1986 legendam
1105 1943 1208 1986 puto,
1258 1935 1328 1973 Est
1349 1943 1470 1973 autem
1499 1948 1543 1974 ea
1559 1936 1673 1988 *Μὴ

233 2005 327 2042 quae
359 1993 525 2042 proxime
556 1993 724 2042 sequitur
752 1992 866 2037 illam,
893 2005 999 2042 quam
1029 1990 1135 2028 modo
1165 1990 1365 2029 emendare
1393 1999 1548 2029 conatus
1578 2005 1674 2031 sum.

232 2047 459 2085 Meminisse
486 2055 606 2084 autem
639 2054 786 2098 oportet
815 2061 904 2092 eos,
942 2048 1003 2097 qui
1031 2046 1224 2084 Plautinos
1257 2059 1386 2084 versus
1418 2046 1674 2094 dimetiuntur,

233 2103 388 2140 crebras
435 2115 520 2139 esse
565 2102 660 2151 apud
700 2115 782 2139 eum
831 2116 959 2140 erases
999 2109 1037 2139 et
1071 2115 1319 2152 synaerescs:
1369 2114 1490 2152 neque
1528 2115 1676 2154 semper

233 2157 321 2196 elidi
351 2157 397 2195 ob
426 2164 641 2208 sequentem
668 2158 831 2194 vocalem
863 2158 1009 2194 ultimas
1037 2157 1199 2208 syllabas
1230 2170 1357 2193 vocum
1388 2158 1424 2194 in
1451 2157 1611 2195 litteram
1642 2171 1676 2196 m

234 2213 506 2251 desinentium:
550 2219 588 2249 ut
620 2226 664 2250 ne
701 2213 800 2263 ipsas
831 2211 976 2262 quidem
1007 2213 1154 2249 vocales
1194 2211 1338 2249 ultimas
1368 2225 1494 2250 earum
1526 2226 1672 2259 vocum,

233 2281 328 2319 quae
367 2268 458 2305 alias
495 2268 583 2304 item
620 2281 641 2305 a
675 2267 794 2305 vocali
834 2268 1058 2318 incipientes
1100 2266 1337 2304 antecedunt.
1397 2267 1489 2304 Item
1529 2268 1675 2306 ultimas

235 2324 397 2375 syllabas
428 2322 648 2369 verborum,
691 2336 784 2373 quae
814 2322 1019 2373 imperandi
1055 2323 1127 2359 vim
1158 2323 1318 2367 habent,
1359 2323 1470 2360 etiam
1502 2323 1532 2360 si
1566 2324 1675 2374 primi

236 2379 437 2417 secundive
465 2377 606 2416 ordinis
637 2379 726 2424 sint,
758 2379 803 2423 ab
833 2392 894 2424 eo,
927 2391 1007 2415 cum
1033 2378 1144 2422 libet,
1177 2379 1339 2428 corripi:
1373 2384 1412 2415 ut
1442 2384 1541 2424 αηιῖι,
1574 2381 1674 2424 vide,

236 2442 341 2481 tace,
380 2447 468 2472 cave
507 2441 545 2471 et
581 2434 684 2471 talia.
745 2434 852 2471 Haec
895 2434 991 2470 enim
1032 2441 1069 2470 et
1106 2432 1270 2471 eiusdem
1312 2434 1462 2483 generis
1503 2434 1574 2472 alia
1614 2435 1675 2484 qni

234 2491 356 2529 minus
384 2490 537 2538 cogitet,
569 2490 605 2526 in
637 2502 811 2526 versuum
843 2488 1075 2526 dimensione
1108 2490 1323 2540 frequenter
1354 2489 1536 2526 haerebit.
1597 2488 1675 2527 Sed

235 2546 406 2596 quoniam
440 2545 531 2581 llaec
559 2546 740 2592 contrita,
773 2552 812 2582 ut
842 2552 954 2596 puto,
986 2545 1057 2582 iam
1086 2552 1192 2592 sunt,
1225 2543 1407 2595 agedum,
1440 2551 1673 2596 praestemus

235 2600 332 2652 quod
360 2601 512 2651 polliciti
543 2613 683 2639 snmus.

310 2735 353 2770 κε]
381 2742 431 2770 ap.
456 2734 601 2769 QuInctil.
621 2735 696 2762 Inst.
719 2734 771 2762 Or.
790 2732 843 2762 lib.
865 2734 901 2762 X.
922 2740 990 2767 cap.
1014 2733 1041 2762 1.
1063 2732 1095 2767 §-
1116 2732 1167 2762 99.
1197 2732 1249 2762 ubi
1270 2731 1308 2762 cf.
1330 2734 1511 2763 Frotscher.
1531 2739 1603 2768 pag.
1623 2732 1673 2763 89.

309 2795 378 2830 *Ἡ
401 2802 431 2823 ν.
452 2794 504 2824 90.
524 2794 576 2824 ubi
598 2795 731 2828 vulgata
748 2792 841 2822 lectio
861 2794 926 2822 aut
943 2794 1029 2828 pnlp.
1049 2794 1115 2822 aut
1134 2793 1314 2828 capparim?

312 2855 406 2892 mm)
429 2856 452 2884 1.
473 2855 501 2884 2.
541 2855 575 2883 ln
596 2855 661 2884 tota
681 2854 741 2883 hac
760 2860 857 2883 scena
875 2853 960 2884 haud
980 2859 1083 2889 pauca
1102 2860 1145 2882 ex
1163 2852 1293 2883 libidine
1312 2851 1444 2883 novavit
1462 2852 1614 2882 muretus.
