1726 3106
483 138 581 179 ΠΒ.
611 138 723 182 VIII.
782 138 902 179 CAP.
933 138 1067 181 XXV.
1421 138 1503 182 189

64 266 129 291 eos
156 252 208 290 ita
236 251 496 297 constitutum,
536 258 597 297 ut,
641 264 723 289 enm
752 250 832 301 quis
852 249 900 287 ‘in
938 248 1075 287 iudicio
1105 255 1329 301 argueretur
1361 247 1504 300 aliquid

65 308 202 346 fecisse
232 312 361 344 contra
389 306 518 356 leges,
558 308 667 344 etiam
698 307 730 342 si
759 303 895 355 liquido
924 312 1135 351 constaret,
1176 317 1258 343 eum
1288 305 1417 356 culpae
1447 305 1505 342 af-

64 364 172 401 finem
203 373 309 404 csse,
350 374 421 397 non
458 367 579 398 tamen
619 362 740 406 statim
771 358 1103 407 condemnaretur3
1147 359 1212 398 sed
1242 360 1345 410 prius
1382 360 1504 411 inqui-

65 424 213 456 reretur
247 415 532 465 diligentissime
576 417 610 452 in
650 428 793 453 omnem
831 415 928 451 illius
967 416 1078 452 vitam
1121 415 1352 466 inireturque
1390 416 1502 461 ratio,

65 473 218 523 plurane
246 471 406 521 turpiter
443 477 479 507 et
509 471 713 521 flagitiose,
752 483 799 507 an
827 468 922 506 hene
961 469 1270 521 laudabiliterque
1301 471 1501 520 gessisset.

63 527 157 565 Tum
187 526 219 563 si
249 525 421 562 vincebat
450 527 607 576 turpium
639 537 835 570 numerus,
867 523 1202 562 condemnabatur:
1235 526 1291 562 sin
1322 538 1506 576 praepono

64 579 350 632 derabantur*)
392 580 560 618 honestis
597 582 741 631 turpia,
785 579 1061 616 absolvebatur.
1122 579 1350 629 Cogitabant
1386 581 1503 628 enim,

65 636 307 675 humanarum
338 635 471 672 virium
509 649 582 673 non
614 648 721 681 esse,
761 641 903 671 rectum
936 646 1082 671 cursum
1125 641 1306 685 perpetuo
1346 642 1502 673 tenere:

65 689 257 729 habendos
287 703 352 741 pro
380 690 487 728 honis
517 691 612 729 viris
637 703 726 736 eos,
760 702 831 726 non
861 689 922 739 qui
953 702 1148 739 numquam
1180 697 1407 740 peccarent,
1436 688 1506 728 scd

66 747 128 798 qui
172 745 322 796 saepius
363 745 520 783 honeste
560 751 730 796 agerent.
802 744 911 781 Hanc
944 744 1061 806 ipsam
1097 744 1219 794 legem
1264 758 1334 795 ego
1375 745 1421 783 ab
1459 745 1506 782 iis

65 814 231 851 quoque,
276 813 429 849 quorum
460 801 497 837 in
533 813 658 837 manus
691 800 727 835 hi
768 799 855 836 libri
893 799 1068 845 venient,
1112 799 1306 837 observari
1345 813 1507 837 summo-

65 866 167 917 pere
186 852 317 903 cupio.
360 859 400 889 ut
428 865 474 890 ne
506 853 628 889 statim
666 865 730 889 eos
762 853 937 891 reiieiant
973 867 1017 891 ac
1045 853 1313 901 condemnent,
1357 855 1389 892 si
1419 853 1508 906 quid

66 910 104 946 in
133 908 189 946 eis
219 921 241 945 a
276 919 332 944 me
363 914 552 956 peccatum
586 906 913 958 deprehenderint.
972 908 1069 945 Nam
1102 909 1135 946 si
1172 910 1316 947 ratione
1347 909 1509 948 fideliter

65 963 159 1000 inita
186 963 305 1000 maior
332 965 408 1001 τῶν
433 959 711 1013 ἐσφαλμένων
693 960 720 1013 ἦ
739 965 816 1001 τῶν
834 961 1148 1014 κατωρθωμένων
1172 976 1348 1001 numerus
1379 964 1508 1015 fuerit,

67 1024 143 1055 tum
174 1016 367 1068 equidem,
399 1018 486 1068 quin
515 1018 733 1056 reiiciantur
763 1025 802 1056 et
832 1017 1029 1064 sordeant,
1059 1031 1133 1055 non
1161 1030 1313 1056 recuso.

143 1149 188 1184 *J
209 1152 305 1179 Forte
325 1151 471 1178 Muretus
492 1149 619 1184 scripsit
636 1150 936 1185 praeponderabant.
969 1151 1008 1179 D.
1028 1150 1066 1180 R.
1088 1165 1126 1172 ·-
1164 1150 1247 1179 Mira
1266 1150 1426 1181 annotatio
1445 1151 1508 1182 viri

68 1188 252 1217 doctissimi.
292 1188 369 1215 Mihi
389 1187 513 1221 quidem
534 1189 684 1216 librorum
714 1189 867 1216 editorum
888 1188 1045 1222 scriptura
1075 1188 1246 1216 sanissima
1274 1192 1307 1217 et
1328 1189 1508 1219 rectissima

69 1234 143 1255 esse
164 1226 298 1254 videtur.
340 1225 457 1258 Turpia
477 1225 662 1259 praesertim
683 1226 975 1259 praeponderantur
995 1226 1148 1259 honestis,
1169 1233 1240 1253 cum
1261 1227 1393 1255 honesta
1412 1229 1508 1260 plura

67 1267 102 1293 et
120 1263 271 1297 graviora
292 1265 374 1295 sunt,
396 1262 440 1290 ita
461 1266 494 1290 ut
515 1270 553 1290 ea
572 1264 664 1298 lanx,
687 1263 717 1289 in
738 1269 800 1296 qua
819 1264 912 1289 hone
905 1265 954 1291 ta
975 1263 1078 1296 posita
1099 1264 1182 1298 sunt,
1200 1262 1328 1292 inclinet
1349 1267 1378 1292 et
1400 1265 1507 1298 depri-

67 1304 181 1331 matur.
209 1300 642 1333 Cs.1in.V11.cap.18.uc.
670 1301 927 1333 ,caemstttner-‚ent
951 1307 1010 1334 qna
1029 1301 1150 1328 tandem
1170 1301 1408 1336 una(1ationc]
1429 1309 1507 1331 cun-

67 1341 134 1367 ctae
153 1339 234 1366 aliae
252 1337 588 1372 ρναεροηᾱεῑανκεηίιιι
629 1320 693 1364 Cic.
715 1337 753 1364 de
776 1337 831 1364 Off.
852 1337 904 1365 liu.
926 1339 979 1365 111.
1001 1343 1069 1371 cap.
1090 1338 1119 1365 4.
1140 1339 1172 1372 5
1195 1339 1242 1365 18.
1269 1345 1366 1374 neque
1393 1347 1430 1367 ea
1448 1347 1507 1367 vo-

67 1377 134 1404 lunt
151 1375 397 1409 praeponderari
416 1375 582 1404 honestate.
620 1375 783 1402 Not-«indus
804 1374 899 1402 etiam
927 1373 960 1401 in
982 1374 1089 1405 veihis
1109 1375 1290 1405 Ruhnkenii
1319 1384 1396 1408 usus
1416 1376 1507 1408 verbi

67 1413 153 1449 forte
171 1420 229 1450 pro
247 1413 396 1450 tortasse,
415 1410 574 1449 fortassis,
596 1419 697 1447 neque
717 1411 898 1441 imitandus.
937 1413 1050 1443 FAEsl.
