1778 3096
466 174 565 211 LIB.
596 174 744 213 XVHI.
807 173 925 212 CAP.
955 172 1046 211 XX.
1400 170 1481 212 447

44 292 222 323 mortem:
268 296 316 322 ex
343 296 413 334 qua
444 290 582 322 tantum
613 284 781 322 hauserit
812 282 975 329 doloris,
1018 290 1057 320 ut
1086 294 1149 328 se,
1193 280 1326 319 nedum
1346 278 1393 333 ᾖ)
1426 282 1482 319 in·

44 341 171 378 stituta
200 338 319 377 studia
351 340 541 390 persequi,
567 340 677 377 etiam
709 340 763 376 eis
786 340 1024 389 superstitem
1055 350 1139 375 esse
1169 350 1280 388 posse
1310 337 1480 373 miretur.

44 394 120 433 Sed
153 395 198 432 de
228 407 345 431 uxore
377 394 468 432 haec
496 395 611 446 ipsius
640 393 752 432 verba
781 391 974 445 stint**):
1015 395 1117 443 Quae
1145 393 1306 430 nondum
1335 392 1484 442 expleto

44 453 182 488 aetatis
211 450 485 500 undevigesimo
507 463 607 488 anno
636 450 728 486 duos
758 450 870 486 eniam
888 449 1013 498 filios,
1039 450 1206 498 quamvis
1231 447 1483 485 acerbissimis

45 513 157 556 rapta
185 504 313 556 satzls,
343 503 452 554 felix
491 505 662 542 decessit.
725 505 809 553 Ego
844 504 904 540 vel
937 504 1007 540 lzoe
1046 515 1118 540 uno
1155 504 1253 540 malo
1283 503 1338 540 sie
1377 514 1482 539 eram

44 559 222 611 afflictuS,
249 566 293 597 ut
318 573 373 597 me
403 562 475 597 iam
504 561 608 598 nulla
629 559 795 610 fortuna
818 564 949 608 posset
978 557 1122 607 efficere
1141 557 1314 608 felicem.
1362 556 1482 595 Paulo

45 621 129 666 post
154 621 277 652 autem
305 613 350 652 de
375 615 460 652 filiis
474 611 599 665 ***):
633 613 781 652 Liberis
803 620 923 651 tamen
950 612 1214 662 superstitibus
1240 612 1481 649 oblectabar.-

45 677 103 715 et,
136 671 234 720 quod
260 670 369 721 mffas
397 677 505 713 erat,
538 670 606 706 sed
635 668 789 719 optabat
818 670 915 718 ipsa,
947 681 1003 704 me
1031 669 1147 711 salvo,
1183 669 1365 704 maaeimos
1395 680 1485 704 cru-

45 727 166 763 ciatus
181 727 386 775 praecipiti
405 726 464 762 via
485 724 634 776 effitgz‘t·
681 722 788 770 Quae
814 723 911 760 nullo
935 721 1040 759 modo
1068 722 1165 758 inter
1189 735 1229 759 se
1260 721 1482 766 cohaerere,

46 780 105 817 vel
134 792 270 817 caecus
302 781 432 831 aliquis
465 779 614 817 viderit.
667 777 743 815 Sed
775 785 848 815 tota
878 778 985 815 huius
1010 776 1153 828 periodi
1184 777 1372 827 posterior
1398 789 1485 827 pars

45 835 127 872 loco
159 848 225 871 suo
257 842 354 872 mota
383 842 459 872 est:
500 833 547 871 ad
576 846 728 871 uxorem
761 834 856 870 enim
890 834 1073 883 pertinet,
1115 831 1385 882 legendumque
1415 832 1487 869 hoc

46 889 178 928 modo:
225 892 334 928 Felix
365 891 544 935 decessit,
586 895 643 934 et,
687 889 787 939 quod
814 888 925 939 nefas
956 895 1065 934 erat,
1102 889 1170 925 sed
1199 888 1356 937 optabat
1387 889 1485 938 ipsa,

46 958 103 983 me
142 946 270 991 salvo,
316 947 498 982 maa-imos
537 945 728 982 eruciatus
759 944 967 994 praecipiti
1001 945 1061 981 via
1096 942 1248 995 effugit.
1309 944 1394 992 Ego
1431 943 1494 980 vel

48 1001 119 1038 hoe
150 1013 222 1037 uno
250 1002 370 1045 malo,
409 1007 447 1037 et
476 1007 618 1037 cetera.
683 998 853 1043 Deinde,
896 999 1044 1036 Liberis
1074 1005 1194 1035 tamen
1223 997 1489 1048 superstitibus

48 1055 283 1093 oblectabar.
342 1056 443 1094 Mihi
461 1055 573 1105 filius
613 1056 735 1092 minor
761 1056 927 1104 quintum
968 1066 1142 1103 egressus
1168 1066 1328 1098 annam,
1374 1060 1419 1091 ut
1448 1054 1487 1090 in
1512 1059 1575 1089 472

47 1111 158 1148 malis
185 1123 360 1160 agerem,
393 1111 503 1160 prior
533 1111 691 1147 alterum
731 1123 779 1146 esc
807 1109 950 1146 duobus
988 1111 1090 1146 eruit
1127 1110 1260 1146 lmnen.
1320 1106 1395 1145 Sed
1428 1107 1487 1144 hie

48 1178 193 1215 quoque
229 1165 396 1202 mendum
427 1165 578 1202 subest:
624 1177 743 1215 neque
775 1163 945 1210 dubium,
989 1164 1074 1214 quin
1110 1171 1222 1200 totum
1255 1163 1342 1200 illud
1381 1164 1487 1200 utin

48 1222 156 1258 malis
192 1233 340 1269 agerem
382 1219 576 1257 delendum
609 1220 669 1256 sit.
729 1219 769 1256 In
811 1232 892 1256 meo
932 1226 1060 1256 vetere
1100 1219 1194 1255 libro
1233 1219 1282 1255 ita
1325 1219 1485 1267 iegitur:

48 1276 150 1314 Mihi
169 1275 282 1325 filius
311 1276 432 1312 minor
460 1276 625 1324 quintam
657 1287 830 1323 egressas
860 1287 998 1311 cinnam
1037 1275 1073 1310 in
1113 1275 1221 1310 malis
1249 1287 1318 1310 nee
1347 1286 1490 1322 augere

44 1331 155 1380 prior
182 1331 340 1367 alterum
371 1343 390 1366 e
420 1329 563 1366 duobus
592 1331 693 1366 eruit
721 1330 854 1366 lumen.
909 1327 968 1364 Ex
997 1341 1067 1377 quo
1097 1328 1233 1378 liquido
1266 1328 1490 1378 perspicitur

49 1397 158 1422 error
191 1384 356 1421 librarii:
402 1385 463 1435 qui
503 1391 658 1434 quatuor
690 1396 827 1428 voees,
875 1385 911 1420 in
953 1385 1060 1421 malis
1097 1396 1164 1420 nee
1202 1397 1368 1433 augere,
1419 1383 1490 1420 hue

49 1439 281 1477 transtulerit
309 1452 329 1477 e
354 1438 523 1489 periodo,
558 1451 650 1488 quae
680 1440 798 1475 statim
828 1439 1018 1488 sequitur:
1050 1440 1136 1476 Non
1166 1452 1244 1475 sum
1272 1438 1492 1475 ambitiosus

50 1496 90 1532 in
122 1496 242 1539 malis,
274 1508 342 1533 nee
373 1507 514 1544 augere
543 1495 784 1531 lacrimarum
815 1506 968 1531 caussas
997 1495 1091 1530 volo.
1149 1493 1266 1529 Paulo
1297 1500 1394 1543 post,
1428 1493 1489 1530 ubi

50 1549 162 1599 vulgo
193 1556 252 1587 est
282 1550 511 1594 ostenderit,
558 1548 652 1585 liber
681 1561 784 1585 meus
825 1548 938 1585 habet
968 1549 1204 1593 ostenderet,
1247 1547 1342 1585 haud
1378 1548 1490 1586 dubie

51 1603 264 1656 meiius-1⁴).
327 1603 399 1649 Et,
441 1610 481 1641 ut
512 1602 689 1654 quaedam
729 1603 867 1640 leviora
905 1604 1093 1648 omittam,
1138 1603 1230 1640 haec
1261 1610 1365 1640 certe
1403 1617 1490 1641 con-

52 1659 251 1697 temnenda
282 1672 354 1696 non
377 1665 476 1696 sunt.
525 1658 566 1695 In
596 1659 752 1708 vulgatis
780 1658 883 1695 libris
909 1659 959 1695 ita
989 1658 1145 1708 legimus
1162 1657 1271 1710 ††):
1300 1661 1396 1697 Nam
1419 1672 1491 1709 qno

52 1716 114 1753 ille
146 1716 291 1759 animo,
333 1727 406 1764 qua
435 1714 659 1751 medicorum
692 1715 945 1751 admiratione
983 1715 1159 1751 mensium
1197 1721 1279 1751 octo
1308 1715 1492 1751 valetudi-

52 1783 133 1808 nem
165 1770 280 1807 tulit?
321 1776 364 1807 ut
398 1782 454 1806 me
488 1770 524 1806 in
554 1770 737 1818 supremis
774 1771 988 1806 consolatus
1024 1769 1109 1807 est?
1147 1782 1255 1820 quam
1287 1771 1397 1807 etiam
1429 1770 1494 1806 de-

40 1826 204 1876 ficiens,
237 1837 419 1874 quamque
445 1837 517 1861 non
549 1831 636 1861 tune
665 1825 781 1874 tynam
811 1825 912 1861 illum
943 1825 1132 1861 alienatae
1163 1827 1296 1862 mentis
1324 1838 1493 1862 errorem

53 1882 156 1917 eirea
185 1882 286 1917 solas
318 1881 466 1916 litteras
495 1879 655 1916 habuit?
710 1879 762 1915 At
793 1880 829 1915 in
865 1892 946 1916 meo
977 1879 1191 1929 praeclare:
1236 1882 1351 1929 Quam
1382 1881 1493 1918 etiam

53 1935 249 1986 deficiens,
280 1936 427 1984 iamque
451 1947 523 1971 non
552 1941 695 1978 noster,
728 1935 844 1983 ipsum
874 1935 976 1972 illam
1009 1936 1196 1972 alienatae
1227 1937 1359 1972 mentis
1387 1948 1494 1973 erro-

54 2003 134 2027 rem
170 1992 276 2027 eirea
313 1991 414 2027 solas
455 1990 603 2026 litteras
630 1989 792 2026 habuit?
847 1988 955 2026 Nihil
996 1995 1081 2040 pote
1120 1990 1341 2039 elegantius.
1402 1989 1495 2027 lilud

55 2045 151 2082 enim
181 2058 252 2082 non
288 2051 418 2081 noster
447 2043 652 2094 significat,
694 2057 776 2081 eum
807 2045 876 2081 iam
918 2045 953 2081 in
985 2051 1167 2095 potestate
1199 2046 1329 2082 mortis
1358 2045 1491 2084 fuisse.

54 2099 235 2150 Sequitur
265 2098 357 2136 haud
391 2100 440 2135 ita
469 2099 580 2136 multo
610 2105 692 2149 post
704 2097 843 2151 †††):
884 2101 932 2138 Te
960 2101 1117 2137 omnium
1147 2114 1211 2151 spe
1235 2103 1391 2138 Atticae
1421 2103 1496 2139 elo-

56 2156 229 2205 quentiae
259 2155 498 2192 eandidatum
531 2161 719 2204 superstes
752 2168 895 2204 parens
925 2161 1068 2192 tantam
1105 2157 1156 2193 ad
1183 2169 1327 2206 poenas
1357 2156 1496 2193 amisi?

56 2209 201 2257 Quibus
231 2210 267 2246 in
308 2209 430 2247 verbis
464 2208 550 2246 iilud
579 2211 732 2247 Atticae
765 2210 871 2259 plane
905 2209 1089 2248 redundat
1120 2224 1161 2248 ae
1193 2211 1318 2260 friget.
1379 2210 1498 2248 Liber

56 2278 160 2302 meus
190 2277 256 2315 pro
287 2277 333 2302 eo
362 2264 473 2301 habet
502 2265 644 2302 acatis.-
691 2264 786 2301 unde
820 2279 891 2302 non
922 2265 1072 2312 dubito,
1113 2266 1196 2315 quin
1226 2265 1421 2315 legendum
1451 2267 1498 2304 sit

57 2333 104 2358 ae
132 2321 239 2358 votis.
301 2319 512 2370 Supersunt
551 2318 671 2357 adhuc
710 2319 913 2371 quaedam,
953 2321 989 2358 in
1021 2321 1152 2372 quibus
1181 2321 1266 2358 lima
1300 2334 1391 2372 opus
1421 2328 1495 2366 est,

58 2491 107 2521 ed.
127 2453 399 2520 EfegbltiunFeAggpbi
418 2455 529 2483 nedum
549 2461 640 2483 usum
661 2455 818 2491 exemplis
838 2457 944 2484 tuetur
961 2456 1087 2492 Sciopp.
1109 2457 1148 2485 de
1167 2456 1230 2486 stil.
1247 2456 1320 2486 hist.
1343 2463 1412 2492 pag.
1431 2458 1498 2486 ¹28.

133 2540 202 2574 ἓξὲξ)
222 2539 275 2567 lib.
298 2540 350 2568 Vi.
372 2546 509 2572 prooem.
530 2539 562 2575 S.
582 2539 602 2568 4
618 2542 649 2568 et
662 2540 692 2569 6.

133 2588 227 2623 *ze-23]
256 2588 287 2623 5.
307 2588 337 2616 6.
378 2588 581 2621 Spaldingius
603 2589 743 2617 ordinem
764 2590 874 2617 horum
895 2597 957 2617 non
978 2591 1096 2623 mutat,
1127 2590 1183 2617 sed
1205 2591 1335 2619 verbum
1364 2592 1500 2619 oblecta-

59 2626 117 2653 bar
144 2626 219 2660 (pro
241 2633 301 2660 quo
323 2625 377 2654 alii
399 2626 576 2660 orbantur)
606 2626 811 2655 inducendum
841 2627 972 2662 iudicat,
1009 2628 1052 2655 ita
1074 2630 1107 2656 ut
1131 2629 1227 2655 verba
1255 2629 1360 2656 litteris
1388 2634 1502 2662 super-

58 2664 180 2691 stitibus
199 2664 344 2691 absolute
361 2662 464 2697 posita
484 2663 557 2691 sint.
594 2665 703 2692 FAEsi.
724 2679 758 2684 —
780 2665 925 2692 Exclusit
946 2666 1074 2693 verbum
1094 2666 1269 2692 oblectabar
1286 2668 1500 2703 Geruhaidus,

59 2700 114 2735 qui
134 2702 300 2729 verborum
321 2700 600 2735 transpositionem
617 2707 636 2728 a
653 2703 777 2729 Mureto
799 2701 912 2730 factam
933 2702 1076 2731 inutilem
1095 2710 1167 2730 esse
1183 2706 1347 2732 monstrat.
1376 2704 1500 2733 Deinde

60 2738 161 2767 verba
180 2740 214 2767 ut
231 2740 263 2766 in
282 2739 371 2766 malis
390 2745 512 2774 ayerem
533 2742 603 2773 post
624 2739 797 2767 Gesnerum
816 2740 855 2768 ab
876 2740 1020 2769 omnihus
1040 2740 1212 2769 editoribus
1233 2741 1360 2770 omissa.

135 2784 182 2824 -H
203 2787 270 2815 Hoc
289 2785 441 2814 reiectum
461 2786 500 2814 ab
521 2785 704 2815 editoribus,

136 2832 210 2872 ††)
231 2833 262 2869 S.
286 2834 335 2863 11.
375 2833 524 2862 Muretini
544 2833 616 2862 iibri
636 2834 729 2863 lectio
749 2842 830 2864 nunc
849 2837 987 2870 recepta.

136 2879 237 2920 †††)
257 2881 288 2919 S.
311 2882 360 2912 13.
399 2883 601 2912 Gernhardus
620 2882 699 2912 nihil
718 2883 872 2922 mutavit,
894 2891 988 2920 quem
1009 2883 1132 2914 omnino
1152 2884 1226 2914 vide
1245 2884 1286 2913 ad
1307 2886 1336 2913 h.
1357 2885 1378 2914 l.
