1726 3106
164 113 243 156 104
727 116 852 156 VAR.
884 116 1039 157 LECT.

676 224 708 264 C
738 224 775 264 A
803 225 836 264 P
864 225 901 263 U
929 226 963 264 T
1018 225 1098 265 IX.

403 303 610 341 Emendate·
633 304 712 342 loci
738 306 882 355 aliquot
910 318 930 342 e
959 305 1196 343 Mostellaria
1224 306 1365 344 Plauti.

165 379 299 438 APUD
326 399 497 439 Plautum
530 402 566 439 in
599 402 717 452 prima
750 402 983 441 Mostellaria
1000 401 1048 454 ἦε)
1088 402 1356 453 lepidissimum
1386 403 1605 456 colloquium

166 462 225 492 est
271 455 423 493 duorum
473 469 691 503 servorum,
744 459 960 496 Grumionis
1001 459 1151 504 rustici,
1204 460 1265 509 qui
1314 459 1470 497 absente
1514 472 1606 498 sene

165 509 320 549 herilem
352 511 464 548 filium
495 514 679 563 corrumpi
718 527 868 564 remque
896 513 1115 550 familiarem
1153 513 1323 564 dissipari
1363 513 1525 552 doleret:
1568 523 1607 554 et

164 565 382 611 Tranionis‚
418 580 573 617 nequam
604 568 778 615 bominis,
812 570 871 620 qui
898 569 987 606 bero
1007 567 1294 607 adolescentiori
1318 577 1419 607 esset
1440 570 1607 622 volupta-

164 626 241 657 tum
281 634 324 658 ac
361 621 550 660 libidinum
583 623 813 663 administer.
875 623 950 661 Sed
989 637 1033 660 ea
1064 631 1137 660 tota
1170 637 1254 675 pars
1294 632 1332 662 et
1367 625 1402 662 in
1437 626 1606 664 omnibus

164 674 269 712 libris
302 685 477 729 corrupte
500 678 650 728 legitur,
684 686 721 715 et
749 681 783 716 in
815 680 875 725 iis,
911 693 1001 730 quos
1026 679 1235 717 Ioachimus
1267 679 1492 726 emendavit,
1525 694 1609 719 cor-

163 731 389 779 ruptissime.
457 732 567 770 Nunc
607 734 720 783 igitur
760 734 848 772 libet
887 735 987 771 locos
1031 734 1170 784 aliquot
1210 734 1434 772 emendare:
1482 743 1609 775 cetera

163 784 279 832 alias,
310 800 390 824 cum
421 787 624 825 videbitur.
686 789 759 826 Ubi
790 802 881 840 ergo
913 790 1067 827 Grumio
1098 790 1146 826 ita
1180 791 1350 828 minitans
1377 788 1490 829 dicit:

273 853 444 903 Augebz’s
473 856 564 891 ruri
587 867 806 902 numerum,
834 868 958 905 genus
975 855 1188 906 serrate'lc:

79 913 83 918 ⁵
86 911 122 919 ''''
162 920 359 972 legendum
391 930 470 960 est:

272 988 447 1038 Aug-ebis
475 990 566 1027 ruri
587 1003 742 1028 numero
762 988 837 1043 Μ)
867 1003 988 1040 genus
1003 990 1206 1043 serrale'le.

166 1065 290 1102 Genus
337 1066 434 1103 enim
469 1066 659 1118 ferrate'le
697 1074 806 1105 vocat
854 1080 1009 1114 servos,
1061 1068 1122 1119 qui
1162 1067 1240 1106 ruri
1285 1068 1320 1106 in
1369 1067 1609 1120 compedibus

73 1124 140 1156 109
162 1127 342 1169 agerent:
385 1128 494 1172 atque
530 1121 567 1159 id
604 1135 723 1172 genus
761 1136 937 1169 munero,
979 1123 1017 1161 id
1055 1131 1136 1169 est,
1183 1123 1312 1169 brevi,
1355 1137 1486 1176 nempe
1526 1138 1609 1163 cum

161 1173 321 1212 redierit
356 1189 494 1222 senex,
545 1191 568 1215 a
605 1179 797 1216 Tranione
834 1187 978 1216 auctum
1022 1179 1069 1217 iri
1108 1180 1174 1217 ait.
1247 1179 1402 1230 Aliquot
1436 1180 1609 1218 versibus

101 1235 105 1239 “
160 1236 265 1281 post,
297 1230 359 1268 ubi
388 1232 437 1269 ita
465 1232 627 1283 loquitur
656 1233 818 1271 Tranio:

279 1297 379 1346 Quid
407 1298 498 1344 tz'bz',
530 1300 690 1346 malum,
723 1313 825 1346 mea,
855 1306 897 1338 uc
925 1300 1016 1350 quid
1044 1312 1112 1349 ego
1140 1311 1273 1349 agam,
1306 1302 1454 1339 curatio
1485 1301 1570 1340 est?

111 1368 116 1372 ⁴
161 1373 238 1424 legi
269 1371 402 1411 debet:

220 1440 318 1490 Quid
346 1440 430 1487 tibi,
461 1443 614 1487 malum,
647 1455 719 1488 me,
752 1448 822 1480 aut
850 1443 941 1492 qm‘cl
954 1440 1050 1494 Ἠεῆξ)
1084 1454 1153 1492 ego
1183 1454 1311 1492 agam,
1347 1444 1496 1482 curatio
1527 1444 1612 1482 est?

160 1514 221 1553 lta
255 1516 353 1554 enim
394 1515 531 1555 dictum
570 1525 653 1565 est,
695 1525 735 1556 ut
763 1517 876 1564 illud,
925 1519 1017 1570 quid
1058 1519 1129 1556 tibi
1161 1520 1261 1557 lzane
1303 1522 1418 1558 tactio
1458 1519 1612 1574 est†)?

161 1570 228 1610 Ille
258 1578 382 1609 autem
414 1586 562 1618 versus,

271 1640 398 1676 Meum
427 1639 558 1677 bonum
588 1653 664 1685 me,
699 1646 734 1677 te
765 1645 866 1677 taum
894 1645 1046 1676 maneat
1072 1639 1225 1685 malum,

162 1727 185 1752 a
214 1714 420 1754 Grumione
460 1715 618 1763 dicitur,
661 1716 731 1753 hoc
768 1730 904 1754 sensu:
947 1715 1033 1753 Non
1076 1729 1234 1762 recuso,
1276 1729 1346 1767 quo
1385 1717 1504 1754 minus
1540 1729 1612 1767 ego

162 1783 261 1822 nunc
291 1770 435 1809 duriter
460 1773 596 1817 vivam,
629 1778 667 1808 tu
686 1772 783 1809 laute
811 1779 850 1809 et
878 1773 1058 1822 opipare:
1092 1770 1176 1808 dum
1201 1784 1258 1809 me
1288 1771 1433 1822 quidem
1465 1779 1613 1810 maneat

162 1824 299 1864 bonum
330 1840 475 1873 meum,
505 1833 541 1864 te
572 1840 661 1864 vero
690 1836 836 1865 maneat
868 1827 999 1864 malum
1031 1833 1155 1871 tuum,
1188 1840 1268 1863 cum
1300 1828 1447 1865 venerit
1477 1840 1608 1866 senex.

162 1879 287 1918 Unum
324 1883 436 1919 etiam
468 1881 637 1919 mendum
676 1883 821 1920 tollam:
865 1891 992 1920 cetera
1028 1882 1065 1918 in
1103 1881 1204 1919 aliud
1240 1889 1385 1934 tempus
1424 1883 1609 1922 reiiciam.

162 1934 207 1973 In
235 1936 342 1974 libris
372 1937 552 1975 loachimi
581 1939 632 1975 ita
662 1939 837 1988 leguntur
867 1938 903 1975 hi
934 1950 1064 1975 versus
1080 1936 1189 1989 †·:†)

279 2004 379 2051 Quid
408 2003 495 2041 est?
530 2005 620 2053 quid
651 2012 690 2042 tu
721 2018 776 2042 me
803 2018 904 2042 nune
934 2004 1088 2042 obruere
1106 2002 1310 2055 fizrcg‘fer?

165 2055 243 2094 Gn.
277 2058 350 2095 Pol
378 2059 450 2095 tibi
474 2059 571 2095 istzoe
596 2061 708 2096 eraclo
738 2073 870 2097 nomen
900 2066 1067 2097 uetulum
1088 2058 1196 2110 sore.

163 2111 240 2150 ΤΕ.
275 2114 372 2150 Dum
400 2114 594 2159 intereas,
625 2116 681 2151 sic
710 2116 761 2152 sit
789 2115 891 2152 ἱείιιιί
919 2121 1085 2152 actatum
1114 2115 1212 2151 sino.

163 2187 384 2227 Postremus
412 2196 534 2228 autem
565 2203 693 2229 eorum
724 2192 774 2229 ita
804 2190 983 2242 legendus
1013 2197 1092 2228 est:

274 2257 370 2294 Dum
397 2257 546 2294 interea
571 2257 650 2304 sie,
682 2258 735 2296 sic
758 2259 860 2296 istud
890 2263 1079 2296 actutum.-
1111 2256 1208 2293 sino.

237 2363 282 2399 κε)
304 2365 328 2393 l.
352 2365 386 2401 1,
410 2365 458 2393 18.

237 2409 303 2447 32³03)
324 2413 391 2440 Hoc
410 2414 574 2448 receptum
594 2419 614 2442 a
634 2412 804 2451 Lambino‚
837 2421 898 2443 non
918 2414 1077 2443 nominato
1098 2415 1242 2450 Muret03
1271 2413 1368 2443 ceteri
1389 2412 1531 2443 editores
1551 2420 1611 2442 nu-

162 2456 287 2477 merum.
329 2451 440 2478 FAEsr.
465 2465 499 2470 —-
547 2452 595 2479 De
616 2451 844 2484 significatione
866 2460 895 2480 v.
922 2460 1048 2481 numero
1070 2453 1248 2488 exquisita,
1272 2456 1304 2481 ut:
1328 2453 1472 2488 solebat,
1504 2453 1613 2482 attulit

162 2487 294 2516 Rostius
315 2487 534 2517 Commentatt.
554 2489 661 2518 Plaut.
694 2497 765 2525 pag.
788 2490 970 2519 187-199.
998 2491 1045 2519 ed.
1067 2490 1154 2526 Lips.
1204 2490 1251 2519 Cf.
1272 2490 1378 2518 Jannii
1398 2490 1514 2518 Annal.
1536 2497 1611 2518 nov.

162 2524 249 2559 Lips.
271 2525 341 2553 Vol.
363 2527 385 2553 1.
409 2528 501 2554 Fase.
521 2527 550 2554 3.
574 2533 644 2560 pag.
666 2529 728 2555 3⁰8
748 2535 795 2562 sq.

239 2573 333 2608 -ῑὶί-Ξὶε-ὶῖέ)
363 2574 535 2607 Receptum
561 2580 581 2602 a
608 2575 716 2604 Lami).
746 2577 877 2604 Tauhm.
904 2577 945 2605 al.
984 2576 1088 2605 Etiam
1114 2576 1146 2604 in
1173 2583 1260 2611 seqq.
1289 2574 1428 2603 editores
1454 2576 1612 2604 Muretum

162 2610 265 2639 secuti
285 2612 375 2647 sunt,
397 2611 458 2639 nisi
480 2612 561 2646 quod
583 2612 692 2642 Lamb.
713 2621 745 2642 v.
765 2614 816 2643 68.
835 2613 951 2643 melius
971 2614 1135 2644 distinxit:
1155 2615 1237 2642 Dum
1257 2614 1373 2642 interea
1392 2614 1438 2642 sic
1456 2614 1512 2647 sit,
1532 2613 1612 2641 istuc

162 2648 298 2676 actutum
317 2649 395 2678 sino.
435 2650 548 2678 FAESI.

239 2696 285 2731 †]
315 2698 419 2726 Plaut.
440 2697 572 2726 Poenul.
599 2697 638 2726 V.
659 2698 698 2732 5,
719 2698 770 2727 29.
800 2699 832 2727 et
857 2698 935 2727 alibi
964 2699 1095 2734 passim.
1133 2698 1204 2728 Vid.
1236 2699 1405 2727 Ruhnken.
1431 2697 1548 2726 dictata
1578 2696 1612 2725 in

162 2731 289 2763 Terent.
312 2742 383 2769 pag.
405 2734 452 2764 10.
474 2735 522 2763 ed.
541 2736 655 2770 sehon.
686 2738 798 2764 FAESL
812 2751 850 2756 —
882 2736 967 2765 Add.
987 2737 1197 2766 Ruddimann.
1217 2739 1293 2766 lust.
1309 2738 1363 2767 Gr.
1382 2742 1456 2772 pag.
1469 2735 1539 2765 240.
1561 2735 1610 2766 ed-

161 2770 279 2800 Stallb.
319 2771 445 2801 Similia
464 2779 482 2802 e
503 2772 634 2802 Graecis
654 2774 763 2805 attulit
782 2775 970 2811 Bernhardy
991 2777 1080 2812 synt.
1101 2782 1173 2813 pag.
1196 2774 1267 2805 114.

238 2816 314 2857 ††)
339 2820 416 2851 Ibid.
437 2828 468 2852 v.
489 2822 532 2853 66
551 2829 620 2860 sqq.
