1726 3106
560 159 669 197 LtB.
698 158 768 197 IV.
829 157 947 196 CAP.
981 158 1072 197 XII.
1485 159 1539 201 &3

99 267 171 304 arti
210 279 301 305 suae
338 280 470 306 nomen
511 267 557 306 ab
596 280 641 306 ea
678 274 807 319 parte,
843 279 936 318 quae
971 267 1210 306 odiosissima
1238 275 1344 315 erat,
1383 269 1537 308 indidis-

100 329 208 359 sentz
240 335 321 359 cum
350 329 472 360 tamen
505 323 596 360 artis
626 323 836 360 rhetoricae
866 331 1066 373 praecepta
1095 324 1211 361 nihilo
1241 326 1357 375 magis
1382 325 1428 362 ad
1449 326 1534 363 lites

98 375 338 423 iudiciarias,
380 389 486 428 quam
517 378 563 415 ad
597 378 785 429 quodlibet
814 376 913 413 aliud
951 379 1130 415 orationis
1161 391 1279 428 genus
1311 381 1532 429 pertineant.

96 430 287 469 Fecerant
313 432 452 481 igitur,
485 432 581 483 quod
611 433 694 469 illos
724 432 846 483 potius
877 432 1003 469 facere
1028 432 1227 479 decuerat,
1260 435 1321 484 qui
1352 435 1387 471 ei
1420 435 1536 472 sacul-

96 487 162 523 tati
195 485 316 523 odium
349 488 550 525 conciliare
580 489 729 525 vellent.
789 486 862 532 Qui
893 488 990 523 enim
1020 488 1157 525 infensi
1188 496 1271 525 sunt
1294 490 1404 526 alicui
1424 489 1535 527 disci-

95 541 218 591 plinae
264 554 416 592 eamque
452 543 488 578 in
525 542 647 580 odium
680 541 865 579 adducere
906 543 1082 591 cupiunt,
1124 544 1154 579 si
1191 542 1275 593 quid
1316 544 1352 580 in
1395 557 1438 581 ea
1475 552 1532 582 est

97 595 264 632 odiosum
306 609 349 633 ac
380 597 596 642 molestum,
641 598 686 634 ab
719 610 764 634 eo
793 597 1022 646 potissimum
1053 610 1133 634 eam
1159 598 1346 647 appellare
1375 612 1534 636 consue-

94 657 251 688 verunt:
294 658 495 700 contraque
531 653 590 703 qui
622 665 701 690 eam
735 664 775 688 se
805 658 867 687 aut
897 659 1055 698 tenere,
1101 659 1164 688 aut
1192 652 1328 690 docere
1356 655 1534 703 profiten—

93 710 177 751 tur,
216 705 363 752 solent,
403 706 499 756 quod
536 709 613 757 ipsa
658 709 694 744 in
731 719 770 743 se
809 706 1095 756 pulcherrimum
1135 720 1178 744 ac
1217 709 1533 772 speciosissimum

90 760 219 806 habet,
252 773 298 798 ex
329 774 373 798 eo
406 762 477 812 ipsi
509 775 640 799 nomen
671 763 876 824 imponere.
935 761 1139 824 Utiiusque
1161 762 1288 807 verba,
1318 763 1347 800 si
1368 765 1448 813 quis
1472 777 1533 801 re-

93 815 227 864 quirit,
266 829 461 867 apponam.
520 817 748 854 Aristoteles
788 816 903 865 igitur
941 817 990 853 ita
1029 817 1158 853 scribit
1197 817 1292 854 libro
1319 819 1436 868 primo
1465 834 1534 869 της

92 869 275 936 ρητορικῆ
281 887 298 916 ς
334 870 462 922 τέχνης
474 871 531 920 Ν).
590 868 667 909 Διὰ
702 867 770 924 γὰρ
797 873 929 918 τοῦτο,
966 886 1034 922 της
1063 869 1182 922 αὐτῆς
1212 868 1331 923 ου’σης
1358 870 1531 923 μεθόδου

91 924 177 976 περὶ
206 922 252 964 τὰ
282 926 381 977 dmm
373 942 538 978 pyoptmc,
580 926 645 965 καὶ
674 925 872 972 καλλίονος
898 925 959 965 καὶ
990 925 1278 992 πολιτικωτέρας
1317 931 1386 979 τῆς
1413 929 1533 980 δημη-

92 994 251 1046 γορικης
268 982 541 1048 πραγματείας
580 979 718 1032 ου’σης,
751 977 778 1031 ἢ
817 996 885 1032 της
915 980 1002 1032 περὶ
1029 996 1075 1019 τα
1101 979 1405 1047 συναλλάγματα,
1445 983 1532 1036 περὶ

92 1032 161 1085 μὲν
200 1035 346 1086 ἐκείνης
381 1033 494 1075 οὐδὲν
526 1035 580 1088 λέ)
583 1049 699 1075 ουσι·
739 1035 824 1087 περὶ
863 1034 904 1074 δὲ
938 1039 1007 1074 τοῦ
1037 1033 1259 1083 δικαζεσθαι
1285 1053 1424 1084 παντες
1451 1054 1532 1078 πει-

91 1092 232 1140 ρῶνται
253 1095 458 1154 τεχνολογε
462 1096 508 1130 ῖν.
565 1092 751 1128 Isociates
790 1097 911 1128 autem
951 1092 987 1127 in
1025 1090 1208 1129 Oratione
1251 1092 1430 1131 adversus
1460 1094 1531 1131 So-

90 1145 232 1194 phistas
248 1143 343 1191 ³⁶25:
387 1145 513 1184 λοιποὶ
550 1145 591 1184 δέ
626 1146 720 1185 εἰσιν
754 1142 847 1196 ἡμῖν
884 1145 924 1184 οἱ
954 1142 1030 1197 πρὸ
1067 1143 1177 1196 ηιιῶν
1192 1144 1428 1213 γενόμενοι,
1465 1148 1532 1187 καὶ

89 1214 158 1245 τας
194 1199 429 1250 καλουμένας
473 1200 602 1251 τέχνας
643 1197 792 1265 γράψαι
828 1197 1106 1250 τολμήσαντες,
1153 1197 1222 1246 οὓς
1260 1199 1332 1241 οὐκ
1370 1200 1483 1253 ἄφετε
1469 1202 1531 1242 ὀν

90 1250 400 1305 ἆνεστιτιμητους,
443 1255 485 1293 ol
509 1271 607 1301 τινες
635 1253 839 1305 υπέσχοντο
870 1253 1094 1302 δικάζεσθαι
1122 1253 1312 1304 διδιιξειν,
1340 1256 1420 1296 ἐκλε
1405 1255 1530 1308 εξαμε-

89 1323 151 1348 νοι
187 1306 228 1348 τὸ
270 1310 393 1361 ὅυςχε
382 1308 556 1349 οέστατον
592 1313 668 1349 τῶν
707 1307 914 1360 ὀνομάτων.
971 1307 992 1349 ὅ
1029 1313 1105 1348 τῶν
1138 1308 1393 1360 φθονούντων
1411 1313 1529 1376 ἔργον

88 1364 140 1415 ἠν
175 1363 317 1417 λέγειν,
363 1362 445 1404 αλλ’
487 1362 533 1404 οὔ
574 1368 650 1404 τῶν
681 1362 929 1417 προεστώτων
963 1381 1031 1416 της
1068 1362 1247 1416 τοιαύτης
1283 1365 1527 1414 παιδεύσεως.

88 1417 155 1458 καὶ
182 1423 322 1468 ταῦτα,
346 1423 413 1459 τοῦ
442 1417 680 1487 πράγματος,
706 1417 803 1459 καθ
839 1418 932 1460 όσον
961 1419 1039 1459 ἐστι
1066 1418 1268 1470 διδακτὸν,
1298 1419 1384 1461 οὐδὲ
1375 1438 1410 1461 ν
1438 1427 1529 1474 μαλ-

87 1477 156 1513 λον
191 1472 289 1527 πρὸς
317 1472 405 1522 τοὺς
439 1472 658 1523 δικανικοὺς
686 1472 754 1529 λόγ
734 1489 844 1524 ν,ου5
880 1473 907 1528 ἡ
936 1472 1032 1529 πρὸς
1059 1473 1149 1523 τοὺς
1180 1473 1359 1525 αλλους
1344 1476 1526 1526 ἅπαντας,

89 1527 250 1580 ὠφελεῖν
279 1529 505 1582 δυναμένου.

586 1666 873 1706 CAPUT
928 1667 1036 1706 ΧΗ.

386 1747 552 1795 Antiqui
578 1747 721 1796 quoties
749 1747 809 1783 die
837 1746 958 1783 cibum
985 1746 1226 1796 sumpserint.

84 1823 236 1882 FALSA
267 1843 461 1881 multorum
490 1844 634 1881 animos
664 1845 856 1895 occupavit
885 1845 1030 1895 opinio,
1064 1851 1213 1882 veteres
1242 1844 1357 1882 semel
1386 1851 1525 1883 tantum

85 1899 146 1937 die
184 1898 304 1935 cibum
345 1900 564 1948 sumpsisse.
631 1900 775 1947 Quam,
816 1907 855 1937 ut
893 1908 1002 1950 puto,
1048 1906 1301 1950 conceperunt
1337 1913 1358 1936 e
1400 1901 1526 1937 verbis

86 1954 279 1999 Platonis,
321 1955 380 2003 qui
420 1955 456 1990 in
488 1955 548 1991 illa
590 1955 702 1992 nobili
745 1955 901 2005 epistola
945 1952 1130 2002 aitiiffi‘),
1172 1955 1407 2004 displicuisse
1436 1956 1524 2002 sibi,

86 2008 183 2060 quod
225 2009 260 2045 in
295 2007 424 2045 Sicilia
462 2009 518 2046 bis
561 2009 619 2047 die
659 2011 775 2047 saturi
813 2010 957 2048 fierent.
1018 2008 1095 2047 Sed
1137 2009 1235 2046 aliud
1263 2016 1342 2055 est,
1389 2023 1525 2061 capere

87 2065 234 2108 cibum,
277 2062 376 2100 aliud
406 2062 668 2114 ἐμπιπλᾶσθαι
683 2064 745 2116 †).
801 2064 885 2115 Ego
914 2066 950 2102 in
979 2064 1209 2102 Graecorum
1236 2063 1525 2103 Commentariis

85 2120 261 2169 reperio,
301 2125 432 2168 quater
469 2118 529 2156 die
566 2120 666 2170 ipsos
703 2120 785 2156 cibo
823 2134 866 2158 ae
897 2127 983 2171 potu
1015 2133 1149 2170 corpus
1180 2120 1338 2157 reficere
1369 2121 1521 2158 solitos:

85 2173 183 2224 quod
223 2174 334 2211 etiam
367 2173 478 2211 hodie
508 2175 629 2212 multis
660 2175 751 2212 locis
783 2175 822 2211 fit
851 2175 946 2227 apud
977 2175 1153 2225 quasdam
1181 2176 1428 2242 tr’ansalpinas
1460 2189 1525 2213 na-

83 2231 222 2266 tiones.
282 2228 447 2266 Primum
488 2229 634 2280 quidem
678 2229 852 2267 diluculo.
923 2229 966 2267 ld
993 2231 1174 2268 vocabant
1203 2226 1434 2281 ακρατισμὸν
1463 2237 1526 2268 aut

85 2281 317 2337 ἄκρατισμαι
353 2283 450 2333 quod
479 2299 549 2321 non
580 2285 750 2330 dilutum,
783 2284 849 2322 sed
875 2298 1033 2332 merum,
1066 2293 1104 2322 ut
1134 2286 1186 2322 ait
1216 2286 1405 2323 Ausonius
1423 2285 1522 2338 ††)‚

84 2352 224 2377 merum
254 2339 444 2376 biberent.
488 2347 549 2377 aut
579 2341 687 2377 etiam
718 2337 1006 2391 διανηστισμόν,
1045 2353 1151 2391 quam
1183 2354 1310 2378 vocem
1340 2354 1412 2378 una
1442 2354 1525 2378 cum

85 2407 128 2432 re
167 2395 247 2445 ipsa
271 2401 456 2431 nostrates
486 2396 733 2433 retinuerunt
797 2397 1033 2447 Sequebatur
1062 2392 1238 2446 αριστ-ονε
1278 2396 1329 2433 ita
1368 2395 1523 2441 dictum,

86 2448 182 2500 quod
221 2456 349 2500 postea
382 2456 574 2500 oporteret
613 2447 831 2502 ἀριστεύειν.
889 2450 980 2489 Inde
1019 2449 1248 2503 ἓσπέρισμαε
1289 2452 1394 2489 cuius
1433 2451 1526 2489 hora

160 2609 202 2645 ³2)
231 2617 300 2645 cap.
327 2611 356 2638 1.
381 2616 454 2645 pag.
484 2611 602 2641 13541).
630 2613 734 2641 Bekk.
780 2614 860 2642 Post
888 2615 987 2642 xeiba
1014 2608 1097 2653 περὶ
1121 2605 1164 2641 τὰ
1189 2602 1418 2652 δημηγορικοὶ
1444 2612 1527 2642 adde

87 2649 150 2683 καὶ
175 2647 356 2682 δικανικοὶ.

158 2711 198 2735 *⁴¹
198 2710 228 2746 )
250 2710 282 2745 §.
295 2708 342 2738 19.
359 2713 432 2742 pag.
443 2706 513 2736 433.
532 2709 643 2739 Reisk.
665 2712 983 2747 pag.331sq.13ekk.
1011 2707 1152 2740 Λοιποὶ
1176 2705 1216 2740 δ’
1243 2704 1333 2752 ἡμῖν
1355 2707 1448 2742 εἰσιν
1466 2713 1528 2742 cet.

159 2758 253 2794 *mk-J
274 2756 377 2792 Epist.
399 2755 466 2783 VII.
488 2763 559 2790 pag.
580 2758 651 2787 326.
673 2761 768 2788 ast.

159 2811 205 2849 ἦ)
227 2811 325 2840 Scrib.
346 2803 620 2848 ἐμπίπλασθαι,
641 2811 705 2841 vid.
725 2812 864 2841 Lobeek.
885 2813 924 2840 ad
945 2814 1065 2847 Phryn.
1087 2820 1158 2849 pag.
1180 2814 1222 2843 95
1241 2822 1290 2851 sq.

158 2858 232 2897 ἢῆ)
254 2859 359 2894 Epigr.
380 2860 446 2888 XX.
471 2866 501 2887 v.
524 2860 573 2889 12.
1197 2898 1262 2941 6*

1564 386 1605 415 88
