1726 3106
570 101 667 140 LIB.
701 101 753 142 11.
814 100 932 141 CAP.
961 99 1034 139 IX.
1466 101 1520 144 37

80 212 167 256 τινα
205 228 295 255 ποτε
307 209 477 281 γνώμην
514 209 609 259 ε’ξετε
637 210 723 263 περὶ
749 213 824 250 τῶν
859 213 906 265 τῆ
937 209 1091 263 πατοίδι
1119 207 1409 278 συμφερόντων,
1451 210 1516 250 καὶ

78 268 242 320 πότερον
276 265 344 316 τὰς
378 268 477 314 ἰδίας
507 264 652 306 τούτων
691 266 925 332 δωροδοκίας
966 265 1032 305 καὶ
1069 265 1254 331 πονηρίας
1285 263 1516 320 ἀναδέχεσθε

78 326 133 373 εἰς
167 323 266 376 ὑμᾶς
295 319 454 370 αὐτοὺς,
490 318 516 373 ’ἧ
546 319 713 375 φανερὸν
739 324 856 360 πᾶσιν
884 318 1108 385 ἀνθρώποις
1135 317 1329 373 ποιήσετε,
1366 318 1425 361 ὅτι
1454 336 1512 372 μι-

77 385 174 421 σεῖτε
198 377 287 428 τοὺς
314 375 412 419 κατὰ
438 380 508 428 τῆς
532 378 720 424 πολιτείας
750 377 856 428 δῶοα
883 372 1154 427 λαμβανοντας.

552 507 839 547 CAPUT
894 506 1024 546 VIII.

127 588 234 638 Quod
261 587 450 626 Victorius
478 587 524 623 cle
556 593 710 624 auctore
741 585 833 623 libri
865 586 910 623 de
938 585 1082 623 Mundo
1111 585 1163 622 ad
1189 584 1458 623 Alexandrum

483 642 669 689 otmeclc'de'c
700 653 826 679 vetum
854 653 928 678 non
958 640 1093 677 videri.

70 722 237 788 Lmen,
267 741 329 792 qui
356 740 466 791 vulgo
486 738 543 778 A1
547 740 681 778 istoteli
706 739 896 784 tribuitui,
929 736 974 776 de
995 736 1138 777 Mundo
1166 735 1213 775 ad
1237 735 1506 800 Alexandrum,

71 798 157 848 quin
180 797 397 834 Aristotelis
427 809 500 833 non
530 797 600 841 sit,
632 796 771 832 nemini
799 794 947 832 dubium
979 806 1066 831 esse
1094 793 1270 831 albitror.
1330 791 1441 838 Nam,
1475 793 1507 830 si

10 894 12 898 .
70 852 163 890 nihil
201 850 323 897 aliud,
361 851 479 902 ipsum
512 858 613 888 certe
651 849 824 888 dictionis
854 862 969 899 genus
1006 849 1057 886 ita
1087 849 1132 886 ab
1162 848 1394 885 Aristoteleo
1432 848 1506 885 dis-

70 907 184 953 sidet,
211 914 251 944 ut
280 919 360 944 eam
392 905 677 957 discrepantiam
708 906 767 955 qui
796 918 867 941 non
894 903 1034 949 videat,
1067 903 1157 941 nihil
1185 904 1332 940 omnino
1358 901 1505 948 videat3

70 963 141 1000 etsi
174 962 264 1000 Iusti
271 975 337 999 nus
370 961 518 1012 Martyi
557 960 597 1000 ἐν
632 964 684 1013 τῷ
720 956 816 1012 πρὸς
832 957 1025 1009 “'Esliryvag
1063 961 1316 1012 παοαινετικῷ
1344 954 1387 997 λό
1391 955 1506 1012 γῳῖἕ)

69 1030 152 1056 eum
181 1017 377 1054 Aristoteli
406 1017 571 1053 tribuere
602 1016 759 1052 videtur.
820 1014 897 1051 Sed
932 1013 1028 1064 quod
1055 1013 1193 1051 Petrus
1222 1013 1418 1052 Victorius
1422 1010 1505 1076 ᾗῇ)

68 1073 210 1123 putavit
236 1084 276 1109 se
306 1084 433 1109 verum
465 1071 562 1107 illius
589 1077 777 1107 auctorem
808 1069 1021 1117 reperisse,
1049 1070 1085 1106 in
1114 1082 1159 1107 eo
1186 1068 1301 1105 falsus
1331 1068 1506 1118 opinione

68 1140 134 1164 sua
164 1125 322 1164 videtur.
372 1125 506 1175 Neque
538 1138 625 1162 sane
657 1125 747 1162 satis
777 1124 903 1160 mirari
932 1137 1105 1173 possum,
1139 1121 1224 1186 quid
1255 1123 1439 1159 hominem
1470 1129 1509 1159 et

67 1195 201 1232 magna
230 1179 414 1225 doctrina,
449 1187 486 1217 et
509 1181 587 1217 acri
615 1179 750 1216 iudicio
781 1177 984 1229 praeditum
1017 1179 1198 1223 moverit,
1232 1184 1272 1214 ut
1302 1177 1401 1214 nullo
1433 1177 1507 1215 alio

66 1243 309 1287 argumento,
356 1235 428 1273 nisi
466 1234 561 1285 quod
599 1235 779 1272 Nicolaus
817 1233 1075 1270 Damascenus
1113 1231 1248 1284 aliquid
1290 1231 1421 1270 iisdem
1461 1231 1507 1269 de

65 1293 178 1331 rebus
220 1291 440 1342 scripserit,
493 1291 623 1327 libium
664 1302 746 1327 eum
787 1289 884 1326 illius
930 1301 1014 1325 esse
1054 1288 1259 1326 affirmarit.
1326 1286 1507 1324 Nicolius

66 1348 190 1392 enim,
220 1354 258 1384 ut
287 1353 410 1383 notum
440 1351 520 1391 est,
551 1344 714 1395 Augusti
742 1343 969 1394 temporibus
1001 1343 1105 1382 vixit.
1161 1344 1214 1380 At
1244 1342 1339 1380 liber
1368 1342 1430 1379 ille
1461 1340 1508 1379 ad

64 1401 321 1441 Alexandrum
351 1401 512 1450 Philippi
550 1401 661 1437 filium
698 1400 859 1449 scriptus
899 1405 972 1436 est.
1035 1398 1229 1445 Quomodo
1270 1399 1385 1447 igitui
1413 1397 1506 1434 haec

66 1456 251 1509 quadrare
280 1455 463 1508 possunt?
499 1469 571 1493 non
604 1456 700 1493 enim
733 1455 850 1491 minus
883 1453 1068 1491 rediculus
1097 1455 1230 1491 fuisset
1259 1453 1329 1490 hae
1359 1453 1505 1490 ratione

64 1512 270 1558 Nicolaus‚
308 1524 414 1563 quam
454 1511 485 1547 si
521 1511 602 1561 quis
638 1509 748 1547 hodie
783 1508 829 1547 ad
857 1508 1071 1556 Priamum,
1113 1516 1175 1546 aut
1212 1507 1258 1546 ad
1299 1508 1506 1545 Hectorem

66 1568 265 1605 scriberet.
325 1566 452 1616 Itaque
483 1567 591 1604 etiam
622 1566 652 1603 si
684 1572 793 1602 antea
822 1564 1001 1602 creditum
1035 1572 1163 1611 esset,
1195 1564 1327 1601 librum
1357 1563 1456 1600 illum
1483 1575 1506 1600 a

64 1622 225 1661 Nicolao
255 1622 456 1672 scriptum,
497 1628 620 1658 tamen
655 1619 693 1656 id
724 1620 854 1656 falsum
894 1632 978 1657 csse
1015 1626 1144 1670 aperte
1175 1632 1242 1666 eo,
1283 1617 1379 1669 quod
1411 1617 1502 1664 dixi,

63 1684 284 1728 argumento
303 1677 603 1715 convinceretur.
645 1674 811 1720 Nedum,
834 1675 870 1712 iu
889 1681 991 1713 tanta
1012 1681 1220 1727 temporum
1241 1673 1504 1726 repugnantia,

63 1734 144 1771 sine
174 1733 246 1771 ulla
273 1733 378 1770 firma
405 1732 550 1771 ratione
581 1731 617 1769 ei
645 1730 757 1768 tribui
786 1728 936 1769 debeat.

565 1862 849 1902 CAPUT
913 1861 991 1901 IX.

117 1944 243 1981 Pisces
266 1942 448 1992 parvulos
479 1954 502 1979 α
530 1941 736 1979 maioribus
765 1941 964 1985 devorari,
992 1939 1191 1977 mullorum
1220 1937 1447 1986 scriptorum

195 1999 414 2036 testimoniis
443 1997 716 2048 eorgfirmatum.
776 1997 1006 2035 Emendalus
1037 1994 1223 2032 Varronis
1252 1994 1366 2031 locus.

62 2076 243 2134 PETRUS
281 2095 470 2134 Victorius
507 2096 603 2134 libro
644 2103 748 2135 sexto
784 2094 988 2134 Variarum
1024 2094 1221 2131 lectionum
1238 2089 1367 2142 ἢῆ,
1417 2102 1500 2128 cum

64 2152 239 2197 doceret,
270 2151 309 2189 id
339 2151 435 2202 quod
462 2151 645 2202 hodieque
674 2150 861 2215 proverbii
890 2150 972 2187 loco
1004 2148 1154 2193 dicitur,
1186 2147 1344 2184 minutos
1376 2145 1500 2196 pisces

62 2206 266 2246 maioribus
293 2220 360 2257 pro
390 2207 473 2244 cibo
501 2219 610 2252 esse,
641 2208 750 2244 etiam
779 2206 939 2256 antiquis
968 2203 1197 2254 temporibus
1228 2202 1301 2240 dici
1329 2202 1497 2238 solitum:

63 2262 295 2300 confirmavit
333 2261 370 2299 id
409 2261 551 2299 duobus
592 2262 683 2299 locis
719 2262 897 2312 prolatis,
933 2273 1007 2298 uno
1038 2258 1212 2321 ΡοΙ)1)Ηίἰ,
1255 2257 1374 2294 altero
1404 2255 1502 2292 Var-

63 2318 181 2356 ronis.
242 2315 317 2354 Sed
353 2317 538 2356 Varronis
575 2330 730 2361 versus,
771 2317 843 2354 nisi
884 2329 940 2353 me
977 2315 1068 2352 sulit
1101 2313 1255 2377 opinio,
1299 2324 1371 2349 non
1409 2310 1500 2347 satis

63 2370 258 2410 emendate
288 2373 448 2422 scriptos
480 2373 646 2422 protulit.
706 2371 841 2410 Visum
873 2378 930 2408 est
959 2371 1073 2420 igitur
1099 2369 1150 2406 ita
1180 2381 1244 2405 eos
1271 2378 1497 2418 proponere,

62 2435 104 2464 ut
137 2426 418 2476 distinguendos
458 2426 782 2479 emendandosque
826 2425 1046 2466 aibitiarer.
1114 2423 1241 2463 Varro
1284 2420 1498 2473 Margopoli

61 2497 149 2535 περι
175 2478 300 2535 ἀρχῶν
315 2481 389 2535 †)·

137 2619 180 2655 *J
201 2626 272 2655 pag.
292 2620 323 2650 6.
343 2622 381 2650 Β.
401 2621 449 2651 ed.
471 2621 582 2651 colon.

137 2668 206 2704 ἢῆ)
226 2669 303 2698 Var.
325 2670 411 2699 Lect.
430 2669 483 2698 lib.
504 2670 599 2698 XXV.
620 2675 687 2704 cap.
711 2668 759 2697 13.

137 2718 201 2743 *222
202 2716 232 2752 J
251 2724 320 2752 cap.
340 2718 370 2746 S.

135 2763 194 2815 †}
204 2764 543 2799 Ap.Nomun1119S.
575 2765 904 2799 ApuuMe1cer.pag
921 2763 970 2792 81.
993 2761 1039 2790 ed.
1056 2760 1142 2795 Lips.
1161 2757 1308 2789 scribitm
1322 2758 1498 2794 Mar-copule·

66 2803 149 2848 περὶ
173 2802 293 2847 ἀρχῆς
334 2808 381 2839 cf.
401 2808 456 2838 ins.
474 2809 527 2838 lib
548 2808 601 2837 1V.
622 2816 690 2843 cap.
710 2808 739 2838 5.
