1778 3096
133 1943 195 1974 293

205 93 287 137 250
765 89 896 132 VAR.
928 88 1082 128 LECT.

679 224 972 264 CAPUT
1027 223 1177 272 XVII.

408 318 462 355 De
494 316 590 355 libro
618 314 908 355 Proverbiorum
940 324 1061 363 nuper
1089 314 1188 352 edito
1220 315 1450 353 Florentiae.

210 420 286 477 Ne
327 438 408 489 quis
443 450 502 476 me
541 444 668 489 putet,
714 449 809 489 quae
846 433 1030 486 superiori
1073 433 1194 484 eapite
1233 433 1308 473 dixi
1351 435 1397 474 de
1436 435 1654 475 Florentina

212 494 503 533 proverbiorum
535 493 723 539 editione,
768 493 849 530 sine
881 503 993 528 causa
1027 487 1168 526 dixisse
1206 497 1244 528 et
1273 492 1417 529 alienae
1447 490 1656 530 industriae

203 551 375 600 viniquum
408 550 700 587 existimatorem
733 548 873 585 fuisse:
906 558 1107 596 proponam
1135 544 1194 582 hic
1226 545 1363 597 aliquot
1391 547 1585 598 exempla,
1618 553 1659 585 ut

213 606 372 657 quidque
403 612 597 643 occurret:
634 617 706 642 non
729 603 826 640 enim
857 601 943 638 mihi
974 607 1111 637 tantum
1138 606 1195 637 est
1222 602 1304 647 otii,
1330 609 1370 639 ut
1391 602 1517 653 plures
1545 602 1658 640 horas

214 674 258 698 ea
290 662 324 698 in
357 674 398 698 rc
430 660 589 712 perdere
615 660 750 697 libeat:
783 670 830 694 ex
850 656 982 709 quibus
1009 655 1071 693 illa
1098 668 1186 693 vere
1217 668 1260 692 ae
1285 658 1416 694 merito
1444 657 1541 695 dicta
1571 670 1658 696 esse

213 717 456 765 intelligatur.
516 715 665 766 Atque,
704 721 743 751 ut
774 713 859 750 hinc
891 710 1086 756 exordiar,
1127 711 1178 747 ait
1211 711 1345 749 alicubi
1383 713 1418 749 in
1452 712 1546 750 Odis
1579 713 1660 750 Ho-

214 773 330 810 ratius
350 769 418 822 ᾗ),
453 784 494 809 se
525 771 671 809 Veneri
703 768 917 806 sacrificare
948 766 1063 812 velle,
1094 779 1200 817 quam
1231 767 1268 804 in
1299 780 1341 805 se
1374 768 1482 805 nimis
1511 780 1660 806 saevam

215 828 454 878 experiatur:
488 838 642 877 sperare
671 831 815 869 autem,
848 823 909 861 ubi
936 822 971 859 ci
999 821 1156 858 hostiam
1189 823 1430 869 mactaverit,
1461 823 1559 860 illam
1589 823 1662 862 sibi

215 883 396 920 leniorem
436 883 531 920 fore.
592 881 717 930 Atque
750 879 819 917 hoe
850 880 899 916 ita
941 878 1137 927 exprimit:
1178 879 1349 916 Mactata
1381 879 1505 916 veniet
1542 880 1664 917 lenior

216 939 354 976 hostia.
407 937 499 975 Inde
519 936 700 974 Erasmus
726 933 824 972 aliud
849 934 1017 984 cogitans
1048 932 1281 983 proverbium
1307 934 1464 979 fecerat,
1490 935 1664 973 Mactata

215 995 339 1032 hostia
377 994 519 1039 lenior,
565 998 604 1029 et
642 990 879 1035 adfirmarat,
922 988 997 1025 diei
1029 989 1074 1025 de
1107 989 1320 1038 spontaneis
1358 1002 1402 1026 ac
1442 989 1660 1027 mansuetis.

215 1049 354 1087 Nonne
390 1048 552 1100 oportuit
590 1055 662 1084 tam
695 1045 887 1083 ridiculam
920 1044 1267 1094 interpretationem
1308 1043 1386 1081 tolli
1415 1043 1461 1081 ab
1491 1044 1562 1090 iis,
1601 1045 1663 1096 qui

216 1117 237 1142 a
268 1117 307 1141 se
338 1104 451 1141 falsas
481 1102 812 1154 interpretationes
843 1100 1007 1137 sublatas
1038 1112 1125 1136 esse
1156 1099 1450 1149 profiterentur?
1505 1098 1600 1137 Nam
1632 1101 1665 1138 si

217 1160 298 1210 quis
334 1160 392 1196 vel
430 1161 599 1210 inspecto
631 1158 780 1194 Horatii
820 1157 900 1193 loco
943 1168 1014 1192 non
1056 1153 1215 1200 viderit,
1257 1168 1363 1205 quam
1401 1154 1470 1192 hoc
1507 1154 1663 1193 ridicule

216 1214 352 1252 dictum
385 1216 452 1252 sit·:
486 1226 600 1265 prope
624 1219 697 1258 est,
726 1219 766 1249 ut
795 1212 865 1249 alia
888 1209 1076 1262 proverbii
1106 1211 1221 1260 ligura
1251 1210 1349 1247 dieat
1374 1210 1522 1261 aliquis,
1546 1211 1666 1249 minus

217 1271 254 1308 ei
283 1283 367 1307 esse
398 1282 548 1315 sensus,
581 1282 686 1319 quam
719 1273 902 1304 mactatae
934 1266 1091 1302 hostiae.
1152 1264 1308 1302 Plautus
1338 1265 1468 1303 ludens
1501 1264 1664 1312 dixerat,

216 1325 528 1376 Amphitruonem
561 1337 664 1361 suam
701 1334 822 1372 neque
858 1319 1111 1370 tragoediam,
1154 1333 1274 1371 neque
1305 1327 1427 1358 tamen
1466 1320 1574 1371 plane
1605 1334 1668 1359 co-

218 1380 402 1419 moediam
436 1381 541 1423 fore,
575 1378 640 1416 sed
674 1375 1011 1427 tragocomoediam
1029 1372 1119 1425 iffi).
1165 1375 1231 1412 Isti
1264 1376 1358 1413 hanc
1390 1376 1505 1426 ipsam
1534 1389 1666 1414 vocem

216 1434 598 1490 κωμῳδοτραγῳδίαν
628 1432 865 1484 proverbium
892 1443 977 1468 esse
1006 1429 1181 1467 dixerunt
1207 1429 1253 1467 de
1279 1444 1335 1476 re,
1360 1444 1454 1482 quae
1480 1444 1527 1468 ex
1557 1432 1667 1470 laetis

220 1493 326 1529 simul
367 1498 406 1528 et
445 1490 613 1528 tristibus
654 1494 860 1525 constaret.
920 1485 1016 1532 Quis
1057 1486 1173 1534 igitur
1214 1484 1343 1522 modus
1383 1486 1667 1536 proverbiorum

220 1545 505 1584 scribendorum
542 1546 688 1581 futurus
719 1550 796 1587 cst,
846 1542 876 1578 si
906 1541 995 1578 talia
1025 1553 1170 1591 quoque
1208 1540 1404 1590 proverbia
1437 1542 1670 1591 accipimus?

220 1602 490 1653 Cognoverant
537 1612 584 1637 ex
624 1593 945 1648 Va1·roue³“⁵'³'⁶*),
999 1597 1037 1632 in
1082 1595 1228 1644 hulgam
1271 1607 1338 1632 scu
1375 1596 1539 1634 vesicam
1583 1598 1669 1636 olim

220 1657 331 1695 condi
362 1657 491 1694 solitos
529 1667 675 1693 numos.
737 1653 869 1691 Statim
902 1658 1024 1688 natum
1055 1651 1290 1702 proverbium
1323 1658 1405 1688 est:
1447 1653 1517 1690 Ad
1544 1654 1673 1692 oculos

221 1715 365 1764 magia,
412 1724 522 1763 quam
563 1711 616 1748 ad
654 1710 816 1747 vesicam
851 1708 1034 1758 pertinet.
1101 1704 1186 1753 Quo
1230 1707 1424 1757 praeclaro
1472 1708 1672 1757 proverbio

221 1770 319 1820 quis,
354 1780 510 1819 quaeso,
537 1778 708 1816 umquam
737 1764 910 1814 antiquus
944 1763 1106 1813 scriptor
1133 1774 1223 1799 usus
1253 1760 1341 1799 est?
1391 1761 1530 1800 Saltem
1562 1777 1672 1802 unum

221 1826 418 1862 citassent.
478 1820 659 1860 Eiusdem
691 1820 844 1870 generis
876 1824 962 1855 sunt
997 1818 1082 1854 illa:
1126 1818 1254 1856 Flavii
1279 1830 1413 1855 cursus
1439 1831 1513 1856 non
1548 1819 1675 1857 detor·-

223 1882 414 1931 qaendas:
459 1880 588 1916 Paaea
625 1877 721 1914 male
755 1881 896 1926 parta,
945 1874 1061 1911 malta
1100 1873 1190 1910 bene
1227 1879 1446 1923 comparata
1478 1875 1671 1924 perdant.-

226 1936 467 1973 Conscientia
509 1934 649 1971 crimen
680 1931 834 1982 prodit.-
883 1931 1021 1967 Patere
1059 1930 1178 1978 legem
1194 1955 1205 1973 ‚
1251 1941 1360 1978 quam
1398 1930 1476 1978 ipse
1526 1930 1671 1969 callisti.-

229 1992 397 2029 Tandem·
429 2002 572 2040 pecus,
624 2000 697 2024 non
740 1986 833 2024 radi
875 1984 1010 2022 debet:
1068 1984 1308 2034 Temporibus
1353 1985 1496 2021 servire
1544 1985 1673 2024 decet.-

222 2046 413 2096 Pygmaei
437 2045 498 2082 vet
529 2043 755 2081 Thiodamas
793 2054 874 2079 cum
901 2039 1087 2078 Hercule:
1128 2041 1250 2077 Amor
1264 2038 1321 2088 fit
1356 2040 1417 2076 ira
1448 2040 1672 2079 iucundior.-

225 2103 410 2152 Volaptas
440 2100 621 2136 malorum
651 2109 762 2134 esca.-
796 2103 833 2133 et
853 2096 956 2140 talia,
989 2091 1062 2133 ’ὅσα
1088 2090 1208 2140 κόνις.
1256 2093 1307 2130 Ut
1338 2094 1435 2132 enim
1458 2094 1674 2143 quibusdam

225 2156 436 2194 hominibus
467 2153 560 2191 male
591 2151 760 2196 affectis,
805 2148 981 2201 quicquid
1012 2148 1150 2194 edunt,
1191 2149 1229 2185 in
1263 2148 1373 2186 bilem
1404 2155 1467 2186 aut
1495 2150 1531 2186 in
1562 2151 1674 2200 pitui-

226 2219 323 2256 tam,
357 2212 406 2248 ita
439 2210 545 2256 istis,
577 2205 749 2258 quicquid
779 2205 931 2256 legunt,
963 2205 1000 2241 in
1032 2202 1267 2254 proverbium
1292 2204 1464 2241 vertitur.
1526 2204 1675 2243 Versus

228 2275 286 2305 est
314 2265 451 2304 Catulli
484 2277 530 2302 ex
560 2261 811 2312 Epithalamio
826 2259 903 2312 †).
953 2260 1083 2298 Omnia
1114 2260 1284 2297 omnibus
1312 2261 1458 2297 annuit.
1517 2258 1676 2298 Descri-

228 2330 385 2374 pserunt
414 2320 460 2359 ad
491 2318 668 2366 verbum,
706 2329 801 2368 quae
832 2329 902 2367 ego
929 2315 1063 2353 abhinc
1093 2315 1225 2365 viginti
1257 2328 1376 2352 annos
1405 2314 1452 2353 ad
1481 2328 1562 2354 eum
1591 2328 1678 2355 ver-

306 2487 349 2523 212)
378 2489 402 2516 1.
426 2485 472 2515 19.
492 2487 574 2514 extr.

305 2546 374 2583 {etz-J
395 2546 480 2576 Prol.
501 2553 532 2575 v.
552 2545 604 2574 59.
623 2544 677 2574 ubi
697 2545 795 2580 vulgo
814 2543 931 2580 legitur
950 2543 1239 2580 trayz'cocomoedia.

308 2606 401 2642 -:::-=.::->.::-)
429 2607 477 2635 De
504 2607 552 2634 Re
581 2606 673 2634 Rust.
701 2605 754 2633 lib.
776 2606 828 2632 111.
849 2611 916 2637 cap.
941 2603 988 2632 17.
1011 2602 1043 2637 S.
1065 2603 1094 2631 2.
1122 2602 1195 2631 illae
1219 2602 1318 2631 autem
1345 2601 1517 2629 maritimae
1543 2601 1680 2636 piscinae

232 2647 379 2674 nobilium
484 2644 607 2679 nzayz's
634 2644 681 2670 ad
709 2643 848 2670 oculos
874 2642 1082 2676 pertinent
1108 2647 1222 2675 quam
1248 2641 1295 2668 ad
1322 2639 1494 2668 vesicam
1521 2640 1551 2668 et
1575 2640 1679 2674 potius

233 2685 423 2718 marsupium
442 2682 556 2710 domini
577 2681 759 2708 ammanium
778 2686 868 2715 quam
887 2679 1022 2714 implent.

308 2740 353 2778 †)
386 2744 435 2769 Ex
457 2741 561 2770 Carni.
583 2741 658 2768 LXI.
685 2740 753 2768 163.
781 2739 812 2767 in
840 2738 967 2772 nuntias
987 2737 1088 2766 Iuliae
1117 2739 1148 2765 et
1169 2735 1291 2765 Manlii.
1329 2735 1400 2765 vm.
1422 2737 1502 2763 Mur.
1523 2735 1626 2763 schol.
1647 2734 1680 2763 in

230 2780 336 2807 samu
372 2780 453 2813 Onu.
475 2780 565 2806 'rom
586 2780 624 2806 Π.
648 2784 716 2812 [γαπ.
740 2776 812 2805 801.
834 2783 915 2811 quae
936 2776 1118 2810 prodierunt
1139 2781 1167 2803 a.
1191 2773 1280 2802 1554.
1301 2773 1340 2801 de
1360 2772 1566 2807 inscriptione
1586 2772 1680 2801 huius

229 2818 378 2844 carminis
400 2817 476 2845 ibid.
499 2823 571 2851 pag.
593 2816 663 2844 792.
686 2815 756 2844 798.
797 2814 845 2845 Cf.
866 2815 901 2844 P.
925 2813 1039 2843 Lazeri
1060 2812 1163 2842 Diatr.
1183 2813 1271 2841 Tom.
1291 2812 1345 2841 IV.
1365 2817 1436 2847 pag.
1456 2811 1527 2839 628.
1567 2811 1678 2839 Faesn
