1726 3106
546 126 650 165 [ΑΒ.
682 126 736 167 Χ.
797 125 916 166 CAP.
950 126 1022 166 Xl.
1426 127 1508 168 225»

65 245 168 276 turus
198 239 280 277 loco
311 236 382 276 sibi
411 236 598 283 cavisset,
628 237 751 283 Idem,
779 236 921 287 inquit,
953 237 1069 275 hoece
1097 236 1269 286 Pyrrhus
1286 235 1501 287 saclilcwil.

63 294 181 341 Quasi
210 292 338 331 eadem
379 293 475 329 ratio
504 291 643 343 Pyrrhi
674 293 831 338 fuisset,
874 304 967 342 quae
1001 299 1074 329 tum
1107 297 1189 329 erat
1216 291 1329 328 itlius.
1391 290 1441 327 Et
1468 293 1505 329 in

61 348 192 386 eadem
224 348 345 385 fabula
359 345 406 399 ³li)
448 360 528 383 cum
568 345 615 384 de
643 345 832 384 deditione
874 347 1058 396 cogitaret
1087 346 1232 396 iamque
1266 358 1306 383 se
1336 345 1505 396 impurae

60 402 301 440 mulierculae
331 402 367 438 in
395 401 610 438 servitutem
641 401 918 451 mancipaturus
948 408 1064 447 esset,
1099 403 1174 451 Qui
1201 402 1338 445 minus,
1369 401 1502 452 inquit,

62 470 170 507 quam
200 458 382 495 Hercules
414 458 567 494 servivit
599 456 826 505 Omphalae?
882 454 954 492 Est
986 463 1109 493 autem
1138 455 1267 492 horum
1297 456 1502 492 consimilis

59 512 165 548 iocus
196 518 233 548 et
261 510 356 561 apud
384 510 555 547 Plautum
587 512 622 548 in
652 509 839 561 Epidico,
871 510 933 547 11111
962 522 1091 547 servus
1123 523 1144 547 e
1176 510 1305 547 militia
1332 508 1500 556 rediens,

59 564 106 603 dc
137 566 248 603 herili
281 567 377 611 lilio,
420 566 480 616 qui
510 579 612 603 arma
645 573 708 603 aut
746 566 922 603 amiserat
950 572 1011 602 11111
1046 563 1287 608 vendiderat,
1329 565 1500 615 loquens,

58 621 134 666 ait,
176 620 213 657 id
245 621 278 657 ei
310 621 512 670 gloriosum
546 622 649 659 fore:
697 633 780 658 nam
810 619 906 657 idem
943 620 1030 657 olim
1067 620 1179 656 etiam
1209 619 1348 656 Achilli
1381 621 1502 656 eonti-

58 676 175 725 gisse.
228 674 368 712 Notum
398 683 455 712 est
483 683 621 721 autem,
654 681 693 712 ut
720 675 921 712 interfecto
947 674 1123 712 Patroclo
1136 672 1209 725 91611)
1240 673 1284 711 ad
1314 674 1501 712 Troianos

56 729 215 768 Achillis
245 743 347 767 arma
377 732 631 780 pervenerint.
692 729 768 767 Sed
794 729 918 767 Plauti
948 730 1049 766 locus
1075 729 1112 766 in
1144 729 1312 766 omnibus
1340 729 1501 780 vulgatis

55 784 161 822 libris
191 784 413 836 depravatus
444 792 514 822 est.
574 784 631 822 Ita
658 785 753 822 enim
783 785 921 835 legitur
934 783 1067 836 ***):

140 864 218 902 Sed
247 863 315 913 qui
337 862 424 900 ais?
480 863 561 900 ΤΗ.
600 862 691 913 quid
718 862 864 912 rogas?
919 860 993 899 ΕΡ.
1033 860 1102 897 ubi
1131 870 1238 897 arma
1267 867 1358 899 sunt
1386 864 1500 900 Stra-

994 915 1174 965 ttppoeli?

136 972 216 1011 ΤΗ.
248 973 319 1011 Pol
334 973 403 1010 illa
430 972 482 1009 acl
508 972 635 1010 hostes
657 971 960 1023 transfitgerunt.
1016 970 1090 1007 Er.
1124 970 1311 1008 armano?
1357 970 1434 1008 ΤΗ.
1462 978 1501 1010 et

994 1026 1139 1075 quidem
1169 1026 1258 1062 cito.

136 1080 212 1119 ΕΡ.
243 1082 403 1119 Serz‘one
420 1082 514 1119 dicis
533 1083 628 1119 llaec:
649 1081 720 1118 tle?
767 1080 845 1119 ΤΗ.
871 1081 986 1124 serio,
1010 1082 1175 1129 inquam,
1198 1081 1323 1117 hostes
1341 1080 1494 1118 habent.

135 1135 211 1174 Ep.
242 1137 418 1187 Aedepol
439 1136 603 1188 sacimas
639 1136 858 1187 improbum.
918 1135 997 1172 ΤΗ.
1039 1142 1081 1172 at
1106 1136 1179 1171 iam
1216 1141 1303 1172 ante
1340 1137 1411 1173 alii
1430 1136 1498 1188 se-

989 1196 1124 1227 cerunt
1146 1190 1257 1228 idem.

109 1257 110 1261 ¹
135 1247 226 1284 Eril
253 1247 314 1284 illi
338 1246 404 1283 illa
434 1258 496 1282 res
521 1246 670 1283 honori.

54 1322 131 1362 Sed
158 1336 225 1374 pro
255 1323 327 1360 alii
343 1321 424 1359 sine
453 1321 524 1359 ulla
546 1319 777 1359 dubitatione
801 1318 997 1370 legendum
1028 1326 1085 1357 est
1105 1318 1242 1359 Aehz'li
1258 1319 1367 1357 unico
1395 1319 1493 1373 l†),

52 1386 206 1430 propter
242 1389 415 1422 versum,
459 1383 500 1413 ut
539 1389 652 1427 saepe
681 1375 775 1427 apud
806 1375 1035 1413 Homerum:
1083 1375 1178 1427 quod
1219 1383 1258 1413 et
1288 1388 1357 1420 ca,
1399 1389 1494 1426 quae

52 1435 175 1471 statim
206 1439 433 1483 sequuntur,
465 1432 662 1469 manifesto
694 1431 898 1469 declarant.
961 1429 1069 1477 Quod
1100 1437 1222 1468 autem
1253 1431 1377 1467 statim
1409 1430 1496 1468 sub-

51 1490 196 1539 iungit,
239 1500 279 1525 se
308 1494 437 1538 putare
476 1500 580 1525 arma
608 1486 868 1537 Stratippoclis
901 1485 1116 1523 fabricatum
1150 1498 1236 1523 esse
1264 1485 1491 1532 Vulcanum,

52 1544 224 1595 quoniam
256 1541 300 1580 ad
328 1542 454 1579 hostes
485 1542 771 1579 travolaverint:
806 1554 851 1579 eo
880 1542 1056 1590 pertinet,
1091 1540 1188 1591 quod
1216 1537 1263 1580 τὰ
1289 1537 1494 1590 Ἡφαιστό-

51 1614 187 1638 τευκτα
216 1597 432 1648 plerumque
464 1597 624 1633 animata
645 1603 772 1633 erant:
805 1603 845 1632 ut
874 1595 926 1632 illi
957 1594 1138 1645 tripodes,
1160 1595 1206 1632 (ie
1237 1596 1367 1646 quibus
1396 1595 1494 1646 apud

50 1653 296 1692 Aristotelem
320 1653 439 1702 primo
460 1651 702 1688 Politicorum
719 1649 822 1703 ††),
854 1662 944 1701 quos
966 1651 1021 1688 ait
1042 1650 1233 1689 Homerus
1249 1649 1364 1705 †††)
1383 1647 1494 1692 αὐτο-

49 1706 195 1760 μάτους
223 1712 335 1748 θεῖον
363 1703 529 1746 δύεσθαι
556 1703 699 1759 ἀγῶνα.

564 1823 849 1866 CAPUT
903 1821 984 1864 XI.

160 1908 218 1945 De
247 1905 400 1945 libidine
427 1906 696 1945 Emzucltorum
725 1916 851 1941 verum
880 1916 984 1950 esse,
1023 1903 1124 1954 quod
1151 1912 1189 1940 a·
1207 1903 1382 1941 Terentio

650 1960 790 1997 dictum
820 1963 890 1996 est.

50 2039 156 2097 Non
192 2072 325 2098 vanum
356 2066 436 2105 est,
480 2056 577 2110 quod
613 2057 659 2095 de
689 2057 882 2095 Eunuchis
924 2055 1075 2095 audisse
1106 2067 1147 2093 se
1184 2055 1318 2093 ancilla
1345 2056 1492 2094 Teren-

49 2114 216 2166 tiana*)
256 2114 369 2160 dicit,
411 2127 477 2152 eos
518 2120 703 2151 amatores
745 2125 830 2151 esse
872 2113 1064 2150 mulierum
1106 2111 1298 2150 maximos.
1357 2111 1492 2163 Neque

51 2173 150 2209 enim
178 2169 466 2221 quibuscumque
496 2175 732 2220 amputantur
758 2175 901 2213 testes,
936 2168 973 2205 in
1002 2167 1057 2204 eis
1090 2163 1256 2204 libidinis
1285 2163 1398 2203 ardor
1427 2180 1493 2204 ex-

50 2226 256 2276 tinguitur:
296 2226 405 2262 immo
444 2237 534 2262 vero
576 2224 714 2261 crescit
751 2230 788 2261 et
824 2222 1030 2260 intenditur
1066 2223 1105 2259 in
1137 2222 1210 2267 iis,
1253 2221 1314 2271 qui
1348 2222 1492 2259 exsecti

52 2289 138 2318 sunt
166 2282 237 2318 iam
267 2281 452 2331 puberes:
495 2280 546 2317 ita
574 2286 613 2316 ut
641 2279 726 2316 olim
757 2277 978 2316 libidinosae
1006 2277 1205 2322 mulieres,
1246 2289 1339 2326 quae
1368 2283 1491 2314 tamen

50 2349 185 2387 parere
221 2336 419 2382 nolebant,
461 2333 594 2386 cupide
631 2335 714 2382 eis,
757 2341 798 2371 ut
831 2334 869 2372 in
905 2333 967 2371 illa
1006 2332 1188 2384 clinopale
1226 2329 1414 2369 indomitis
1455 2339 1493 2370 et

126 2457 151 2482 ¹³2<-
190 2456 229 2485 V.
249 2456 269 2484 8
300 2456 331 2486 3.

125 2455 195 2539 {go
216 2476 306 2533 Ilia’d.
326 2505 424 2534 XVII.
447 2505 550 2534 152·—
564 2505 635 2534 131.
655 2505 726 2535 coll.
745 2503 828 2534 XVI.
848 2500 890 2533 40
909 2507 978 2537 sqq.

125 2552 516 2639 ἶζκ)Ι1111111111161112111(1116111111
537 2602 617 2628 Mur.
645 2599 741 2628 etiam
760 2598 816 2627 alii
835 2597 943 2628 Plauti
967 2597 1037 2627 Ioco
1056 2595 1208 2627 adhibere
1233 2594 1302 2626 vult
1321 2595 1375 2624 tib.
1394 2596 1492 2626 xvn.

50 2646 120 2675 cap.
143 2638 192 2668 14.
231 2639 269 2666 Η.
290 2639 311 2667 l.
332 2640 438 2668 tamen
456 2646 519 2667 non
538 2638 702 2673 probatur.
740 2639 853 2667 FAEsn

126 2684 200 2725 ᾗ)
221 2693 291 2721 cap.
311 2686 341 2715 4.

125 2738 226 2779 †††)
255 2739 344 2767 Iliad.
370 2739 481 2767 XVIII.
507 2738 579 2767 376.
616 2729 716 2778 ὄφρα
740 2731 775 2766 οἱ
799 2728 999 2774 αὐτόματοι
1029 2729 1135 2764 θεῖον
1157 2725 1319 2762 δυσαίατ’
1346 2726 1487 2774 ἀγῶνα,

50 2782 135 2812 unde
155 2781 298 2818 correxi,
321 2781 404 2815 quod
423 2787 474 2815 ap.
495 2782 577 2809 Mur.
596 2782 774 2819 legebatur,
795 2773 966 2811 θύεσθαι.
1004 2779 1141 2809 wolfius
1161 2773 1327 2807 ὃυέσθαι.

125 2830 170 2866 wc)
191 2831 330 2859 Eunuch.
352 2831 404 2859 IV.
424 2831 454 2867 3,
476 2831 526 2859 23.

109 2884 238 2912 Meam.
260 2884 334 2912 Orr.
355 2884 434 2913 von.
455 2885 509 2912 111.
531 2881 923 2927 (110111111.Ε11.ΤοΜ.11.)
1177 2863 1230 2906 15

1523 1329 1586 1359 236
