1726 3106
203 163 288 206 212
772 162 902 204 VAR.
933 162 1088 202 LECT.

202 273 330 323 ξενίας
367 272 565 326 legendum
598 274 648 312 sit
675 272 924 321 ξενοκτονίας.
981 272 1100 312 Paulo
1130 280 1215 325 post
1238 280 1388 320 autem,
1433 272 1497 311 ubi
1525 271 1656 313 Euclit·

203 330 287 369 dem
317 344 340 369 a
370 331 528 369 Socrate
566 329 836 380 reprehensum
875 335 1024 375 narrat,
1063 329 1160 382 quod
1199 331 1234 367 in
1265 329 1510 367 contentiosis
1538 324 1654 381 syllov

202 386 336 437 gismis
367 386 517 422 nimium
547 384 705 422 studium
735 392 918 436 poneret,
958 385 1007 421 ita
1039 384 1203 434 legiturz
1245 382 1432 437 ἄχρηστον
1459 380 1532 437 γὰρ
1559 381 1654 439 ᾤετο

204 436 302 480 εἶναι
338 436 409 490 τὴν
450 437 537 492 περὶ
578 442 697 478 ταῦτα
733 439 1024 494 αἰσχρολογίανε
1066 452 1147 476 cum
1190 443 1338 477 omnino
1369 438 1568 489 legendum
1597 440 1650 477 sit

202 493 536 547 ptupokoyiav*):
585 495 657 532 etsi
697 495 807 532 aliter
844 494 1034 533 Victorius
1050 491 1138 544 Μ).
1208 494 1260 532 Et
1299 496 1496 546 quoniam,
1542 506 1651 545 quam

202 550 319 596 haec,
352 562 446 600 quae
478 548 681 596 tradimus,
713 551 814 588 inter
844 563 885 587 se
916 549 1159 593 cohaereant,
1191 562 1264 587 non
1295 550 1401 587 valde
1423 549 1650 596 laboramus,

202 604 383 643 addemus
414 604 525 642 alium
556 605 676 642 locum
709 618 756 643 ex
781 603 998 643 Heraclidis
1029 604 1105 641 vita
1123 601 1241 656 ***),
1273 605 1335 642 ubi
1366 605 1473 642 unius
1503 605 1651 643 litterae

204 659 422 710 depravatio
449 661 618 698 festivam
649 667 687 697 et
716 660 926 710 elegantem
960 660 1154 697 historiam
1185 661 1365 710 corrupit.
1424 658 1498 697 Est
1527 667 1651 697 autem

203 714 323 752 haec:
359 715 566 767 Dionysius
595 714 918 762 Metathemenus,
949 715 1026 765 qui,
1056 721 1097 751 ut
1127 720 1186 751 est
1220 715 1314 766 apud
1341 713 1567 752 Ciceronem
1580 714 1649 767 †),

202 778 358 821 propter
395 769 560 808 dolorem
597 770 788 807 oculorum
824 784 845 808 a
876 770 1017 808 Stoicis
1057 768 1217 807 descivit
1257 776 1294 807 et
1327 770 1362 806 iu
1389 769 1547 820 Epicuri
1587 782 1652 807 ca-

204 831 283 863 stra
322 838 364 863 se
404 826 587 863 contulit:
626 826 659 862 is
698 826 813 874 igitur
842 824 1052 876 Dionysius
1096 837 1178 862 cum
1208 823 1436 875 tragoediam
1467 823 1649 876 quandam

203 880 440 932 scripsisset,
480 881 539 918 cui
568 879 857 931 Parthenopaeo
901 892 1034 918 nomen
1066 880 1232 927 fecerat,
1273 879 1470 931 Sophoclis
1500 881 1550 917 illi
1583 893 1650 917 no-

201 948 286 973 men
325 936 532 986 inscripsit.
593 935 677 973 Hac
716 937 893 973 ementita
938 935 1184 986 inscriptione
1224 934 1374 972 delusus
1419 934 1648 973 Heraclides

201 991 239 1028 in
271 992 546 1028 commentariis
577 991 794 1041 quibusdam
827 992 906 1028 suis
935 1004 1067 1029 versus
1098 1003 1146 1028 ex
1175 1003 1220 1028 ea
1252 989 1373 1028 fabula
1406 1003 1473 1041 pro
1503 989 1649 1042 Sopho-

201 1046 294 1083 cleis
333 1048 529 1084 citaverat.
589 1046 685 1083 Tum
721 1047 756 1084 ei
786 1045 994 1098 Dionysius
1025 1059 1127 1092 rem,
1165 1052 1203 1083 ut
1234 1052 1342 1093 erat,
1384 1045 1506 1097 aperit
1535 1058 1649 1096 seque

201 1103 284 1139 eius
323 1101 473 1140 fabulae
517 1109 709 1140 auctorem
746 1114 832 1139 esse
871 1102 1078 1155 profitetur.
1148 1100 1259 1148 Quod
1300 1113 1381 1138 cum
1423 1101 1532 1138 etiam
1572 1108 1648 1138 tum

199 1156 427 1195 Heraclides
465 1164 623 1208 negaret
659 1158 768 1208 eique
807 1156 914 1195 fidem
950 1157 1090 1194 babere
1129 1157 1266 1202 nollet,
1303 1156 1453 1207 scripsit
1486 1154 1532 1193 ad
1563 1169 1647 1194 eum

199 1211 432 1264 Dionysius,
474 1220 513 1249 ut
541 1212 723 1263 quendam
756 1225 803 1250 ex
836 1213 917 1263 ipsa
950 1211 1144 1262 tragoedia
1172 1212 1291 1249 locum
1323 1212 1544 1262 inspiceret.
1603 1211 1646 1249 In

199 1280 270 1317 quo
300 1280 347 1305 ex
376 1268 505 1318 primis
535 1280 708 1305 versuum
738 1268 874 1305 litteris
906 1268 1176 1305 conficiebatur
1207 1280 1250 1304 ac
1273 1266 1545 1304 contexebatur
1559 1265 1643 1318 ††)

199 1335 333 1360 nomen
378 1324 699 1361 ΠΑΓΚΑΛΟΣ.
774 1322 870 1360 Erat
918 1330 1038 1360 autem
1084 1323 1118 1359 id
1158 1335 1290 1359 nomen
1327 1322 1481 1359 formosi
1520 1322 1643 1373 pueri,

199 1390 306 1428 quein
338 1376 545 1429 Dionysius
575 1378 746 1424 amabat,
791 1379 969 1428 cuiusque
1000 1391 1132 1415 nomen
1163 1379 1300 1415 amoris
1335 1390 1469 1414 caussa
1499 1377 1645 1414 occulte

200 1439 238 1471 et
275 1433 476 1470 artificiose
515 1434 675 1483 poemati
715 1446 781 1470 suo
826 1434 996 1470 intexere
1033 1433 1215 1470 voluerat.
1278 1431 1342 1470 Sic
1384 1432 1470 1469 olim
1500 1431 1646 1469 Ennius

199 1501 332 1526 versus
363 1486 565 1538 quosdam,
604 1495 644 1525 ut
674 1501 695 1525 a
727 1487 914 1525 Cicerone
935 1487 1050 1540 †††)
1082 1487 1265 1538 proditum
1298 1494 1383 1532 est,
1418 1488 1640 1538 scripserat,

200 1556 354 1593 quorum
403 1556 451 1580 ex
491 1543 618 1593 primis
672 1543 807 1580 litteris
848 1543 1105 1580 efficiebatur:
1156 1546 1198 1593 Q.
1245 1542 1532 1593 Ennz'ussecit.
1600 1542 1643 1580 ln

201 1597 361 1635 Graecis
393 1604 513 1635 autem
546 1598 690 1635 La'ertii
722 1598 827 1634 libris
857 1598 904 1634 ab
934 1611 995 1643 eo,
1029 1610 1136 1648 quem
1168 1610 1280 1648 supra
1309 1597 1533 1647 significavi,
1562 1596 1643 1634 edi-

198 1654 262 1699 tis,
296 1654 367 1690 nisi
398 1652 492 1704 quod
521 1650 723 1706 παγκάλως
752 1666 818 1704 pro
847 1649 1042 1706 πάγκαλος
1063 1653 1238 1703 scriptum
1264 1659 1335 1699 est,
1368 1659 1496 1690 cetera
1519 1653 1645 1691 omnia

198 1708 271 1759 ἔχει
302 1705 514 1762 παγκάλως.
570 1709 644 1755 Qui
675 1709 828 1759 pusillus
858 1721 967 1746 error
994 1715 1114 1745 tantas
1150 1708 1328 1746 tenebras
1357 1707 1496 1745 obiecit
1525 1709 1643 1746 inter-

196 1765 315 1815 preti,
359 1771 397 1801 ut
435 1764 542 1801 huius
580 1764 799 1802 historiolae
840 1764 877 1801 in
908 1765 988 1801 eius
1020 1765 1330 1814 interpretatione
1361 1763 1496 1800 nullum
1525 1775 1641 1814 prope

195 1820 389 1870 vestigium
420 1827 612 1870 appareat.
673 1819 732 1857 Ac
764 1826 950 1870 putassem
982 1820 1018 1856 in
1049 1818 1207 1856 Graecis
1244 1826 1407 1857 erratum
1435 1831 1522 1856 esse
1551 1831 1641 1869 ope-

195 1888 320 1912 rarum
361 1875 476 1921 vitio,
528 1875 599 1912 nisi
637 1875 746 1912 homo
785 1874 953 1912 eruditus
990 1875 1025 1911 in
1067 1875 1112 1911 iis
1146 1875 1265 1920 notis,
1315 1887 1403 1923 quas
1442 1873 1487 1911 ad
1528 1874 1639 1912 finem

195 1929 280 1967 libri
310 1928 478 1977 adiecit,
520 1929 776 1976 ostendisset,
817 1943 857 1968 se
896 1943 1007 1968 verae
1053 1930 1147 1967 illius
1178 1931 1386 1980 scripturae
1418 1930 1639 1967 sententiam

196 1998 269 2022 non
302 1997 386 2022 esse
416 1993 643 2023 assecutum.
704 1985 819 2023 Certe
849 1986 885 2023 in
913 1987 1052 2036 optimo
1083 1992 1121 2022 et
1150 1985 1402 2022 vetustissimo
1432 1984 1525 2021 libro
1546 1983 1639 2022 Ale-

196 2039 326 2076 xandri
359 2040 532 2077 Farnesii
566 2040 779 2078 Cardinalis
808 2042 931 2078 multis
959 2041 1165 2078 nominibus
1194 2040 1352 2078 Maximi
1389 2047 1517 2090 aperte
1546 2040 1640 2090 legi-

195 2102 256 2132 tur
286 2097 621 2134 ΠΑΓΚΑΛΟΣε
662 2109 709 2133 ne
745 2097 825 2147 quis
872 2095 917 2134 de
947 2097 1159 2147 scripturae
1198 2097 1295 2133 illius
1323 2096 1541 2145 integritate
1572 2094 1638 2132 du-

269 2258 312 2294 οτε)
333 2257 549 2287 Praeferenda
571 2259 621 2286 est
640 2256 792 2286 librorum
813 2258 1007 2292 quorundam
1034 2257 1191 2292 scriptura
1210 2253 1513 2297 γλισχρολογίαν,
1541 2265 1635 2294 quam

194 2295 296 2332 ipsius
316 2296 434 2325 Mureti
455 2303 528 2323 esse
548 2295 630 2323 falso
651 2295 810 2324 contendit
829 2297 1018 2324 Huebnerus
1039 2296 1078 2323 ad
1099 2296 1191 2331 mog.
1215 2299 1303 2327 Tum.
1324 2300 1346 2327 1.
1369 2305 1441 2334 pag.
1463 2299 1532 2327 115.

269 2355 336 2391 rea-J
358 2357 392 2383 In
413 2354 556 2383 Addend.
578 2355 617 2382 ad
638 2355 712 2383 var.
732 2355 833 2383 Lectt.
851 2355 961 2383 XXXI.
986 2355 1032 2384 16.
1054 2362 1124 2390 pag.
1147 2356 1217 2385 253.
1240 2358 1289 2386 ed.
1308 2358 1450 2388 Floreat.
1473 2357 1562 2387 1568.
1602 2357 1634 2384 ls

194 2399 277 2429 euim
298 2402 369 2429 vult
391 2391 576 2436 ἀσχολίαν.
615 2400 728 2427 Pausi.

267 2458 359 2493 §etz-*J
380 2458 433 2487 lib.
455 2459 492 2487 V.
512 2465 581 2492 cap.
601 2457 630 2486 6.
652 2456 683 2491 5.
706 2455 756 2485 92.

264 2516 310 2555 ἦ)
333 2517 371 2544 tte
391 2516 458 2545 Fin.
487 2516 540 2545 lib.
560 2517 599 2545 V.
620 2522 689 2549 cap.
709 2516 759 2544 31.
780 2514 811 2550 g.
832 2513 883 2543 91.
914 2514 1065 2543 Academ.
1085 2513 1138 2542 lib.
1160 2516 1196 2543 n.
1218 2522 1286 2552 cap.
1309 2517 1358 2547 22.
1380 2517 1412 2554 S.
1434 2517 1484 2547 71.

265 2574 339 2614 ††)
358 2576 464 2604 Verba
484 2583 521 2603 ac
540 2576 763 2603 contest-ebatur
777 2573 961 2601 exciderunt
978 2573 1009 2600 in
1027 2573 1167 2601 editione
1186 2575 1305 2610 u'olfih
1328 2583 1409 2609 quae
1427 2576 1526 2605 etiam
1543 2575 1631 2611 pueri

187 2628 301 2649 nomen
331 2620 381 2647 hic
410 2622 441 2647 et
469 2620 553 2648 infra
574 2627 645 2648 cum
664 2618 846 2648 Ruhnkenii
866 2619 972 2653 operis
994 2626 1034 2647 ex
1056 2614 1337 2646 HAFKAAOE
1354 2619 1538 2654 turpissime
1558 2618 1631 2646 fecit

187 2661 397 2692 IlcisKAA
405 2659 480 2692 ΟΣ.

244 2722 362 2790 i-J-Jpffl
384 2723 545 2759 significat
574 2725 719 2789 lgtirettus
748 2724 851 2785 lomim
878 2722 916 2750 de
937 2722 1043 2773 mviii.
1072 2722 1125 2787 tib:
1147 2725 1185 2752 11.
1215 2722 1420 2789 cap.F54i[§.
1443 2721 1631 2793 ittidbsgd

184 2766 597 2828 ἓίῗὲῑὲῑῗῖἰῖοιῗξξᾛῗω.
616 2767 997 2827 *ffartztzzcssssnaiz11:2¹2.
1014 2768 1142 2826 Χθ-ἷέίῑὲῖ
1163 2762 1282 2827 -ρῑωὲῃ
1297 2760 1630 2831 ’ἕὲἑέῖθζῧῖξιιωὶᾈῗ

183 2838 395 2866 coniecturam
418 2836 555 2866 ofellius
583 2839 678 2870 atque
699 2836 894 2864 novissimus
924 2835 1024 2863 libelli
1046 2836 1168 2874 editor,
1196 2836 1276 2866 Luci.
1298 2836 1434 2865 Giesius.
1474 2834 1523 2865 Cf.
1545 2836 1627 2864 Mur

182 2876 286 2904 schol.
307 2874 339 2904 iu
360 2875 423 2906 Cic.
443 2874 580 2911 Philipp.
603 2875 680 2910 Opp.
701 2872 790 2903 Tom.
811 2875 849 2903 11.
869 2879 940 2909 pag.
961 2872 1031 2903 994.
