<?xml version="1.0" encoding="UTF-8"?>
<!DOCTYPE html PUBLIC "-//W3C//DTD XHTML 1.0 Transitional//EN"
    "http://www.w3.org/TR/xhtml1/DTD/xhtml1-transitional.dtd">
<html xmlns="http://www.w3.org/1999/xhtml" xml:lang="en" lang="en">
 <head>
  <title>
</title>
<meta http-equiv="Content-Type" content="text/html;charset=utf-8" />
  <meta name='ocr-system' content='tesseract 3.04.00' />
  <meta name='ocr-capabilities' content='ocr_page ocr_carea ocr_par ocr_line ocrx_word'/>
</head>
<body>
  <div class='ocr_page' id='page_1' title='image "./operaomniaexmssa03mureuoft/operaomniaexmssa03mureuoft_0038.png"; bbox 0 0 1726 3106; ppageno 0'>
   <div class='ocr_carea' id='block_1_1' title="bbox 120 1846 160 1874">
    <p class='ocr_par' dir='ltr' id='par_1_1' title="bbox 120 1846 160 1874">
     <span class='ocr_line' id='line_1_1' title="bbox 120 1846 160 1874; baseline 0.025 -1"><span class='ocrx_word' id='word_1_1' title='bbox 120 1846 160 1874; x_wconf 80' lang='lat'><strong>22</strong></span> 
     </span>
    </p>
   </div>
   <div class='ocr_carea' id='block_1_2' title="bbox 171 131 1046 176">
    <p class='ocr_par' dir='ltr' id='par_1_2' title="bbox 171 131 1046 176">
     <span class='ocr_line' id='line_1_2' title="bbox 171 131 1046 176; baseline 0.005 -7"><span class='ocrx_word' id='word_1_2' title='bbox 171 134 223 176; x_wconf 67' lang='lat'><strong>153</strong></span> <span class='ocrx_word' id='word_1_3' title='bbox 732 131 860 171; x_wconf 82' lang='lat' dir='ltr'><strong>VAR.</strong></span> <span class='ocrx_word' id='word_1_4' title='bbox 892 132 1046 173; x_wconf 86' lang='lat' dir='ltr'>LECT.</span> 
     </span>
    </p>
   </div>
   <div class='ocr_carea' id='block_1_3' title="bbox 167 242 1625 1397">
    <p class='ocr_par' dir='ltr' id='par_1_3' title="bbox 167 242 1625 1397">
     <span class='ocr_line' id='line_1_3' title="bbox 169 242 1621 297; baseline 0.001 -14"><span class='ocrx_word' id='word_1_5' title='bbox 169 244 256 284; x_wconf 83' lang='lat' dir='ltr'><strong>Nos</strong></span> <span class='ocrx_word' id='word_1_6' title='bbox 298 250 423 282; x_wconf 91' lang='lat' dir='ltr'><strong>autem</strong></span> <span class='ocrx_word' id='word_1_7' title='bbox 462 250 656 293; x_wconf 88' lang='lat' dir='ltr'><strong>utramque</strong></span> <span class='ocrx_word' id='word_1_8' title='bbox 694 242 774 281; x_wconf 86' lang='lat' dir='ltr'><strong>sive</strong></span> <span class='ocrx_word' id='word_1_9' title='bbox 803 242 995 281; x_wconf 76' lang='lat' dir='ltr'>historiam</span> <span class='ocrx_word' id='word_1_10' title='bbox 1027 244 1106 282; x_wconf 86' lang='lat' dir='ltr'><strong>sivo</strong></span> <span class='ocrx_word' id='word_1_11' title='bbox 1135 244 1293 283; x_wconf 82' lang='lat' dir='ltr'><strong>rabulam</strong></span> <span class='ocrx_word' id='word_1_12' title='bbox 1324 245 1411 283; x_wconf 84' lang='lat' dir='ltr'><strong>alibi</strong></span> <span class='ocrx_word' id='word_1_13' title='bbox 1442 246 1621 297; x_wconf 84' lang='lat' dir='ltr'><strong>copiosis-</strong></span> 
     </span>
     <span class='ocr_line' id='line_1_4' title="bbox 167 296 1620 351; baseline 0.001 -12"><span class='ocrx_word' id='word_1_14' title='bbox 167 302 266 340; x_wconf 81' lang='lat' dir='ltr'><strong>sime</strong></span> <span class='ocrx_word' id='word_1_15' title='bbox 306 296 620 351; x_wconf 46' lang='lat' dir='ltr'><strong>cxposuimusffi.</strong></span> <span class='ocrx_word' id='word_1_16' title='bbox 698 297 948 349; x_wconf 77' lang='lat' dir='ltr'>Hippodamia</span> <span class='ocrx_word' id='word_1_17' title='bbox 986 312 1155 349; x_wconf 90' lang='lat' dir='ltr'><strong>quoque,</strong></span> <span class='ocrx_word' id='word_1_18' title='bbox 1205 313 1286 339; x_wconf 89' lang='lat' dir='ltr'><strong>cum</strong></span> <span class='ocrx_word' id='word_1_19' title='bbox 1320 314 1399 339; x_wconf 85' lang='lat' dir='ltr'><strong>cam</strong></span> <span class='ocrx_word' id='word_1_20' title='bbox 1439 302 1620 340; x_wconf 76' lang='lat' dir='ltr'><strong>aveheret</strong></span> 
     </span>
     <span class='ocr_line' id='line_1_5' title="bbox 170 349 1619 408; baseline 0.001 -14"><span class='ocrx_word' id='word_1_21' title='bbox 170 356 333 408; x_wconf 83' lang='lat' dir='ltr'><strong>Pelops,</strong></span> <span class='ocrx_word' id='word_1_22' title='bbox 380 355 442 392; x_wconf 89' lang='lat' dir='ltr'><strong>siti</strong></span> <span class='ocrx_word' id='word_1_23' title='bbox 478 349 678 404; x_wconf 88' lang='lat' dir='ltr'><strong>aliquando</strong></span> <span class='ocrx_word' id='word_1_24' title='bbox 713 362 888 403; x_wconf 86' lang='lat' dir='ltr'><strong>correpta</strong></span> <span class='ocrx_word' id='word_1_25' title='bbox 925 368 1010 392; x_wconf 89' lang='lat' dir='ltr'><strong>csse</strong></span> <span class='ocrx_word' id='word_1_26' title='bbox 1051 353 1197 394; x_wconf 88' lang='lat' dir='ltr'><strong>dicitur.</strong></span> <span class='ocrx_word' id='word_1_27' title='bbox 1272 356 1439 406; x_wconf 84' lang='lat' dir='ltr'>Cumque</span> <span class='ocrx_word' id='word_1_28' title='bbox 1478 356 1619 408; x_wconf 81' lang='lat' dir='ltr'><strong>Pelops</strong></span> 
     </span>
     <span class='ocr_line' id='line_1_6' title="bbox 171 407 1620 463; baseline 0.001 -14"><span class='ocrx_word' id='word_1_29' title='bbox 171 409 409 463; x_wconf 76' lang='lat' dir='ltr'><strong>quaerendae</strong></span> <span class='ocrx_word' id='word_1_30' title='bbox 449 421 568 460; x_wconf 88' lang='lat' dir='ltr'><strong>aquae</strong></span> <span class='ocrx_word' id='word_1_31' title='bbox 608 421 742 446; x_wconf 81' lang='lat' dir='ltr'>caussa</span> <span class='ocrx_word' id='word_1_32' title='bbox 775 407 1036 447; x_wconf 79' lang='lat' dir='ltr'><strong>descendisset</strong></span> <span class='ocrx_word' id='word_1_33' title='bbox 1065 421 1085 446; x_wconf 87' lang='lat' dir='ltr'><strong>c</strong></span> <span class='ocrx_word' id='word_1_34' title='bbox 1111 423 1250 456; x_wconf 89' lang='lat' dir='ltr'><strong>curru,</strong></span> <span class='ocrx_word' id='word_1_35' title='bbox 1297 412 1442 462; x_wconf 87' lang='lat' dir='ltr'><strong>iamque</strong></span> <span class='ocrx_word' id='word_1_36' title='bbox 1473 412 1620 460; x_wconf 76' lang='lat' dir='ltr'><strong>longius</strong></span> 
     </span>
     <span class='ocr_line' id='line_1_7' title="bbox 172 463 1621 518; baseline -0.001 -12"><span class='ocrx_word' id='word_1_37' title='bbox 172 467 328 506; x_wconf 83' lang='lat' dir='ltr'><strong>abiisset</strong></span> <span class='ocrx_word' id='word_1_38' title='bbox 365 466 542 518; x_wconf 89' lang='lat' dir='ltr'><strong>(magnae</strong></span> <span class='ocrx_word' id='word_1_39' title='bbox 582 464 680 501; x_wconf 92' lang='lat' dir='ltr'><strong>enim</strong></span> <span class='ocrx_word' id='word_1_40' title='bbox 716 464 856 502; x_wconf 89' lang='lat' dir='ltr'><strong>circum</strong></span> <span class='ocrx_word' id='word_1_41' title='bbox 895 463 1114 502; x_wconf 74' lang='lat' dir='ltr'>solitudines</span> <span class='ocrx_word' id='word_1_42' title='bbox 1143 470 1293 515; x_wconf 84' lang='lat' dir='ltr'><strong>crant),</strong></span> <span class='ocrx_word' id='word_1_43' title='bbox 1333 467 1393 503; x_wconf 86' lang='lat' dir='ltr'><strong>illa</strong></span> <span class='ocrx_word' id='word_1_44' title='bbox 1423 466 1621 518; x_wconf 72' lang='lat' dir='ltr'>Myrtilum</span> 
     </span>
     <span class='ocr_line' id='line_1_8' title="bbox 172 519 1620 572; baseline 0 -12"><span class='ocrx_word' id='word_1_45' title='bbox 172 523 360 572; x_wconf 83' lang='lat' dir='ltr'><strong>aurigam,</strong></span> <span class='ocrx_word' id='word_1_46' title='bbox 396 533 478 558; x_wconf 92' lang='lat' dir='ltr'><strong>cum</strong></span> <span class='ocrx_word' id='word_1_47' title='bbox 508 532 579 569; x_wconf 92' lang='lat' dir='ltr'><strong>quo</strong></span> <span class='ocrx_word' id='word_1_48' title='bbox 610 519 689 556; x_wconf 87' lang='lat' dir='ltr'><strong>sola</strong></span> <span class='ocrx_word' id='word_1_49' title='bbox 721 527 975 565; x_wconf 76' lang='lat' dir='ltr'><strong>remanserat,</strong></span> <span class='ocrx_word' id='word_1_50' title='bbox 1019 520 1208 557; x_wconf 84' lang='lat' dir='ltr'><strong>solicitare</strong></span> <span class='ocrx_word' id='word_1_51' title='bbox 1238 522 1385 571; x_wconf 87' lang='lat' dir='ltr'><strong>coepit,</strong></span> <span class='ocrx_word' id='word_1_52' title='bbox 1425 528 1463 559; x_wconf 90' lang='lat' dir='ltr'><strong>ut</strong></span> <span class='ocrx_word' id='word_1_53' title='bbox 1495 535 1620 560; x_wconf 87' lang='lat' dir='ltr'><strong>secum</strong></span> 
     </span>
     <span class='ocr_line' id='line_1_9' title="bbox 174 574 1623 621; baseline 0 -6"><span class='ocrx_word' id='word_1_54' title='bbox 174 590 254 615; x_wconf 90' lang='lat' dir='ltr'><strong>rem</strong></span> <span class='ocrx_word' id='word_1_55' title='bbox 293 576 462 614; x_wconf 87' lang='lat' dir='ltr'><strong>haberet.</strong></span> <span class='ocrx_word' id='word_1_56' title='bbox 523 574 690 612; x_wconf 83' lang='lat' dir='ltr'><strong>Volebat</strong></span> <span class='ocrx_word' id='word_1_57' title='bbox 724 574 922 621; x_wconf 86' lang='lat' dir='ltr'><strong>videlicet,</strong></span> <span class='ocrx_word' id='word_1_58' title='bbox 962 576 1109 612; x_wconf 87' lang='lat' dir='ltr'><strong>interea</strong></span> <span class='ocrx_word' id='word_1_59' title='bbox 1148 574 1230 612; x_wconf 87' lang='lat' dir='ltr'><strong>dum</strong></span> <span class='ocrx_word' id='word_1_60' title='bbox 1262 583 1517 615; x_wconf 71' lang='lat' dir='ltr'><strong>reverteretur</strong></span> <span class='ocrx_word' id='word_1_61' title='bbox 1547 577 1623 615; x_wconf 90' lang='lat' dir='ltr'><strong>Pc-</strong></span> 
     </span>
     <span class='ocr_line' id='line_1_10' title="bbox 176 628 1622 684; baseline 0 -15"><span class='ocrx_word' id='word_1_62' title='bbox 176 634 282 684; x_wconf 82' lang='lat' dir='ltr'><strong>lops,</strong></span> <span class='ocrx_word' id='word_1_63' title='bbox 322 632 430 669; x_wconf 84' lang='lat' dir='ltr'><strong>aliam</strong></span> <span class='ocrx_word' id='word_1_64' title='bbox 460 628 640 681; x_wconf 86' lang='lat' dir='ltr'><strong>quandam</strong></span> <span class='ocrx_word' id='word_1_65' title='bbox 674 629 771 666; x_wconf 88' lang='lat' dir='ltr'><strong>sitim</strong></span> <span class='ocrx_word' id='word_1_66' title='bbox 803 631 1056 680; x_wconf 85' lang='lat' dir='ltr'><strong>restinguere.</strong></span> <span class='ocrx_word' id='word_1_67' title='bbox 1117 628 1194 667; x_wconf 88' lang='lat' dir='ltr'><strong>Sed</strong></span> <span class='ocrx_word' id='word_1_68' title='bbox 1223 644 1303 668; x_wconf 90' lang='lat' dir='ltr'><strong>cum</strong></span> <span class='ocrx_word' id='word_1_69' title='bbox 1335 631 1513 683; x_wconf 77' lang='lat' dir='ltr'><strong>Myrtilus</strong></span> <span class='ocrx_word' id='word_1_70' title='bbox 1545 646 1622 669; x_wconf 92' lang='lat' dir='ltr'><strong>mo-</strong></span> 
     </span>
     <span class='ocr_line' id='line_1_11' title="bbox 177 683 1618 737; baseline -0.001 -12"><span class='ocrx_word' id='word_1_71' title='bbox 177 702 255 726; x_wconf 90' lang='lat' dir='ltr'><strong>rcm</strong></span> <span class='ocrx_word' id='word_1_72' title='bbox 298 699 434 736; x_wconf 86' lang='lat' dir='ltr'><strong>gerere</strong></span> <span class='ocrx_word' id='word_1_73' title='bbox 477 685 685 723; x_wconf 85' lang='lat' dir='ltr'><strong>noluisset:</strong></span> <span class='ocrx_word' id='word_1_74' title='bbox 737 692 934 723; x_wconf 85' lang='lat' dir='ltr'><strong>accusatus</strong></span> <span class='ocrx_word' id='word_1_75' title='bbox 968 692 1027 722; x_wconf 87' lang='lat' dir='ltr'><strong>est</strong></span> <span class='ocrx_word' id='word_1_76' title='bbox 1063 683 1160 734; x_wconf 89' lang='lat' dir='ltr'><strong>apud</strong></span> <span class='ocrx_word' id='word_1_77' title='bbox 1196 699 1385 723; x_wconf 88' lang='lat' dir='ltr'><strong>reversum</strong></span> <span class='ocrx_word' id='word_1_78' title='bbox 1424 686 1618 737; x_wconf 88' lang='lat' dir='ltr'><strong>Pelopem,</strong></span> 
     </span>
     <span class='ocr_line' id='line_1_12' title="bbox 176 738 1621 794; baseline -0.001 -14"><span class='ocrx_word' id='word_1_79' title='bbox 176 741 272 794; x_wconf 92' lang='lat' dir='ltr'><strong>quod</strong></span> <span class='ocrx_word' id='word_1_80' title='bbox 302 744 420 793; x_wconf 84' lang='lat' dir='ltr'>ipsam</span> <span class='ocrx_word' id='word_1_81' title='bbox 453 741 595 779; x_wconf 78' lang='lat' dir='ltr'><strong>violare</strong></span> <span class='ocrx_word' id='word_1_82' title='bbox 624 746 778 777; x_wconf 84' lang='lat' dir='ltr'><strong>conatus</strong></span> <span class='ocrx_word' id='word_1_83' title='bbox 810 748 934 778; x_wconf 88' lang='lat' dir='ltr'><strong>essct:</strong></span> <span class='ocrx_word' id='word_1_84' title='bbox 964 740 1010 777; x_wconf 93' lang='lat' dir='ltr'><strong>ob</strong></span> <span class='ocrx_word' id='word_1_85' title='bbox 1039 738 1150 789; x_wconf 86' lang='lat' dir='ltr'><strong>idque</strong></span> <span class='ocrx_word' id='word_1_86' title='bbox 1183 741 1368 790; x_wconf 84' lang='lat' dir='ltr'><strong>proiectus</strong></span> <span class='ocrx_word' id='word_1_87' title='bbox 1399 742 1432 778; x_wconf 92' lang='lat' dir='ltr'><strong>in</strong></span> <span class='ocrx_word' id='word_1_88' title='bbox 1461 743 1621 780; x_wconf 79' lang='lat' dir='ltr'><strong>vicinum</strong></span> 
     </span>
     <span class='ocr_line' id='line_1_13' title="bbox 177 793 1621 848; baseline 0 -13"><span class='ocrx_word' id='word_1_89' title='bbox 177 810 305 836; x_wconf 84' lang='lat' dir='ltr'><strong>mare:</strong></span> <span class='ocrx_word' id='word_1_90' title='bbox 348 795 445 848; x_wconf 81' lang='lat' dir='ltr'><strong>quod</strong></span> <span class='ocrx_word' id='word_1_91' title='bbox 481 809 527 833; x_wconf 85' lang='lat' dir='ltr'><strong>ex</strong></span> <span class='ocrx_word' id='word_1_92' title='bbox 563 807 610 832; x_wconf 91' lang='lat' dir='ltr'><strong>co</strong></span> <span class='ocrx_word' id='word_1_93' title='bbox 640 794 833 845; x_wconf 76' lang='lat' dir='ltr'><strong>Myrtoum</strong></span> <span class='ocrx_word' id='word_1_94' title='bbox 874 795 1044 845; x_wconf 89' lang='lat' dir='ltr'><strong>usurpari</strong></span> <span class='ocrx_word' id='word_1_95' title='bbox 1083 793 1302 847; x_wconf 59' lang='lat' dir='ltr'><strong>coepit**).</strong></span> <span class='ocrx_word' id='word_1_96' title='bbox 1371 795 1621 835; x_wconf 81' lang='lat' dir='ltr'><strong>Philostratus</strong></span> 
     </span>
     <span class='ocr_line' id='line_1_14' title="bbox 179 848 1622 904; baseline -0.001 -13"><span class='ocrx_word' id='word_1_97' title='bbox 179 854 274 891; x_wconf 92' lang='lat' dir='ltr'><strong>libro</strong></span> <span class='ocrx_word' id='word_1_98' title='bbox 314 859 422 890; x_wconf 81' lang='lat' dir='ltr'><strong>sexto</strong></span> <span class='ocrx_word' id='word_1_99' title='bbox 463 851 509 889; x_wconf 90' lang='lat' dir='ltr'><strong>de</strong></span> <span class='ocrx_word' id='word_1_100' title='bbox 541 849 632 888; x_wconf 89' lang='lat' dir='ltr'><strong>Vita</strong></span> <span class='ocrx_word' id='word_1_101' title='bbox 663 848 965 902; x_wconf 55' lang='lat' dir='ltr'><strong>A120llouii*’l&#39;⁵*)</strong></span> <span class='ocrx_word' id='word_1_102' title='bbox 997 850 1251 887; x_wconf 86' lang='lat' dir='ltr'><strong>Timasionem</strong></span> <span class='ocrx_word' id='word_1_103' title='bbox 1280 851 1460 901; x_wconf 83' lang='lat' dir='ltr'><strong>quendam</strong></span> <span class='ocrx_word' id='word_1_104' title='bbox 1491 852 1622 904; x_wconf 80' lang='lat' dir='ltr'><strong>Aegy-</strong></span> 
     </span>
     <span class='ocr_line' id='line_1_15' title="bbox 178 903 1621 960; baseline 0 -15"><span class='ocrx_word' id='word_1_105' title='bbox 178 909 292 960; x_wconf 87' lang='lat' dir='ltr'><strong>ptium</strong></span> <span class='ocrx_word' id='word_1_106' title='bbox 324 921 346 945; x_wconf 86' lang='lat' dir='ltr'><strong>a</strong></span> <span class='ocrx_word' id='word_1_107' title='bbox 374 919 536 945; x_wconf 81' lang='lat' dir='ltr'><strong>noverca</strong></span> <span class='ocrx_word' id='word_1_108' title='bbox 571 905 709 942; x_wconf 83' lang='lat' dir='ltr'><strong>frustra</strong></span> <span class='ocrx_word' id='word_1_109' title='bbox 740 904 962 947; x_wconf 85' lang='lat' dir='ltr'><strong>adamatum,</strong></span> <span class='ocrx_word' id='word_1_110' title='bbox 995 903 1130 941; x_wconf 88' lang='lat' dir='ltr'><strong>deiude</strong></span> <span class='ocrx_word' id='word_1_111' title='bbox 1160 905 1257 942; x_wconf 88' lang='lat' dir='ltr'><strong>illius</strong></span> <span class='ocrx_word' id='word_1_112' title='bbox 1290 907 1481 944; x_wconf 88' lang='lat' dir='ltr'><strong>calumniis</strong></span> <span class='ocrx_word' id='word_1_113' title='bbox 1505 908 1621 945; x_wconf 89' lang='lat' dir='ltr'><strong>solum</strong></span> 
     </span>
     <span class='ocr_line' id='line_1_16' title="bbox 178 959 1622 1012; baseline -0.001 -11"><span class='ocrx_word' id='word_1_114' title='bbox 178 971 329 1001; x_wconf 85' lang='lat' dir='ltr'><strong>vertere</strong></span> <span class='ocrx_word' id='word_1_115' title='bbox 376 969 544 999; x_wconf 89' lang='lat' dir='ltr'><strong>coactum</strong></span> <span class='ocrx_word' id='word_1_116' title='bbox 590 972 676 996; x_wconf 87' lang='lat' dir='ltr'><strong>esse</strong></span> <span class='ocrx_word' id='word_1_117' title='bbox 719 967 858 997; x_wconf 86' lang='lat' dir='ltr'><strong>narrat.</strong></span> <span class='ocrx_word' id='word_1_118' title='bbox 937 959 1021 996; x_wconf 88' lang='lat' dir='ltr'><strong>Etsi</strong></span> <span class='ocrx_word' id='word_1_119' title='bbox 1065 959 1127 996; x_wconf 87' lang='lat' dir='ltr'><strong>illa</strong></span> <span class='ocrx_word' id='word_1_120' title='bbox 1169 959 1313 1010; x_wconf 86' lang='lat' dir='ltr'><strong>quidem</strong></span> <span class='ocrx_word' id='word_1_121' title='bbox 1352 962 1425 998; x_wconf 85' lang='lat' dir='ltr'><strong>alio</strong></span> <span class='ocrx_word' id='word_1_122' title='bbox 1465 961 1622 1012; x_wconf 90' lang='lat' dir='ltr'><strong>quodam</strong></span> 
     </span>
     <span class='ocr_line' id='line_1_17' title="bbox 180 1014 1625 1068; baseline -0.001 -12"><span class='ocrx_word' id='word_1_123' title='bbox 180 1018 317 1064; x_wconf 85' lang='lat' dir='ltr'><strong>modo,</strong></span> <span class='ocrx_word' id='word_1_124' title='bbox 352 1031 457 1068; x_wconf 83' lang='lat' dir='ltr'><strong>quam</strong></span> <span class='ocrx_word' id='word_1_125' title='bbox 489 1023 662 1060; x_wconf 87' lang='lat' dir='ltr'><strong>ceterae,</strong></span> <span class='ocrx_word' id='word_1_126' title='bbox 694 1016 903 1065; x_wconf 68' lang='lat' dir='ltr'><strong>privignum</strong></span> <span class='ocrx_word' id='word_1_127' title='bbox 934 1015 1156 1052; x_wconf 83' lang='lat' dir='ltr'><strong>calumniata</strong></span> <span class='ocrx_word' id='word_1_128' title='bbox 1186 1022 1258 1052; x_wconf 89' lang='lat' dir='ltr'><strong>est.</strong></span> <span class='ocrx_word' id='word_1_129' title='bbox 1317 1014 1492 1067; x_wconf 87' lang='lat' dir='ltr'><strong>Denique</strong></span> <span class='ocrx_word' id='word_1_130' title='bbox 1523 1016 1625 1055; x_wconf 88' lang='lat' dir='ltr'><strong>Fau-</strong></span> 
     </span>
     <span class='ocr_line' id='line_1_18' title="bbox 180 1070 1623 1119; baseline -0.001 -8"><span class='ocrx_word' id='word_1_131' title='bbox 180 1081 264 1119; x_wconf 79' lang='lat' dir='ltr'><strong>sta,</strong></span> <span class='ocrx_word' id='word_1_132' title='bbox 303 1072 526 1110; x_wconf 79' lang='lat' dir='ltr'><strong>Maximiani</strong></span> <span class='ocrx_word' id='word_1_133' title='bbox 557 1071 659 1116; x_wconf 84' lang='lat' dir='ltr'><strong>lilia,</strong></span> <span class='ocrx_word' id='word_1_134' title='bbox 694 1070 930 1107; x_wconf 86' lang='lat' dir='ltr'><strong>Constantini</strong></span> <span class='ocrx_word' id='word_1_135' title='bbox 962 1070 1092 1119; x_wconf 74' lang='lat' dir='ltr'><strong>Magni</strong></span> <span class='ocrx_word' id='word_1_136' title='bbox 1123 1083 1236 1116; x_wconf 79' lang='lat' dir='ltr'><strong>uxor,</strong></span> <span class='ocrx_word' id='word_1_137' title='bbox 1281 1070 1410 1108; x_wconf 89' lang='lat' dir='ltr'><strong>eodem</strong></span> <span class='ocrx_word' id='word_1_138' title='bbox 1444 1070 1553 1109; x_wconf 91' lang='lat' dir='ltr'><strong>modo</strong></span> <span class='ocrx_word' id='word_1_139' title='bbox 1583 1079 1623 1110; x_wconf 89' lang='lat' dir='ltr'><strong>ut</strong></span> 
     </span>
     <span class='ocr_line' id='line_1_19' title="bbox 178 1124 1625 1178; baseline -0.002 -12"><span class='ocrx_word' id='word_1_140' title='bbox 178 1127 376 1174; x_wconf 88' lang='lat' dir='ltr'><strong>Phaedra,</strong></span> <span class='ocrx_word' id='word_1_141' title='bbox 420 1125 595 1177; x_wconf 85' lang='lat' dir='ltr'>Crispum</span> <span class='ocrx_word' id='word_1_142' title='bbox 636 1125 842 1176; x_wconf 83' lang='lat' dir='ltr'><strong>privignum</strong></span> <span class='ocrx_word' id='word_1_143' title='bbox 870 1138 974 1162; x_wconf 90' lang='lat' dir='ltr'><strong>suum</strong></span> <span class='ocrx_word' id='word_1_144' title='bbox 1006 1126 1209 1165; x_wconf 79' lang='lat' dir='ltr'><strong>accusavit.</strong></span> <span class='ocrx_word' id='word_1_145' title='bbox 1266 1124 1394 1176; x_wconf 85' lang='lat' dir='ltr'><strong>Itaque</strong></span> <span class='ocrx_word' id='word_1_146' title='bbox 1423 1127 1625 1178; x_wconf 87' lang='lat' dir='ltr'><strong>imperator</strong></span> 
     </span>
     <span class='ocr_line' id='line_1_20' title="bbox 181 1179 1624 1235; baseline -0.001 -14"><span class='ocrx_word' id='word_1_147' title='bbox 181 1185 366 1235; x_wconf 86' lang='lat' dir='ltr'><strong>optimus,</strong></span> <span class='ocrx_word' id='word_1_148' title='bbox 408 1181 475 1219; x_wconf 89' lang='lat' dir='ltr'><strong>scd</strong></span> <span class='ocrx_word' id='word_1_149' title='bbox 516 1181 584 1218; x_wconf 88' lang='lat' dir='ltr'><strong>hae</strong></span> <span class='ocrx_word' id='word_1_150' title='bbox 626 1179 772 1231; x_wconf 86' lang='lat' dir='ltr'><strong>quidem</strong></span> <span class='ocrx_word' id='word_1_151' title='bbox 803 1181 839 1217; x_wconf 91' lang='lat' dir='ltr'><strong>in</strong></span> <span class='ocrx_word' id='word_1_152' title='bbox 872 1193 913 1217; x_wconf 92' lang='lat' dir='ltr'><strong>re</strong></span> <span class='ocrx_word' id='word_1_153' title='bbox 943 1194 1014 1218; x_wconf 89' lang='lat' dir='ltr'><strong>non</strong></span> <span class='ocrx_word' id='word_1_154' title='bbox 1047 1183 1136 1217; x_wconf 88' lang='lat' dir='ltr'><strong>satis</strong></span> <span class='ocrx_word' id='word_1_155' title='bbox 1167 1180 1452 1228; x_wconf 87' lang='lat' dir='ltr'><strong>consideratus,</strong></span> <span class='ocrx_word' id='word_1_156' title='bbox 1494 1183 1624 1220; x_wconf 88' lang='lat' dir='ltr'><strong>imme-</strong></span> 
     </span>
     <span class='ocr_line' id='line_1_21' title="bbox 181 1235 1623 1286; baseline -0.001 -9"><span class='ocrx_word' id='word_1_157' title='bbox 181 1247 324 1277; x_wconf 82' lang='lat' dir='ltr'><strong>rentem</strong></span> <span class='ocrx_word' id='word_1_158' title='bbox 351 1238 462 1275; x_wconf 83' lang='lat' dir='ltr'><strong>filium</strong></span> <span class='ocrx_word' id='word_1_159' title='bbox 487 1242 603 1273; x_wconf 89' lang='lat' dir='ltr'><strong>morte</strong></span> <span class='ocrx_word' id='word_1_160' title='bbox 632 1236 811 1273; x_wconf 68' lang='lat' dir='ltr'><strong>multavit.</strong></span> <span class='ocrx_word' id='word_1_161' title='bbox 871 1235 1046 1285; x_wconf 84' lang='lat' dir='ltr'><strong>Idemque</strong></span> <span class='ocrx_word' id='word_1_162' title='bbox 1075 1242 1218 1286; x_wconf 80' lang='lat' dir='ltr'><strong>postca,</strong></span> <span class='ocrx_word' id='word_1_163' title='bbox 1252 1249 1292 1273; x_wconf 89' lang='lat' dir='ltr'><strong>re</strong></span> <span class='ocrx_word' id='word_1_164' title='bbox 1314 1237 1479 1286; x_wconf 81' lang='lat' dir='ltr'><strong>cognita,</strong></span> <span class='ocrx_word' id='word_1_165' title='bbox 1511 1239 1623 1275; x_wconf 84' lang='lat' dir='ltr'><strong>etiam</strong></span> 
     </span>
     <span class='ocr_line' id='line_1_22' title="bbox 180 1289 1623 1343; baseline -0.001 -11"><span class='ocrx_word' id='word_1_166' title='bbox 180 1294 227 1332; x_wconf 86' lang='lat' dir='ltr'><strong>de</strong></span> <span class='ocrx_word' id='word_1_167' title='bbox 259 1306 376 1331; x_wconf 79' lang='lat' dir='ltr'><strong>uxore</strong></span> <span class='ocrx_word' id='word_1_168' title='bbox 402 1292 620 1343; x_wconf 88' lang='lat' dir='ltr'><strong>supplicium</strong></span> <span class='ocrx_word' id='word_1_169' title='bbox 653 1289 884 1341; x_wconf 48' lang='lat' dir='ltr'><strong>sumpsitff).</strong></span> <span class='ocrx_word' id='word_1_170' title='bbox 943 1291 1038 1328; x_wconf 91' lang='lat' dir='ltr'><strong>Sunt</strong></span> <span class='ocrx_word' id='word_1_171' title='bbox 1079 1297 1115 1326; x_wconf 89' lang='lat' dir='ltr'><strong>ct</strong></span> <span class='ocrx_word' id='word_1_172' title='bbox 1149 1290 1220 1326; x_wconf 90' lang='lat' dir='ltr'><strong>alia</strong></span> <span class='ocrx_word' id='word_1_173' title='bbox 1250 1289 1322 1327; x_wconf 90' lang='lat' dir='ltr'><strong>duo</strong></span> <span class='ocrx_word' id='word_1_174' title='bbox 1352 1292 1518 1342; x_wconf 83' lang='lat' dir='ltr'><strong>exempla</strong></span> <span class='ocrx_word' id='word_1_175' title='bbox 1550 1306 1623 1331; x_wconf 88' lang='lat' dir='ltr'><strong>non</strong></span> 
     </span>
     <span class='ocr_line' id='line_1_23' title="bbox 181 1344 1623 1397; baseline -0.001 -10"><span class='ocrx_word' id='word_1_176' title='bbox 181 1349 378 1387; x_wconf 85' lang='lat' dir='ltr'>dissimilia</span> <span class='ocrx_word' id='word_1_177' title='bbox 417 1349 454 1385; x_wconf 93' lang='lat' dir='ltr'><strong>in</strong></span> <span class='ocrx_word' id='word_1_178' title='bbox 491 1347 585 1384; x_wconf 90' lang='lat' dir='ltr'><strong>libro</strong></span> <span class='ocrx_word' id='word_1_179' title='bbox 625 1344 670 1382; x_wconf 87' lang='lat' dir='ltr'><strong>de</strong></span> <span class='ocrx_word' id='word_1_180' title='bbox 706 1345 968 1392; x_wconf 85' lang='lat' dir='ltr'><strong>Fluminibus,</strong></span> <span class='ocrx_word' id='word_1_181' title='bbox 1010 1346 1073 1397; x_wconf 89' lang='lat' dir='ltr'><strong>qui</strong></span> <span class='ocrx_word' id='word_1_182' title='bbox 1105 1345 1307 1384; x_wconf 82' lang='lat' dir='ltr'><strong>Plutarcho</strong></span> <span class='ocrx_word' id='word_1_183' title='bbox 1346 1347 1547 1395; x_wconf 80' lang='lat' dir='ltr'><strong>tribuitur3</strong></span> <span class='ocrx_word' id='word_1_184' title='bbox 1584 1349 1623 1387; x_wconf 89' lang='lat' dir='ltr'><strong>in</strong></span> 
     </span>
    </p>
   </div>
   <div class='ocr_carea' id='block_1_4' title="bbox 181 1399 798 1453">
    <p class='ocr_par' dir='ltr' id='par_1_4' title="bbox 181 1399 798 1453">
     <span class='ocr_line' id='line_1_24' title="bbox 181 1399 798 1453; baseline -0.01 -9"><span class='ocrx_word' id='word_1_185' title='bbox 181 1404 337 1450; x_wconf 88' lang='lat' dir='ltr'><strong>Hebro,</strong></span> <span class='ocrx_word' id='word_1_186' title='bbox 369 1409 407 1441; x_wconf 88' lang='lat' dir='ltr'><strong>et</strong></span> <span class='ocrx_word' id='word_1_187' title='bbox 436 1403 473 1452; x_wconf 82' lang='lat' dir='ltr'><strong>in</strong></span> <span class='ocrx_word' id='word_1_188' title='bbox 501 1399 798 1453; x_wconf 52' lang='lat' dir='ltr'><strong>Lycorma-{017-</strong></span> 
     </span>
    </p>
   </div>
   <div class='ocr_carea' id='block_1_5' title="bbox 663 1542 1139 1583">
    <p class='ocr_par' dir='ltr' id='par_1_5' title="bbox 663 1542 1139 1583">
     <span class='ocr_line' id='line_1_25' title="bbox 663 1542 1139 1583; baseline -0.004 0"><span class='ocrx_word' id='word_1_189' title='bbox 663 1543 949 1583; x_wconf 82' lang='lat' dir='ltr'><strong>CAPUT</strong></span> <span class='ocrx_word' id='word_1_190' title='bbox 1003 1542 1139 1581; x_wconf 88' lang='grc' dir='ltr'><strong>ΧΙΙΙ.</strong></span> 
     </span>
    </p>
   </div>
   <div class='ocr_carea' id='block_1_6' title="bbox 255 1622 1560 1714">
    <p class='ocr_par' dir='ltr' id='par_1_6' title="bbox 255 1622 1560 1714">
     <span class='ocr_line' id='line_1_26' title="bbox 255 1622 1560 1676; baseline -0.004 -11"><span class='ocrx_word' id='word_1_191' title='bbox 255 1626 407 1664; x_wconf 79' lang='lat' dir='ltr'><strong>Falsum</strong></span> <span class='ocrx_word' id='word_1_192' title='bbox 433 1624 619 1676; x_wconf 77' lang='lat' dir='ltr'><strong>quandam</strong></span> <span class='ocrx_word' id='word_1_193' title='bbox 643 1623 841 1661; x_wconf 73' lang='lat' dir='ltr'><strong>historiam</strong></span> <span class='ocrx_word' id='word_1_194' title='bbox 871 1634 893 1659; x_wconf 90' lang='grc' dir='ltr'><em>α</em></span> <span class='ocrx_word' id='word_1_195' title='bbox 923 1623 1037 1659; x_wconf 77' lang='lat' dir='ltr'><strong>Petro</strong></span> <span class='ocrx_word' id='word_1_196' title='bbox 1068 1622 1236 1660; x_wconf 73' lang='lat' dir='ltr'><strong>Victorio</strong></span> <span class='ocrx_word' id='word_1_197' title='bbox 1256 1635 1330 1672; x_wconf 82' lang='lat' dir='ltr'><strong>pro</strong></span> <span class='ocrx_word' id='word_1_198' title='bbox 1357 1634 1449 1660; x_wconf 77' lang='lat' dir='ltr'><strong>vera</strong></span> <span class='ocrx_word' id='word_1_199' title='bbox 1480 1628 1560 1661; x_wconf 74' lang='lat' dir='ltr'><strong>tra-</strong></span> 
     </span>
     <span class='ocr_line' id='line_1_27' title="bbox 776 1678 1020 1714; baseline -0.004 0"><span class='ocrx_word' id='word_1_200' title='bbox 776 1678 893 1714; x_wconf 76' lang='lat' dir='ltr'><strong>ditam</strong></span> <span class='ocrx_word' id='word_1_201' title='bbox 924 1689 1020 1714; x_wconf 79' lang='lat' dir='ltr'><strong>csse.</strong></span> 
     </span>
    </p>
   </div>
   <div class='ocr_carea' id='block_1_7' title="bbox 179 1760 1626 2275">
    <p class='ocr_par' dir='ltr' id='par_1_7' title="bbox 179 1760 1626 2275">
     <span class='ocr_line' id='line_1_28' title="bbox 182 1760 1625 1828; baseline -0.002 -12"><span class='ocrx_word' id='word_1_202' title='bbox 182 1760 368 1818; x_wconf 63' lang='lat' dir='ltr'><strong>FALsnM</strong></span> <span class='ocrx_word' id='word_1_203' title='bbox 397 1785 479 1823; x_wconf 84' lang='lat' dir='ltr'><strong>est,</strong></span> <span class='ocrx_word' id='word_1_204' title='bbox 520 1775 615 1828; x_wconf 87' lang='lat' dir='ltr'><strong>quod</strong></span> <span class='ocrx_word' id='word_1_205' title='bbox 644 1776 842 1815; x_wconf 80' lang='lat' dir='ltr'><strong>VictorIus</strong></span> <span class='ocrx_word' id='word_1_206' title='bbox 868 1774 1020 1813; x_wconf 85' lang='lat' dir='ltr'><strong>tradidit</strong></span> <span class='ocrx_word' id='word_1_207' title='bbox 1057 1775 1151 1813; x_wconf 89' lang='lat' dir='ltr'><strong>libro</strong></span> <span class='ocrx_word' id='word_1_208' title='bbox 1180 1774 1398 1813; x_wconf 87' lang='lat' dir='ltr'><strong>duodecimo</strong></span> <span class='ocrx_word' id='word_1_209' title='bbox 1426 1775 1625 1814; x_wconf 88' lang='lat' dir='ltr'><strong>Variarum</strong></span> 
     </span>
     <span class='ocr_line' id='line_1_29' title="bbox 184 1831 1625 1886; baseline -0.004 -12"><span class='ocrx_word' id='word_1_210' title='bbox 184 1837 381 1875; x_wconf 90' lang='lat' dir='ltr'><strong>lectionum</strong></span> <span class='ocrx_word' id='word_1_211' title='bbox 395 1832 534 1886; x_wconf 47' lang='grc' dir='ltr'><strong>’ἰή-ἢῆ,</strong></span> <span class='ocrx_word' id='word_1_212' title='bbox 575 1833 744 1870; x_wconf 78' lang='lat' dir='ltr'><strong>extitisse</strong></span> <span class='ocrx_word' id='word_1_213' title='bbox 783 1831 962 1882; x_wconf 88' lang='lat' dir='ltr'><strong>quendam</strong></span> <span class='ocrx_word' id='word_1_214' title='bbox 994 1831 1186 1882; x_wconf 84' lang='lat' dir='ltr'><strong>capitalem</strong></span> <span class='ocrx_word' id='word_1_215' title='bbox 1214 1832 1531 1882; x_wconf 90' lang='lat' dir='ltr'><strong>importunumque</strong></span> <span class='ocrx_word' id='word_1_216' title='bbox 1558 1831 1625 1868; x_wconf 89' lang='lat' dir='ltr'><strong>ho-</strong></span> 
     </span>
     <span class='ocr_line' id='line_1_30' title="bbox 184 1885 1626 1938; baseline -0.004 -9"><span class='ocrx_word' id='word_1_217' title='bbox 184 1893 320 1930; x_wconf 89' lang='lat' dir='ltr'><strong>minem</strong></span> <span class='ocrx_word' id='word_1_218' title='bbox 351 1889 539 1934; x_wconf 84' lang='lat' dir='ltr'><strong>Athenis,</strong></span> <span class='ocrx_word' id='word_1_219' title='bbox 571 1888 634 1938; x_wconf 86' lang='lat' dir='ltr'><strong>qui</strong></span> <span class='ocrx_word' id='word_1_220' title='bbox 658 1886 819 1932; x_wconf 80' lang='lat' dir='ltr'><strong>dixerit,</strong></span> <span class='ocrx_word' id='word_1_221' title='bbox 851 1900 917 1933; x_wconf 89' lang='lat' dir='ltr'><strong>se,</strong></span> <span class='ocrx_word' id='word_1_222' title='bbox 948 1886 1032 1924; x_wconf 90' lang='lat' dir='ltr'><strong>dum</strong></span> <span class='ocrx_word' id='word_1_223' title='bbox 1059 1900 1176 1936; x_wconf 84' lang='lat' dir='ltr'><strong>regno</strong></span> <span class='ocrx_word' id='word_1_224' title='bbox 1201 1885 1433 1924; x_wconf 86' lang='lat' dir='ltr'><strong>Athenarum</strong></span> <span class='ocrx_word' id='word_1_225' title='bbox 1464 1899 1535 1924; x_wconf 91' lang='lat' dir='ltr'><strong>uno</strong></span> <span class='ocrx_word' id='word_1_226' title='bbox 1564 1885 1626 1923; x_wconf 83' lang='lat' dir='ltr'><strong>die</strong></span> 
     </span>
     <span class='ocr_line' id='line_1_31' title="bbox 183 1942 1621 1998; baseline -0.004 -14"><span class='ocrx_word' id='word_1_227' title='bbox 183 1947 294 1998; x_wconf 88' lang='lat' dir='ltr'><strong>potiri</strong></span> <span class='ocrx_word' id='word_1_228' title='bbox 325 1951 474 1995; x_wconf 85' lang='lat' dir='ltr'><strong>posset,</strong></span> <span class='ocrx_word' id='word_1_229' title='bbox 516 1943 654 1980; x_wconf 91' lang='lat' dir='ltr'><strong>nullum</strong></span> <span class='ocrx_word' id='word_1_230' title='bbox 685 1942 856 1992; x_wconf 88' lang='lat' dir='ltr'><strong>supplicii</strong></span> <span class='ocrx_word' id='word_1_231' title='bbox 887 1955 1005 1992; x_wconf 89' lang='lat' dir='ltr'><strong>genus</strong></span> <span class='ocrx_word' id='word_1_232' title='bbox 1034 1948 1315 1987; x_wconf 82' lang='lat' dir='ltr'><strong>recusaturum3</strong></span> <span class='ocrx_word' id='word_1_233' title='bbox 1353 1954 1621 1992; x_wconf 84' lang='lat' dir='ltr'><strong>passurumque</strong></span> 
     </span>
     <span class='ocr_line' id='line_1_32' title="bbox 183 1997 1625 2053; baseline -0.005 -13"><span class='ocrx_word' id='word_1_234' title='bbox 183 2015 302 2053; x_wconf 81' lang='lat' dir='ltr'><strong>aequo</strong></span> <span class='ocrx_word' id='word_1_235' title='bbox 325 2000 464 2044; x_wconf 86' lang='lat' dir='ltr'><strong>auimo,</strong></span> <span class='ocrx_word' id='word_1_236' title='bbox 492 2006 529 2035; x_wconf 89' lang='lat' dir='ltr'><strong>ut</strong></span> <span class='ocrx_word' id='word_1_237' title='bbox 553 1997 807 2035; x_wconf 86' lang='lat' dir='ltr'><strong>acerbissimis</strong></span> <span class='ocrx_word' id='word_1_238' title='bbox 831 1997 1057 2034; x_wconf 87' lang='lat' dir='ltr'><strong>cruciatibus</strong></span> <span class='ocrx_word' id='word_1_239' title='bbox 1086 2004 1215 2046; x_wconf 85' lang='lat' dir='ltr'><strong>postea</strong></span> <span class='ocrx_word' id='word_1_240' title='bbox 1243 1997 1456 2034; x_wconf 83' lang='lat' dir='ltr'><strong>alliceretur</strong></span> <span class='ocrx_word' id='word_1_241' title='bbox 1487 1997 1625 2033; x_wconf 90' lang='lat' dir='ltr'><strong>omnis-</strong></span> 
     </span>
     <span class='ocr_line' id='line_1_33' title="bbox 183 2051 1624 2108; baseline -0.003 -15"><span class='ocrx_word' id='word_1_242' title='bbox 183 2070 254 2108; x_wconf 91' lang='lat' dir='ltr'><strong>que</strong></span> <span class='ocrx_word' id='word_1_243' title='bbox 295 2056 411 2106; x_wconf 89' lang='lat' dir='ltr'><strong>ipsius</strong></span> <span class='ocrx_word' id='word_1_244' title='bbox 452 2053 590 2091; x_wconf 81' lang='lat' dir='ltr'><strong>familia</strong></span> <span class='ocrx_word' id='word_1_245' title='bbox 632 2051 793 2089; x_wconf 84' lang='lat' dir='ltr'><strong>funditus</strong></span> <span class='ocrx_word' id='word_1_246' title='bbox 833 2052 988 2102; x_wconf 89' lang='lat' dir='ltr'><strong>periret.</strong></span> <span class='ocrx_word' id='word_1_247' title='bbox 1050 2051 1147 2089; x_wconf 86' lang='lat' dir='ltr'><strong>Nam</strong></span> <span class='ocrx_word' id='word_1_248' title='bbox 1179 2051 1276 2101; x_wconf 88' lang='lat' dir='ltr'><strong>quod</strong></span> <span class='ocrx_word' id='word_1_249' title='bbox 1303 2052 1442 2102; x_wconf 74' lang='lat' dir='ltr'><strong>putavit</strong></span> <span class='ocrx_word' id='word_1_250' title='bbox 1472 2051 1507 2088; x_wconf 92' lang='lat' dir='ltr'><strong>id</strong></span> <span class='ocrx_word' id='word_1_251' title='bbox 1534 2051 1624 2088; x_wconf 86' lang='lat' dir='ltr'><strong>Plu-</strong></span> 
     </span>
     <span class='ocr_line' id='line_1_34' title="bbox 184 2104 1625 2157; baseline -0.004 -8"><span class='ocrx_word' id='word_1_252' title='bbox 184 2111 350 2149; x_wconf 85' lang='lat' dir='ltr'><strong>tarchum</strong></span> <span class='ocrx_word' id='word_1_253' title='bbox 383 2110 420 2146; x_wconf 90' lang='lat' dir='ltr'><strong>in</strong></span> <span class='ocrx_word' id='word_1_254' title='bbox 452 2108 591 2146; x_wconf 89' lang='lat' dir='ltr'><strong>Solone</strong></span> <span class='ocrx_word' id='word_1_255' title='bbox 621 2106 771 2144; x_wconf 85' lang='lat' dir='ltr'><strong>dicere:</strong></span> <span class='ocrx_word' id='word_1_256' title='bbox 803 2104 1009 2145; x_wconf 75' lang='lat' dir='ltr'><strong>declaravit</strong></span> <span class='ocrx_word' id='word_1_257' title='bbox 1035 2107 1203 2157; x_wconf 81' lang='lat' dir='ltr'><strong>exemplo</strong></span> <span class='ocrx_word' id='word_1_258' title='bbox 1235 2119 1318 2151; x_wconf 88' lang='lat' dir='ltr'><strong>suo,</strong></span> <span class='ocrx_word' id='word_1_259' title='bbox 1349 2108 1513 2156; x_wconf 74' lang='lat' dir='ltr'><strong>quamvis</strong></span> <span class='ocrx_word' id='word_1_260' title='bbox 1538 2120 1625 2144; x_wconf 90' lang='lat' dir='ltr'><strong>eru-</strong></span> 
     </span>
     <span class='ocr_line' id='line_1_35' title="bbox 183 2161 1624 2213; baseline -0.005 -8"><span class='ocrx_word' id='word_1_261' title='bbox 183 2167 280 2205; x_wconf 88' lang='lat' dir='ltr'><strong>ditos</strong></span> <span class='ocrx_word' id='word_1_262' title='bbox 312 2165 481 2203; x_wconf 88' lang='lat' dir='ltr'><strong>homines</strong></span> <span class='ocrx_word' id='word_1_263' title='bbox 509 2163 697 2201; x_wconf 85' lang='lat' dir='ltr'><strong>caecutire</strong></span> <span class='ocrx_word' id='word_1_264' title='bbox 727 2169 766 2199; x_wconf 87' lang='lat' dir='ltr'><strong>et</strong></span> <span class='ocrx_word' id='word_1_265' title='bbox 793 2164 993 2213; x_wconf 78' lang='grc' dir='ltr'><strong><em>παρορᾶν,</em></strong></span> <span class='ocrx_word' id='word_1_266' title='bbox 1037 2162 1099 2199; x_wconf 90' lang='lat' dir='ltr'><strong>ubi</strong></span> <span class='ocrx_word' id='word_1_267' title='bbox 1129 2161 1268 2212; x_wconf 84' lang='lat' dir='ltr'><strong>aliquid</strong></span> <span class='ocrx_word' id='word_1_268' title='bbox 1297 2162 1540 2199; x_wconf 79' lang='lat' dir='ltr'><strong>conniventes</strong></span> <span class='ocrx_word' id='word_1_269' title='bbox 1569 2162 1624 2199; x_wconf 90' lang='lat' dir='ltr'><strong>le-</strong></span> 
     </span>
     <span class='ocr_line' id='line_1_36' title="bbox 179 2215 1624 2275; baseline -0.004 -15"><span class='ocrx_word' id='word_1_270' title='bbox 179 2229 284 2275; x_wconf 86' lang='lat' dir='ltr'><strong>gunt.</strong></span> <span class='ocrx_word' id='word_1_271' title='bbox 344 2220 450 2259; x_wconf 88' lang='lat' dir='ltr'><strong>Nihil</strong></span> <span class='ocrx_word' id='word_1_272' title='bbox 480 2219 579 2258; x_wconf 86' lang='lat' dir='ltr'><strong>enim</strong></span> <span class='ocrx_word' id='word_1_273' title='bbox 609 2217 684 2256; x_wconf 84' lang='lat' dir='ltr'><strong>tale</strong></span> <span class='ocrx_word' id='word_1_274' title='bbox 711 2217 951 2264; x_wconf 86' lang='lat' dir='ltr'><strong>Plutarchus,</strong></span> <span class='ocrx_word' id='word_1_275' title='bbox 982 2217 1088 2268; x_wconf 87' lang='lat' dir='ltr'><strong>quale</strong></span> <span class='ocrx_word' id='word_1_276' title='bbox 1107 2217 1302 2256; x_wconf 88' lang='lat' dir='ltr'><strong>Victorius</strong></span> <span class='ocrx_word' id='word_1_277' title='bbox 1333 2215 1506 2263; x_wconf 86' lang='lat' dir='ltr'><strong>credidit,</strong></span> <span class='ocrx_word' id='word_1_278' title='bbox 1538 2230 1624 2254; x_wconf 88' lang='lat' dir='ltr'><strong>nar-</strong></span> 
     </span>
    </p>
   </div>
   <div class='ocr_carea' id='block_1_8' title="bbox 177 2383 1621 2496">
    <p class='ocr_par' dir='ltr' id='par_1_8' title="bbox 177 2383 1621 2496">
     <span class='ocr_line' id='line_1_37' title="bbox 253 2383 1621 2424; baseline -0.003 -7"><span class='ocrx_word' id='word_1_279' title='bbox 253 2389 296 2424; x_wconf 66' lang='lat' dir='ltr'><strong>*J</strong></span> <span class='ocrx_word' id='word_1_280' title='bbox 317 2389 365 2417; x_wconf 83' lang='lat' dir='ltr'><strong>De</strong></span> <span class='ocrx_word' id='word_1_281' title='bbox 385 2387 483 2415; x_wconf 83' lang='lat' dir='ltr'><strong>Peleo</strong></span> <span class='ocrx_word' id='word_1_282' title='bbox 504 2386 629 2421; x_wconf 81' lang='lat' dir='ltr'><strong>quidem</strong></span> <span class='ocrx_word' id='word_1_283' title='bbox 650 2385 681 2413; x_wconf 80' lang='lat' dir='ltr'><strong>in</strong></span> <span class='ocrx_word' id='word_1_284' title='bbox 701 2385 803 2413; x_wconf 85' lang='lat' dir='ltr'><strong>Schol.</strong></span> <span class='ocrx_word' id='word_1_285' title='bbox 826 2384 857 2413; x_wconf 81' lang='lat' dir='ltr'><strong>in</strong></span> <span class='ocrx_word' id='word_1_286' title='bbox 876 2386 968 2415; x_wconf 68' lang='lat' dir='ltr'><strong>Atat.</strong></span> <span class='ocrx_word' id='word_1_287' title='bbox 990 2387 1070 2420; x_wconf 79' lang='lat' dir='ltr'><strong>poet.</strong></span> <span class='ocrx_word' id='word_1_288' title='bbox 1093 2393 1122 2413; x_wconf 87' lang='lat' dir='ltr'><strong>v.</strong></span> <span class='ocrx_word' id='word_1_289' title='bbox 1139 2385 1189 2414; x_wconf 84' lang='grc'><strong>96.</strong></span> <span class='ocrx_word' id='word_1_290' title='bbox 1212 2385 1288 2419; x_wconf 70' lang='lat' dir='ltr'><strong>Ono.</strong></span> <span class='ocrx_word' id='word_1_291' title='bbox 1307 2385 1392 2412; x_wconf 80' lang='lat' dir='ltr'><strong>Tum.</strong></span> <span class='ocrx_word' id='word_1_292' title='bbox 1410 2386 1447 2412; x_wconf 89' lang='grc' dir='ltr'><strong>ΙΙ.</strong></span> <span class='ocrx_word' id='word_1_293' title='bbox 1465 2391 1534 2418; x_wconf 72' lang='lat' dir='ltr'><strong>pag.</strong></span> <span class='ocrx_word' id='word_1_294' title='bbox 1550 2383 1621 2414; x_wconf 80' lang='lat'>968.</span> 
     </span>
     <span class='ocr_line' id='line_1_38' title="bbox 179 2422 1620 2460; baseline -0.006 -3"><span class='ocrx_word' id='word_1_295' title='bbox 179 2430 218 2458; x_wconf 79' lang='lat' dir='ltr'><strong>de</strong></span> <span class='ocrx_word' id='word_1_296' title='bbox 237 2427 484 2460; x_wconf 79' lang='lat' dir='ltr'><strong>Bellerophonte</strong></span> <span class='ocrx_word' id='word_1_297' title='bbox 509 2424 616 2451; x_wconf 76' lang='lat' dir='ltr'><strong>nescio</strong></span> <span class='ocrx_word' id='word_1_298' title='bbox 638 2423 700 2452; x_wconf 72' lang='lat' dir='ltr'><strong>uui.</strong></span> <span class='ocrx_word' id='word_1_299' title='bbox 739 2424 791 2451; x_wconf 84' lang='lat' dir='ltr'><strong>Ad</strong></span> <span class='ocrx_word' id='word_1_300' title='bbox 817 2426 917 2452; x_wconf 86' lang='lat' dir='ltr'><strong>totum</strong></span> <span class='ocrx_word' id='word_1_301' title='bbox 938 2425 995 2451; x_wconf 82' lang='lat' dir='ltr'><strong>hoc</strong></span> <span class='ocrx_word' id='word_1_302' title='bbox 1015 2427 1109 2458; x_wconf 82' lang='lat' dir='ltr'><strong>caput</strong></span> <span class='ocrx_word' id='word_1_303' title='bbox 1135 2423 1173 2453; x_wconf 87' lang='lat' dir='ltr'><strong>cf.</strong></span> <span class='ocrx_word' id='word_1_304' title='bbox 1195 2424 1288 2452; x_wconf 80' lang='lat' dir='ltr'><strong>etiam</strong></span> <span class='ocrx_word' id='word_1_305' title='bbox 1309 2422 1409 2450; x_wconf 74' lang='lat' dir='ltr'><strong>Taciti</strong></span> <span class='ocrx_word' id='word_1_306' title='bbox 1430 2423 1545 2450; x_wconf 86' lang='lat' dir='ltr'><strong>Auual.</strong></span> <span class='ocrx_word' id='word_1_307' title='bbox 1567 2423 1620 2451; x_wconf 73' lang='lat' dir='ltr'><strong>Vl.</strong></span> 
     </span>
     <span class='ocr_line' id='line_1_39' title="bbox 177 2461 1007 2496; baseline -0.01 0"><span class='ocrx_word' id='word_1_308' title='bbox 177 2468 228 2496; x_wconf 80' lang='lat'><strong>49.</strong></span> <span class='ocrx_word' id='word_1_309' title='bbox 249 2469 281 2494; x_wconf 82' lang='lat' dir='ltr'><strong>et</strong></span> <span class='ocrx_word' id='word_1_310' title='bbox 302 2465 372 2493; x_wconf 90' lang='lat' dir='ltr'><strong>Gul.</strong></span> <span class='ocrx_word' id='word_1_311' title='bbox 394 2462 522 2491; x_wconf 79' lang='lat' dir='ltr'><strong>canteri</strong></span> <span class='ocrx_word' id='word_1_312' title='bbox 542 2463 620 2489; x_wconf 84' lang='lat' dir='ltr'><strong>Nov.</strong></span> <span class='ocrx_word' id='word_1_313' title='bbox 642 2462 727 2490; x_wconf 87' lang='lat' dir='ltr'><strong>Leet.</strong></span> <span class='ocrx_word' id='word_1_314' title='bbox 749 2461 800 2489; x_wconf 80' lang='lat' dir='ltr'><strong>Vl.</strong></span> <span class='ocrx_word' id='word_1_315' title='bbox 823 2462 851 2489; x_wconf 78' lang='lat'><strong>2.</strong></span> <span class='ocrx_word' id='word_1_316' title='bbox 893 2463 1007 2489; x_wconf 73' lang='lat' dir='ltr'>FAES1.</span> 
     </span>
    </p>
   </div>
   <div class='ocr_carea' id='block_1_9' title="bbox 173 2507 1620 2657">
    <p class='ocr_par' dir='ltr' id='par_1_9' title="bbox 173 2507 1620 2657">
     <span class='ocr_line' id='line_1_40' title="bbox 251 2507 1620 2546; baseline -0.004 -7"><span class='ocrx_word' id='word_1_317' title='bbox 251 2512 320 2546; x_wconf 59' lang='lat'><strong>*2:³3</strong></span> <span class='ocrx_word' id='word_1_318' title='bbox 342 2509 412 2539; x_wconf 86' lang='lat' dir='ltr'><strong>Vid.</strong></span> <span class='ocrx_word' id='word_1_319' title='bbox 435 2511 544 2539; x_wconf 84' lang='lat' dir='ltr'><strong>Tzetz.</strong></span> <span class='ocrx_word' id='word_1_320' title='bbox 570 2509 611 2537; x_wconf 82' lang='lat' dir='ltr'><strong>ad</strong></span> <span class='ocrx_word' id='word_1_321' title='bbox 631 2509 788 2543; x_wconf 79' lang='lat' dir='ltr'><strong>Lycoplir.</strong></span> <span class='ocrx_word' id='word_1_322' title='bbox 821 2516 852 2537; x_wconf 83' lang='lat' dir='ltr'><strong>v.</strong></span> <span class='ocrx_word' id='word_1_323' title='bbox 876 2510 945 2537; x_wconf 82' lang='lat'>156.</span> <span class='ocrx_word' id='word_1_324' title='bbox 985 2509 1148 2537; x_wconf 80' lang='lat' dir='ltr'><strong>Meliorem</strong></span> <span class='ocrx_word' id='word_1_325' title='bbox 1175 2510 1335 2537; x_wconf 80' lang='lat' dir='ltr'><strong>auctorem</strong></span> <span class='ocrx_word' id='word_1_326' title='bbox 1363 2507 1466 2535; x_wconf 78' lang='lat' dir='ltr'><strong>adhuc</strong></span> <span class='ocrx_word' id='word_1_327' title='bbox 1486 2513 1620 2541; x_wconf 81' lang='lat' dir='ltr'><strong>quaere-</strong></span> 
     </span>
     <span class='ocr_line' id='line_1_41' title="bbox 175 2546 1618 2580; baseline -0.003 -4"><span class='ocrx_word' id='word_1_328' title='bbox 175 2552 257 2580; x_wconf 78' lang='lat' dir='ltr'><strong>bam,</strong></span> <span class='ocrx_word' id='word_1_329' title='bbox 296 2549 412 2577; x_wconf 66' lang='lat' dir='ltr'><strong>Womx</strong></span> <span class='ocrx_word' id='word_1_330' title='bbox 441 2562 478 2568; x_wconf 81' lang='lat'><em>-</em></span> <span class='ocrx_word' id='word_1_331' title='bbox 517 2549 549 2576; x_wconf 83' lang='lat' dir='ltr'>A</span> <span class='ocrx_word' id='word_1_332' title='bbox 570 2548 691 2575; x_wconf 83' lang='lat' dir='ltr'><strong>Tzetza</strong></span> <span class='ocrx_word' id='word_1_333' title='bbox 711 2547 836 2580; x_wconf 68' lang='lat' dir='ltr'><strong>culidem</strong></span> <span class='ocrx_word' id='word_1_334' title='bbox 856 2546 1005 2580; x_wconf 70' lang='lat' dir='ltr'><strong>Myrtilus</strong></span> <span class='ocrx_word' id='word_1_335' title='bbox 1026 2547 1270 2580; x_wconf 62' lang='lat' dir='ltr'><strong>Hippodamiam</strong></span> <span class='ocrx_word' id='word_1_336' title='bbox 1291 2547 1434 2573; x_wconf 66' lang='lat' dir='ltr'><strong>tentasse</strong></span> <span class='ocrx_word' id='word_1_337' title='bbox 1455 2548 1618 2579; x_wconf 57' lang='lat' dir='ltr'><strong>narratum</strong></span> 
     </span>
     <span class='ocr_line' id='line_1_42' title="bbox 173 2582 1617 2657; baseline -0.004 -40"><span class='ocrx_word' id='word_1_338' title='bbox 173 2590 318 2657; x_wconf 42' lang='lat' dir='ltr'><strong>gaqe-:ps</strong></span> <span class='ocrx_word' id='word_1_339' title='bbox 343 2589 453 2652; x_wconf 44' lang='grc' dir='ltr'><strong>ἕιὲῑὲὲιιιι</strong></span> <span class='ocrx_word' id='word_1_340' title='bbox 479 2586 577 2614; x_wconf 82' lang='lat' dir='ltr'><strong>alium</strong></span> <span class='ocrx_word' id='word_1_341' title='bbox 604 2587 765 2613; x_wconf 82' lang='lat' dir='ltr'><strong>auctorem</strong></span> <span class='ocrx_word' id='word_1_342' title='bbox 791 2587 922 2613; x_wconf 80' lang='lat' dir='ltr'><strong>secutus</strong></span> <span class='ocrx_word' id='word_1_343' title='bbox 947 2587 1016 2620; x_wconf 80' lang='lat' dir='ltr'><strong>est,</strong></span> <span class='ocrx_word' id='word_1_344' title='bbox 1047 2586 1217 2619; x_wconf 70' lang='lat' dir='ltr'><strong>Didymum</strong></span> <span class='ocrx_word' id='word_1_345' title='bbox 1238 2585 1344 2612; x_wconf 72' lang='lat' dir='ltr'><strong>schol.</strong></span> <span class='ocrx_word' id='word_1_346' title='bbox 1370 2582 1446 2611; x_wconf 86' lang='lat' dir='ltr'><strong>min.</strong></span> <span class='ocrx_word' id='word_1_347' title='bbox 1472 2584 1505 2612; x_wconf 77' lang='lat' dir='ltr'><strong>in</strong></span> <span class='ocrx_word' id='word_1_348' title='bbox 1526 2584 1617 2611; x_wconf 70' lang='lat' dir='ltr'><strong>iliad.</strong></span> 
     </span>
    </p>
   </div>
   <div class='ocr_carea' id='block_1_10' title="bbox 246 2669 1168 2759">
    <p class='ocr_par' dir='ltr' id='par_1_10' title="bbox 246 2669 1168 2759">
     <span class='ocr_line' id='line_1_43' title="bbox 247 2669 861 2707; baseline 0.002 -8"><span class='ocrx_word' id='word_1_349' title='bbox 247 2672 338 2707; x_wconf 52' lang='lat'><strong>*³2:220</strong></span> <span class='ocrx_word' id='word_1_350' title='bbox 359 2679 428 2706; x_wconf 79' lang='lat' dir='ltr'><strong>cap.</strong></span> <span class='ocrx_word' id='word_1_351' title='bbox 448 2671 478 2700; x_wconf 83' lang='lat'><strong>3.</strong></span> <span class='ocrx_word' id='word_1_352' title='bbox 499 2676 573 2705; x_wconf 77' lang='lat' dir='ltr'><strong>pag.</strong></span> <span class='ocrx_word' id='word_1_353' title='bbox 594 2669 663 2697; x_wconf 83' lang='lat'>230.</span> <span class='ocrx_word' id='word_1_354' title='bbox 687 2669 735 2698; x_wconf 85' lang='lat' dir='ltr'><strong>ed.</strong></span> <span class='ocrx_word' id='word_1_355' title='bbox 757 2669 861 2700; x_wconf 82' lang='lat' dir='ltr'><strong>Olear.</strong></span> 
     </span>
     <span class='ocr_line' id='line_1_44' title="bbox 246 2717 1168 2759; baseline -0.005 -10"><span class='ocrx_word' id='word_1_356' title='bbox 246 2721 291 2759; x_wconf 44' lang='grc' dir='ltr'><strong>ἢ)</strong></span> <span class='ocrx_word' id='word_1_357' title='bbox 311 2720 382 2749; x_wconf 73' lang='lat' dir='ltr'><strong>vid.</strong></span> <span class='ocrx_word' id='word_1_358' title='bbox 404 2721 521 2747; x_wconf 87' lang='lat' dir='ltr'><strong>Zonar.</strong></span> <span class='ocrx_word' id='word_1_359' title='bbox 541 2718 657 2746; x_wconf 84' lang='lat' dir='ltr'><strong>Aunal.</strong></span> <span class='ocrx_word' id='word_1_360' title='bbox 678 2717 761 2746; x_wconf 81' lang='grc' dir='ltr'>ΧΙΙΙ.</span> <span class='ocrx_word' id='word_1_361' title='bbox 784 2725 856 2753; x_wconf 82' lang='lat' dir='ltr'><strong>pag.</strong></span> <span class='ocrx_word' id='word_1_362' title='bbox 877 2718 906 2746; x_wconf 81' lang='grc'><strong>4.</strong></span> <span class='ocrx_word' id='word_1_363' title='bbox 928 2719 963 2747; x_wconf 86' lang='grc' dir='ltr'><strong>Ε.</strong></span> <span class='ocrx_word' id='word_1_364' title='bbox 987 2718 1035 2746; x_wconf 87' lang='lat' dir='ltr'><strong>ed.</strong></span> <span class='ocrx_word' id='word_1_365' title='bbox 1056 2717 1168 2745; x_wconf 69' lang='lat' dir='ltr'><strong>venet.</strong></span> 
     </span>
    </p>
   </div>
   <div class='ocr_carea' id='block_1_11' title="bbox 168 2762 1614 2844">
    <p class='ocr_par' dir='ltr' id='par_1_11' title="bbox 168 2762 1614 2844">
     <span class='ocr_line' id='line_1_45' title="bbox 244 2762 1614 2807; baseline -0.001 -11"><span class='ocrx_word' id='word_1_366' title='bbox 244 2769 318 2807; x_wconf 74' lang='lat'><strong>††)</strong></span> <span class='ocrx_word' id='word_1_367' title='bbox 340 2768 446 2796; x_wconf 80' lang='lat' dir='ltr'><strong>Verba</strong></span> <span class='ocrx_word' id='word_1_368' title='bbox 464 2767 545 2794; x_wconf 77' lang='lat' dir='ltr'><strong>Sunt</strong></span> <span class='ocrx_word' id='word_1_369' title='bbox 570 2767 601 2793; x_wconf 77' lang='lat' dir='ltr'><strong>et</strong></span> <span class='ocrx_word' id='word_1_370' title='bbox 618 2766 681 2794; x_wconf 78' lang='lat' dir='ltr'><strong>alia</strong></span> <span class='ocrx_word' id='word_1_371' title='bbox 706 2766 768 2792; x_wconf 79' lang='lat' dir='ltr'><strong>duo</strong></span> <span class='ocrx_word' id='word_1_372' title='bbox 795 2765 938 2798; x_wconf 66' lang='lat' dir='ltr'><strong>exempla</strong></span> <span class='ocrx_word' id='word_1_373' title='bbox 959 2770 1060 2799; x_wconf 79' lang='lat' dir='ltr'><strong>usque</strong></span> <span class='ocrx_word' id='word_1_374' title='bbox 1088 2765 1128 2793; x_wconf 82' lang='lat' dir='ltr'><strong>ad</strong></span> <span class='ocrx_word' id='word_1_375' title='bbox 1149 2764 1240 2793; x_wconf 87' lang='lat' dir='ltr'><strong>finem</strong></span> <span class='ocrx_word' id='word_1_376' title='bbox 1260 2762 1355 2793; x_wconf 85' lang='lat' dir='ltr'><strong>huius</strong></span> <span class='ocrx_word' id='word_1_377' title='bbox 1374 2764 1492 2801; x_wconf 76' lang='lat' dir='ltr'><strong>capitis</strong></span> <span class='ocrx_word' id='word_1_378' title='bbox 1513 2764 1544 2794; x_wconf 87' lang='lat' dir='ltr'><strong>in</strong></span> <span class='ocrx_word' id='word_1_379' title='bbox 1565 2764 1614 2794; x_wconf 82' lang='lat' dir='ltr'><strong>ed.</strong></span> 
     </span>
     <span class='ocr_line' id='line_1_46' title="bbox 168 2803 1027 2844; baseline -0.007 -7"><span class='ocrx_word' id='word_1_380' title='bbox 168 2807 270 2844; x_wconf 72' lang='lat' dir='ltr'><strong>prima</strong></span> <span class='ocrx_word' id='word_1_381' title='bbox 292 2808 363 2834; x_wconf 77' lang='lat' dir='ltr'><strong>var.</strong></span> <span class='ocrx_word' id='word_1_382' title='bbox 384 2806 470 2833; x_wconf 84' lang='lat' dir='ltr'><strong>Lect.</strong></span> <span class='ocrx_word' id='word_1_383' title='bbox 492 2804 627 2833; x_wconf 87' lang='lat' dir='ltr'><strong>noudum</strong></span> <span class='ocrx_word' id='word_1_384' title='bbox 646 2803 709 2838; x_wconf 86' lang='lat' dir='ltr'><strong>legi</strong></span> <span class='ocrx_word' id='word_1_385' title='bbox 729 2805 865 2833; x_wconf 78' lang='lat' dir='ltr'><strong>testatur</strong></span> <span class='ocrx_word' id='word_1_386' title='bbox 884 2803 1027 2832; x_wconf 72' lang='lat' dir='ltr'><strong>Faesius.</strong></span> 
     </span>
    </p>
   </div>
   <div class='ocr_carea' id='block_1_12' title="bbox 243 2851 507 2894">
    <p class='ocr_par' dir='ltr' id='par_1_12' title="bbox 243 2851 507 2894">
     <span class='ocr_line' id='line_1_47' title="bbox 243 2851 507 2894; baseline -0.008 -13"><span class='ocrx_word' id='word_1_387' title='bbox 243 2852 344 2894; x_wconf 63' lang='lat' dir='ltr'><strong>—*s††)</strong></span> <span class='ocrx_word' id='word_1_388' title='bbox 365 2859 434 2886; x_wconf 79' lang='lat' dir='ltr'><strong>cap.</strong></span> <span class='ocrx_word' id='word_1_389' title='bbox 458 2851 507 2881; x_wconf 78' lang='grc' dir='ltr'><strong>ιο.</strong></span> 
     </span>
    </p>
   </div>
  </div>
 </body>
</html>
