1778 3096
198 1655 263 1685 349

275 103 358 147 334
842 99 970 141 VAR.
1007 100 1161 142 LECT.

276 215 438 257 mentiae
470 213 603 265 plena,
641 225 712 263 qua
740 211 804 250 ille
847 211 985 250 milites
1013 224 1100 249 suos
1129 210 1176 250 ad
1202 212 1353 251 fortiter
1388 210 1623 264 pugnandum
1655 224 1720 250 co·

278 272 470 316 hortatur,
502 269 723 318 facilemque
754 269 825 313 eis,
858 268 889 304 si
917 268 1105 319 praesenti
1137 268 1259 305 animo
1284 269 1371 314 sint,
1403 281 1507 319 spem
1538 267 1720 315 victoriae

278 331 454 365 ostentat.
528 324 569 361 In
607 336 652 360 ea
689 324 742 360 ita
786 323 894 373 vulgo
936 323 1072 372 legitur
1087 320 1158 373 Ὦς
1208 325 1411 373 Brigantes
1440 322 1590 374 semina
1629 324 1722 361 {luce

280 394 442 420 exurere
471 380 679 424 coloniam,
711 391 932 428 expugnare
960 385 1110 421 castra,
1145 390 1210 423 ac,
1241 378 1504 430 nise'selicitus
1533 380 1569 416 in
1595 390 1723 415 secor·

281 437 380 473 diam
393 432 463 484 iffi)
485 434 674 477 vertisset,
697 447 837 470 coeuere
855 435 983 483 iugum
1000 439 1184 484 potuere.-
1206 446 1274 470 nos
1292 434 1446 483 integri,
1474 441 1511 472 et
1535 434 1721 478 indomiti,

280 497 318 528 et
348 489 558 528 libertatem
593 501 667 525 non
696 489 732 524 in
761 488 983 538 praesentia
1016 489 1158 533 laturi,
1196 489 1318 538 primo
1352 490 1478 527 statim
1517 500 1725 539 congressu

280 545 378 583 uncle
408 543 648 580 ostendamus
677 555 769 592 quos
796 542 873 579 sibi
893 543 1098 580 Caledonia
1128 543 1229 580 viros
1251 546 1473 593 seposuerit.
1525 543 1567 581 In
1593 542 1726 594 quibus

281 606 390 638 acute
421 597 510 635 vidit
540 597 705 647 Lipsius,
739 596 934 647 legendum
959 599 1086 648 prima
1117 597 1243 633 statim
1274 600 1550 648 congressione.
1611 596 1727 648 quue

281 655 355 706 ipsi
387 653 476 702 mihi
506 653 625 702 magis
655 653 798 702 placet,
841 665 947 702 quam
972 650 1069 702 quod
1108 663 1179 701 ego
1211 658 1320 689 antea
1355 653 1565 702 suspicatus
1606 664 1727 698 eram,

280 722 410 748 vocem
441 709 539 746 unde
570 706 764 745 delendam
795 719 904 744 esse:
936 706 1132 744 tamenetsi
1159 713 1314 757 utroque
1344 706 1452 744 modo
1482 706 1612 745 eadem
1644 720 1729 744 sen·

283 766 400 804 tentia
429 764 602 802 efficitur.
656 761 732 799 Sed
767 775 826 806 ea‚
852 775 945 812 quae
976 762 1142 813 proxime
1173 761 1411 808 antecedunt,
1441 769 1482 799 ut
1510 762 1731 800 obscuriora

284 828 323 859 et
346 819 392 858 ad
417 816 678 869 corrigendum
707 816 915 854 difficiliora
939 817 1027 863 sint,
1048 815 1334 869 Rhenani***)
1354 818 1567 855 temeritate
1591 817 1730 855 factum

284 883 366 921 est,
413 876 498 927 qui,
541 880 578 910 ut
609 874 645 910 in
677 873 802 910 Taciti
843 872 945 909 libris
989 872 1162 909 nonnulla
1200 873 1434 919 correxerit,
1476 872 1591 910 multo
1626 878 1730 909 certe

284 932 390 983 plura
430 929 609 979 corrupit.
671 927 777 965 Libri
821 927 961 964 Romae
1000 927 1175 979 impressi
1211 927 1420 965 habebant:
1460 934 1499 965 et
1536 928 1574 965 in
1617 927 1732 965 tiber·

285 993 397 1026 tatem
425 999 500 1023 non
531 986 567 1021 in
593 984 850 1034 praesentiam
881 984 1012 1021 loturi.
1072 982 1278 1019 Rhenanus
1310 983 1423 1028 fecit,
1454 991 1492 1020 et
1519 982 1732 1020 libertatem

283 1056 356 1081 non
387 1043 426 1079 in
451 1040 671 1091 praesentia
703 1039 887 1083 inlaturi,
919 1044 957 1074 et
986 1037 1120 1075 stultae
1153 1038 1344 1075 mutationi
1375 1037 1582 1075 stultiorem
1613 1038 1733 1074 inter·

284 1096 536 1149 pretationem
574 1092 728 1131 addidit.
797 1093 1020 1143 Significat,
1065 1093 1208 1144 inquit,
1252 1093 1353 1143 prius
1388 1093 1480 1144 ipsis
1522 1092 1733 1130 libertatem

286 1153 428 1197 fuisse,
459 1163 526 1201 pro
557 1162 626 1200 qua
657 1148 897 1198 adipiscenda
927 1161 1000 1185 non
1033 1155 1113 1185 erat
1142 1160 1234 1199 opus
1260 1160 1451 1198 pugnare,
1484 1146 1550 1186 sed
1579 1159 1733 1185 conser-

284 1206 420 1244 vanda.
475 1206 516 1242 In
546 1205 758 1255 praesentia
792 1203 885 1240 dixit
914 1202 959 1240 de
985 1205 1124 1240 futuro.
1178 1202 1363 1253 Equidem
1386 1203 1622 1247 Rhenanam,
1651 1214 1735 1240 eum

285 1263 348 1299 illa
381 1261 586 1305 scriberet,
607 1259 783 1304 ,sobrium
816 1259 932 1295 fnisse
961 1272 1032 1295 non
1064 1264 1165 1308 puto.
1226 1257 1303 1295 Sed
1339 1271 1384 1296 eo
1413 1258 1553 1295 omisso
1583 1256 1735 1295 adfera-

287 1330 391 1362 muS,
425 1316 456 1353 si
485 1314 571 1366 quid
602 1315 727 1351 verius
758 1326 966 1363 possumus.
1028 1312 1177 1350 Censeo
1209 1313 1342 1363 igitur,
1375 1313 1439 1350 ubi
1469 1320 1528 1350 est
1556 1315 1593 1351 in
1617 1325 1734 1364 prae-

286 1375 444 1410 sentiam
475 1371 608 1415 laturi,
640 1369 836 1419 legendum
869 1381 970 1413 esse,
1003 1369 1039 1406 in
1065 1370 1106 1405 Ρ.
1136 1370 1180 1406 R.
1212 1370 1405 1406 servitium
1437 1370 1535 1414 nati,
1567 1375 1608 1406 ut
1636 1374 1735 1405 totus

286 1428 389 1466 locus
412 1427 556 1476 legatur
587 1425 657 1461 hoc
681 1423 812 1460 modo:
849 1425 929 1461 Nos
952 1424 1100 1473 integri
1121 1430 1159 1460 et
1179 1424 1353 1461 indomiti
1377 1430 1415 1461 et
1441 1425 1478 1461 in
1504 1424 1732 1470 libertatem,

287 1479 363 1521 non
392 1484 429 1519 in
453 1481 589 1531 populi
614 1481 775 1517 Romani
798 1480 990 1515 servitium
1021 1480 1124 1522 nati,
1151 1479 1278 1527 prima
1307 1480 1437 1516 statim
1469 1479 1735 1528 congressione

289 1538 546 1580 ostendamus,
578 1547 670 1584 quos
698 1534 775 1571 sibi
805 1534 1010 1570 Caledonio
1042 1534 1143 1569 viros
1172 1534 1395 1582 seposuerit.
1448 1532 1535 1570 Non
1566 1545 1734 1583 magnam

287 1605 407 1644 neque
439 1591 638 1628 violentam
678 1599 764 1626 esse
797 1588 1056 1633 mutationem,
1096 1587 1157 1637 qui
1186 1587 1222 1623 in
1258 1587 1327 1624 hoc
1363 1599 1505 1637 genere
1538 1588 1736 1625 exercitati

289 1655 375 1686 sunt
405 1646 517 1685 facile
547 1644 697 1683 vident:
741 1643 873 1694 vulgus
904 1641 991 1694 quid
1022 1643 1178 1694 probet,
1215 1641 1304 1694 quid
1335 1656 1406 1680 non
1435 1642 1589 1695 probet,
1631 1656 1735 1681 num-

288 1716 396 1756 quam
426 1701 608 1740 laboravi.

804 1790 1084 1830 CAPUT
1138 1790 1221 1831 IV.

373 1874 473 1926 Quid
504 1875 556 1911 sit
586 1873 688 1923 apud
718 1872 933 1910 Ciceronem
964 1881 1068 1906 amor
1095 1869 1303 1907 amicitiae:
1337 1876 1376 1907 et
1400 1882 1470 1907 cur
1498 1870 1595 1908 idem
1622 1870 1660 1908 in

453 1929 659 1983 flagitiosi·
676 1928 817 1965 amoris
845 1926 1032 1963 mentione
1062 1925 1209 1963 decerit
1236 1938 1338 1962 more
1367 1923 1571 1963 Graeciae.

289 1997 505 2055 VETERES
535 2015 746 2067 philosophi
773 2014 912 2052 Graeci
942 2013 1120 2051 libentius
1150 2013 1232 2051 fere
1261 2012 1509 2051 versabantur
1535 2026 1618 2053 cum
1648 2010 1737 2051 ado-

291 2072 532 2117 lescentulis,
572 2084 678 2120 quam
710 2076 748 2106 ut
784 2081 978 2107 sermones
1008 2068 1193 2105 hominum
1238 2075 1274 2105 et
1303 2068 1460 2118 aliquam
1497 2067 1737 2119 turpitudinis

292 2128 541 2178 suspicionem
566 2126 790 2175 effugerent.
838 2124 1057 2173 Quanquam
1082 2124 1179 2161 enim
1206 2123 1350 2160 illorum
1376 2136 1417 2160 se
1437 2124 1588 2173 ingenia
1610 2135 1737 2162 amare

293 2183 487 2227 dicebant,
520 2194 564 2218 ea
590 2187 714 2217 tamen
743 2180 825 2216 fere
855 2179 1085 2229 potissimum
1110 2176 1304 2223 amabant,
1342 2190 1436 2227 quae
1465 2179 1563 2217 hene
1593 2178 1737 2216 habita-

293 2245 392 2279 rent.
452 2237 584 2287 ltaque
627 2234 664 2272 id
696 2233 835 2271 Cicero
874 2234 911 2270 in
942 2232 997 2270 eis
1034 2232 1200 2278 urbane,
1239 2239 1279 2269 ut
1309 2233 1427 2278 solet,
1465 2234 1659 2284 exagitans
1687 2235 1738 2273 ita

295 2293 427 2331 scribit
464 2292 560 2331 libro
607 2297 740 2341 quarto
776 2288 1069 2326 Tusculanarum
1087 2286 1166 2340 ἦ)
1218 2288 1285 2326 Ad
1325 2289 1531 2338 magistros
1568 2290 1736 2337 virtutib,

288 2348 548 2400 philosophos,
581 2348 796 2384 veniamus.-
828 2345 896 2394 qni
922 2356 1085 2381 amorem
1118 2350 1263 2393 negant
1289 2345 1419 2394 stupri
1443 2357 1540 2391 esse,
1563 2351 1603 2383 et
1629 2346 1666 2382 in
1695 2358 1738 2382 eo

368 2444 413 2479 -:'.:-)
434 2450 502 2477 cap.
523 2444 573 2471 31.
595 2445 676 2470 extr.
716 2441 885 2470 Bekkerus
906 2442 979 2475 post
1000 2440 1179 2469 Ernestium
1201 2439 1303 2469 dedit:
1329 2441 1430 2475 primo
1449 2443 1550 2470 statim
1570 2448 1738 2478 conqressu

293 2489 372 2512 non
396 2481 590 2509 ostendamus
618 2486 695 2514 quos
722 2480 779 2506 sibi
809 2479 876 2507 Col.
905 2480 990 2505 viros
1022 2479 1217 2512 seposuerit?
1263 2480 1297 2506 ln
1324 2479 1455 2513 reliquis
1482 2479 1562 2509 nihil
1591 2480 1736 2508 mutavit.

294 2522 417 2550 Ludov.
438 2518 607 2546 Walchius
629 2517 680 2552 (in
701 2517 749 2545 ed.
771 2517 845 2544 Tac.
867 2515 973 2549 Agric.
1003 2516 1110 2544 Berol.
1134 2518 1223 2545 1828.
1246 2516 1297 2544 ubi
1317 2516 1354 2544 cf.
1377 2523 1448 2551 pag.
1468 2518 1528 2546 311
1551 2518 1657 2552 sqq.]:
1679 2524 1737 2545 nos

293 2558 405 2594 integri
424 2557 454 2584 et
472 2556 627 2588 indomiti,
647 2557 678 2582 et
695 2555 727 2581 in
746 2555 916 2582 libertatem
935 2559 996 2580 non
1016 2554 1048 2580 in
1066 2555 1273 2587 praesentiam
1292 2554 1397 2586 laturi,
1419 2554 1520 2587 primo
1539 2555 1640 2586 statim
1659 2561 1737 2584 con-

294 2602 404 2632 ‚qressu
423 2600 484 2621 non
505 2594 696 2620 ostendemus
783 2590 976 2625 seposuerit?
1011 2591 1044 2619 C.
1067 2592 1100 2619 L.
1122 2592 1258 2620 Rothius
1279 2590 1331 2625 (in
1347 2592 1394 2619 ed.
1411 2593 1485 2620 Tac.
1500 2593 1578 2626 Agr.
1598 2593 1736 2621 Norimb.

296 2634 387 2662 1833.
408 2631 446 2659 cf.
466 2630 509 2658 ini
530 2637 600 2664 pag.
623 2630 683 2658 120
703 2628 787 2663 sq.):
816 2630 881 2656 Nos
899 2629 1011 2662 inteqrz'
1037 2630 1066 2656 et
1086 2630 1223 2657 indomiti
1246 2629 1278 2656 et
1295 2629 1465 2657 libertatem
1489 2636 1551 2658 non
1575 2631 1608 2658 in
1626 2630 1736 2665 poem·-

293 2672 418 2700 tentiam
438 2669 533 2697 lature·
551 2669 653 2700 primo
672 2668 774 2694 statim
793 2672 945 2694 concursu
965 2667 1160 2695 ostendamus
1242 2667 1434 2701 seposuerit!

368 2706 438 2740 ³2³³)
459 2705 595 2733 NVolfius
616 2705 801 2732 socordiam.

372 2743 463 2778 :::::<÷::-]
484 2743 574 2771 cuius
590 2743 672 2770 duae
692 2742 820 2770 exstant
835 2739 935 2769 Taciti
951 2739 1117 2779 editiones,
1139 2740 1239 2770 Basil.
1255 2741 1345 2770 1533.
1362 2742 1395 2770 et
1416 2741 1508 2772 1544.
1526 2740 1581 2771 fol.
1615 2740 1733 2779 verba,

295 2781 510 2858 quae†3ei1*1de
523 2780 621 2854 ἕξεις
639 2781 794 2847 ΙὲΙὸιῑεῑιιε,
816 2780 963 2815 leguntur
983 2779 1032 2808 ed.
1054 2786 1100 2814 pr.
1122 2786 1195 2815 pag.
1214 2778 1287 2809 472.
1324 2781 1435 2810 FAnsn
