1778 3096
152 1207 216 1237 453

242 148 325 192 430
810 149 938 190 VAR.
971 149 1124 192 LECT.

244 267 390 315 petant,
423 261 453 298 si
482 258 627 312 quando
656 272 704 298 ex
733 260 889 299 macello
919 274 990 299 non
1015 260 1106 299 licet
1120 259 1191 315 ’ἢκ
1225 262 1281 301 sic
1304 269 1342 300 et
1371 275 1456 310 nos,
1481 274 1563 300 cnm
1593 260 1694 300 aliud

246 318 370 363 deest,
406 330 426 354 a
455 316 589 353 Plauto
619 317 797 366 petimus,
827 330 898 368 quo
928 316 995 354 has
1024 317 1153 368 epulas
1178 318 1417 357 instruamus.
1473 317 1550 356 Hic
1580 317 1697 368 igitur

246 374 383 411 missus
415 384 436 409 e
465 371 697 409 Mercatoris
735 372 892 422 prologo
929 373 1184 423 apparabitur.
1245 373 1288 411 ln
1326 387 1398 424 quo
1435 373 1505 411 hoc
1535 373 1694 424 primum

245 429 348 467 ferre
378 440 450 464 non
483 439 656 477 possum,
688 426 784 477 quod
814 427 847 464 is
878 428 958 479 ipse
988 427 1230 474 adolescens,
1264 429 1368 466 cuius
1394 430 1536 481 primae
1567 433 1693 480 partes

244 485 281 522 in
305 495 348 520 ea
372 482 493 519 fabula
519 489 619 528 sunt,
648 482 805 520 fabulam
834 495 920 520 esse
943 496 1024 521 eam
1048 483 1245 521 confitetur
1257 481 1348 536 ²³³³),
1379 492 1417 522 et
1440 491 1514 522 tum
1538 483 1692 530 Graeci,

242 545 316 576 tum
346 536 473 575 Latini
496 540 628 587 poe'tae
656 550 790 575 nomen
813 538 1022 589 eloquitur3
1053 545 1090 577 et
1114 539 1357 578 attentionem
1373 537 1474 592 ἢῆ)
1500 553 1522 578 a
1546 545 1695 589 specta-

243 593 389 631 toribus
427 593 613 643 postulat:
656 593 753 644 quod
791 594 862 631 etsi
898 595 981 631 aliis
1022 606 1168 645 quoque
1205 594 1297 632 locis
1335 595 1470 633 factum
1507 608 1527 633 a
1559 594 1694 632 Plauto

243 655 317 695 est,
351 661 398 686 ex
425 655 506 686 arte
537 655 657 686 tamen
689 663 760 686 non
790 661 874 686 esse
897 656 1064 686 constat:
1098 662 1217 700 neque
1247 650 1414 701 cuiquam
1440 663 1598 701 unquam
1629 662 1695 687 ex-

243 704 429 743 cusationi
458 704 551 750 fuit,
595 702 691 755 quod
731 704 823 741 alias
859 705 970 741 etiam
1010 717 1123 755 saepe
1164 713 1374 755 peccasset.
1434 703 1578 743 Eodem
1611 705 1693 742 iure

242 762 281 798 in
320 759 536 797 Cistellaria
556 758 607 812 ἦ)
654 766 729 796 tum
777 758 923 797 demum
965 757 1214 813 προῦλόγισε,
1268 774 1348 798 cum
1393 761 1463 798 iam
1505 761 1607 798 inter
1643 771 1686 797 se

243 816 355 853 multa
386 815 533 853 locutae
568 815 743 852 mulieres
773 822 915 852 essent.
975 815 1122 861 Miror,
1155 823 1393 867 posteaquam
1424 816 1540 854 semel
1570 815 1694 853 omnia

242 870 383 908 audere
418 877 617 922 coeperat,
662 883 733 907 uon
767 877 1009 922 exspectasse
1040 870 1259 922 aliquando,
1304 871 1387 909 dum
1427 871 1557 909 aulaea
1587 870 1694 908 tolle-

243 933 397 964 rentur:
437 933 476 963 ut
505 927 676 976 epilogus
707 933 833 972 esset,
876 939 949 963 non
980 927 1170 977 prologus.
1233 926 1274 964 Si
1311 928 1393 978 quis
1434 939 1586 972 eorum,
1629 924 1692 976 qui

242 981 356 1020 hodie
395 981 609 1019 comoedias
648 981 838 1026 scribunt,
881 982 969 1019 talia
1009 983 1153 1020 faceret
1193 982 1260 1035 (de
1289 983 1336 1020 iis
1366 983 1521 1033 loquor,
1564 980 1626 1032 qui
1654 980 1693 1018 in

242 1050 289 1075 eo
319 1037 497 1088 po‘c'matis
530 1049 672 1087 genere
702 1050 783 1074 cum
806 1035 913 1075 laude
945 1037 1184 1088 versantur),
1219 1038 1338 1075 sibilis
1364 1037 1541 1075 subsellia
1569 1036 1694 1073 omnia

242 1093 581 1131 circumsonarent.
643 1091 718 1130 Sed
751 1091 927 1138 Plautus,
976 1092 1061 1130 dum
1098 1092 1241 1131 diceret
1267 1092 1406 1144 aliquid
1443 1091 1540 1143 quod
1577 1092 1692 1129 risum

242 1155 425 1192 moveret,
459 1147 546 1198 quid
577 1160 625 1185 ex
654 1155 748 1193 arte,
784 1147 870 1198 quid
901 1149 1022 1186 minus
1047 1155 1164 1194 esset,
1198 1162 1270 1186 non
1300 1149 1451 1186 nimium
1483 1146 1690 1185 laborabat.

242 1203 366 1242 Multo
407 1203 564 1241 nitidior
603 1204 828 1248 Terentius,
884 1204 995 1241 multo
1036 1205 1262 1242 accuratior.
1332 1203 1470 1255 Neque
1506 1202 1693 1241 immerito

241 1259 391 1297 fabulae
429 1260 546 1310 ipsius
577 1272 599 1296 a
628 1258 760 1295 Laelio
792 1271 836 1296 ae
869 1258 1048 1309 Scipione
1085 1259 1200 1297 scribi
1237 1259 1476 1311 putabantur.
1536 1257 1691 1297 Tertius

240 1328 374 1354 versus
401 1315 436 1352 in
470 1327 543 1352 uno
575 1326 622 1352 ex
649 1315 741 1351 meis
773 1313 823 1350 ita
852 1313 1012 1364 legitur:

407 1383 493 1420 Nou
525 1393 594 1430 ego
624 1382 708 1418 item
728 1379 867 1431 facio,
898 1386 940 1417 ut
970 1380 1068 1417 alios·
1095 1381 1133 1418 in
1164 1379 1364 1418 comoediis

411 1437 503 1474 ls'c‘dz'
515 1436 657 1487 faeere
685 1443 898 1473 amatores.-

241 1514 364 1553 neque
394 1507 516 1539 tamen
545 1513 643 1550 nego
673 1501 768 1537 idem
785 1498 892 1552 ††),
922 1507 961 1538 ut
988 1500 1026 1538 in
1056 1499 1156 1546 aliis,
1185 1499 1260 1550 legi
1290 1512 1418 1552 posse.
1480 1497 1693 1553 Sed‘certo

241 1558 340 1596 hune
369 1557 420 1595 ita
451 1555 647 1607 legendum
678 1555 863 1592 arbitror:

413 1623 562 1661 Graece
591 1622 685 1660 haee
715 1622 940 1660 Philemonis·
969 1626 1128 1659 vocatur·
1155 1621 1357 1671 Emporos,

241 1715 289 1741 ue
310 1701 371 1739 hic
394 1713 488 1738 unus
515 1712 648 1737 versus
671 1700 771 1736 inter
792 1706 844 1736 tot
870 1705 995 1736 rectos
1022 1697 1206 1736 claudicet
1219 1697 1349 1751 †††).
1391 1697 1433 1735 In
1457 1696 1548 1734 meis
1569 1701 1692 1733 autem

243 1764 419 1808 corrupte
447 1756 583 1807 legitur
611 1757 731 1797 male'z',
760 1768 826 1804 pro
849 1768 918 1805 quo
944 1754 1141 1804 legendum
1163 1757 1218 1793 M.
1243 1755 1360 1798 Attii,
1386 1760 1424 1790 et
1452 1765 1582 1789 nomen
1606 1750 1693 1788 illud

242 1827 312 1865 per
341 1820 369 1859 t,
401 1826 473 1850 non
506 1824 573 1862 per
603 1824 624 1848 e
651 1811 807 1848 litteram
840 1810 955 1847 scribi
983 1817 1144 1860 oportet.
1194 1809 1270 1847 Iam
1299 1807 1369 1846 duo
1399 1808 1453 1846 illi
1480 1819 1612 1846 versus
1625 1804 1690 1859 ἦε),

408 1879 459 1916 Et
488 1878 559 1915 hoc
583 1890 722 1928 parum
752 1889 832 1913 esse
863 1889 966 1914 more
995 1877 1179 1914 malornm
1209 1877 1344 1921 institi,

407 1935 482 1971 Per
511 1946 569 1970 me
590 1938 864 1982 percontatus,
890 1944 1044 1982 sumque
1073 1933 1190 1970 index
1221 1933 1346 1969 illico.-

243 2000 318 2046 ita,
349 2005 389 2036 ut
419 2012 484 2036 eos
516 1999 671 2049 scripsi,
703 1998 739 2035 in
771 1998 863 2035 meis
895 1997 999 2034 libris
1029 1997 1218 2047 leguntur.
1279 1995 1357 2034 Sed
1386 2001 1449 2033 aut
1473 1993 1694 2032 mirabiliter

243 2055 409 2105 corrupti
439 2060 547 2099 sunt,
591 2060 676 2099 aut,
718 2052 814 2104 quod
845 2052 935 2090 mihi
964 2053 1206 2091 verisimilius
1231 2051 1403 2097 videtur,
1445 2047 1592 2087 aliunde
1621 2048 1693 2086 huc

243 2111 398 2149 invecti.
446 2109 558 2146 Nulla
589 2116 693 2146 certe
717 2109 922 2154 sententia,
945 2121 1039 2159 quae
1071 2107 1216 2158 quidem
1249 2107 1333 2144 huic
1363 2107 1445 2143 loco
1476 2105 1690 2150 conveniat,

243 2179 291 2204 ex
330 2165 386 2203 eis
424 2163 576 2202 extundi
605 2171 744 2216 potest.
804 2164 857 2201 At
887 2170 1017 2201 noster
1032 2162 1136 2217 **),
1176 2158 1481 2213 Alciatum***)
1521 2166 1690 2206 secutus,

240 2222 294 2260 ita
322 2221 436 2272 legit:

409 2287 540 2337 Neque
571 2284 664 2323 haec
688 2297 868 2335 pernosse
897 2297 1001 2322 more
1029 2285 1212 2322 maiorum
1243 2283 1388 2321 z‘nstz‘ti:

411 2345 486 2382 Per·
513 2354 571 2379 me
595 2346 844 2393 percontatus
870 2352 976 2385 sum,
1004 2341 1157 2390 sineque
1185 2339 1307 2377 indice
1335 2339 1479 2389 aliquo,

319 2451 363 2487 te)
385 2450 432 2481 cf.
452 2451 555 2480 Varro
576 2450 615 2478 de
635 2450 683 2478 Re
703 2449 794 2478 Rust.
814 2448 867 2477 lib.
888 2449 927 2477 11.
948 2453 1017 2483 cap.
1039 2447 1068 2476 4.
1092 2447 1124 2483 S.
1146 2447 1176 2476 3.

319 2498 387 2534 *³²0
408 2499 538 2532 Prolog.
560 2506 591 2527 v.
610 2498 736 2527 9-15.

319 2547 414 2583 ἤιξε-κε)
436 2547 508 2576 vid.
526 2547 652 2576 Ruhnk.
673 2546 715 2575 ad
736 2545 814 2581 Opp.
836 2545 923 2574 Tom.
942 2545 966 2575 1.
988 2551 1060 2580 pag.
1080 2542 1153 2573 32⁰.
1174 2542 1265 2580 (vol.
1286 2543 1309 2572 1.
1330 2547 1402 2578 pag.
1423 2540 1495 2571 401.
1515 2540 1601 2577 Fr).

320 2593 368 2632 †)
389 2596 412 2624 1.
431 2595 461 2624 3.

321 2642 395 2682 -Ηῠ
415 2644 486 2672 item
505 2643 569 2672 iam
588 2641 770 2671 Lambinus
809 2643 922 2671 Ffflst.

321 2691 422 2730 †††]
443 2692 596 2727 Equidem
616 2699 678 2719 non
699 2691 812 2725 video,
840 2690 893 2726 qui
913 2687 1193 2732 magis-claudicet
1215 2687 1348 2721 vulgata
1367 2685 1546 2720 scriptura:
1570 2683 1692 2713 Graece

245 2730 320 2760 haec
339 2731 469 2758 vocetur
487 2731 644 2764 Emporos
662 2729 859 2757 Philemonis.
898 2730 948 2757 lta
966 2727 1084 2756 iudicat
1104 2730 1200 2755 etlam
1220 2726 1456 2754 Taubmannus.
1493 2725 1607 2752 Fmsl.

321 2780 343 2804 ξς-
410 2799 417 2807 .
440 2780 453 2806 1
497 2785 513 2806 S
537 2800 545 2807 .

321 2778 594 2861 *ssfnassbssua
632 2826 679 2855 At
699 2824 727 2854 is
747 2825 863 2856 nabet:
889 2831 948 2860 ner
966 2830 1014 2852 me
1034 2830 1072 2852 eu
1089 2822 1299 2857 percontatus.
1336 2823 1449 2852 rusi.

322 2875 415 2910 *1224-2)
435 2876 565 2910 Parerg.
586 2875 640 2903 IV.
661 2875 711 2903 21.
