1726 3106
156 117 212 162 54
718 118 850 160 VAR.
883 119 1039 161 LECT.

355 227 534 301 Μνήμην
563 226 601 269 δ’
636 226 768 270 οὔτινά
795 246 896 283 φημι
923 229 1123 286 Σιμωνίδῃ
1153 229 1389 286 ἰσοφαρίζειν

430 283 772 340 Ὀγδοηκονταετεῖ
794 286 906 326 παιδὶ
933 285 1199 339 Λεωπρεπέος.

164 360 219 401 At
251 361 473 414 Apollonius
512 364 690 415 Tyaneus
706 361 786 415 ἢ),
833 377 915 402 cum
962 370 1110 402 centum
1148 364 1308 404 haberet
1340 377 1484 413 annos,
1533 371 1609 404 tum

167 431 312 470 quoque
341 419 521 457 memoria
550 418 778 458 excelluisse
812 419 947 459 fertur.

686 549 971 590 CAPUT
1027 549 1090 588 11.

169 625 329 666 Sublata
365 628 524 676 menda,
568 641 665 680 quae
703 629 925 667 inhaeserat
952 629 992 666 in
1020 627 1226 679 Eecrz'pzdeo
1250 640 1362 666 versu
1392 628 1495 679 apud
1518 629 1612 668 Por-

271 683 467 734 phyrium.
525 686 619 724 Item
653 684 698 722 de
712 682 871 734 formae
908 685 974 734 dz'g
951 685 1094 721 ‹ructate
1132 685 1314 735 quaedam
1341 696 1418 722 non
1446 685 1503 722 in-

735 740 853 790 digna
881 740 1052 789 cogmlu.

171 814 280 874 CLM
307 835 508 889 Porphyrii
541 838 688 876 libellus
714 837 760 876 (16
789 839 951 890 quinque
982 837 1163 883 vocibus,
1195 850 1266 888 quo
1291 837 1350 875 via
1380 837 1514 875 muniri
1546 851 1611 889 pu-

169 899 268 930 tatur
306 892 352 930 ad
391 900 506 931 totum
541 893 628 931 illud
668 907 803 944 corpus
835 894 1011 930 librorum
1042 894 1285 938 Aristotelis,
1322 890 1460 943 quod'
1449 889 1615 946 ὄργανον

168 954 325 994 vocant,
371 955 515 986 teratur
545 947 709 1000 quotidie
735 949 896 986 omnium
927 948 1118 993 manibus,
1160 949 1290 985 mirum
1324 955 1406 993 est,
1448 955 1520 986 tam
1552 948 1616 986 diu

170 1003 210 1039 in
248 1015 293 1040 6ο
326 1002 516 1041 insedisse
552 1003 722 1042 mendum
760 1003 967 1055 quoddam,
1009 1003 1106 1054 quod
1149 1015 1246 1040 nunc
1275 1001 1463 1041 indicabo.
1528 1003 1615 1042 Etsi

170 1058 269 1095 enim
309 1072 382 1096 non
424 1066 483 1097 est
518 1059 723 1105 eiusmodi,
773 1067 811 1097 ut
848 1061 1018 1110 cuiquam
1059 1071 1228 1096 errorem
1266 1059 1387 1108 possit
1422 1059 1614 1106 obiicere3

170 1120 294 1150 tamen
324 1115 363 1151 in
387 1113 496 1151 honis
527 1115 650 1160 libris,
680 1121 720 1152 ut
747 1127 795 1152 ne
825 1127 895 1165 qua
925 1115 984 1152 vel
1016 1115 1163 1152 minima
1194 1113 1336 1151 macula
1366 1114 1469 1160 insit,
1500 1127 1617 1165 opera.

171 1167 292 1206 danda
325 1176 398 1207 est.
458 1169 717 1222 Porphyrius,
748 1177 789 1207 ut
817 1170 976 1220 probet,
1020 1165 1122 1215 εἶδος
1152 1170 1286 1206 usitate
1321 1167 1395 1206 dici
1420 1169 1465 1207 dc
1496 1170 1617 1208 forma

112 1222 115 1227 ”
169 1225 340 1275 eorporis
372 1237 441 1271 ea,
483 1239 576 1276 quae
608 1226 674 1263 sub
705 1232 893 1276 aspectum
926 1223 1054 1272 cadit,
1093 1237 1141 1262 cx
1176 1237 1247 1274 qua
1274 1224 1428 1262 formosi
1458 1231 1522 1263 aut
1551 1224 1617 1264 de-

169 1279 310 1318 formes
339 1281 600 1327 nominantur,
634 1281 724 1319 citat
752 1280 850 1319 hunc
881 1280 1078 1332 Euripidis
1106 1292 1255 1318 versum
1269 1276 1371 1333 *ἧς

448 1360 615 1411 Πρῶτον
644 1357 711 1410 μὲν
738 1353 840 1406 εἶδος
868 1354 975 1406 ἄξιον
1002 1356 1240 1409 τυραννίδος.

169 1433 228 1472 Ita
264 1435 362 1473 enim
396 1435 508 1486 vulgo
543 1436 702 1486 legitur:
741 1448 824 1474 cum
859 1442 981 1474 tamen
1011 1448 1084 1473 nou
1114 1431 1243 1482 ἄξιον,
1283 1430 1350 1471 sed
1379 1428 1513 1482 ἀξίους
1539 1434 1617 1485 legi

112 1529 114 1531 ,
170 1488 318 1529 debeat.
380 1491 421 1529 Si
450 1489 596 1542 quidem
628 1499 735 1529 erant
766 1492 857 1529 haec
887 1491 1001 1529 verba
1031 1489 1128 1540 apud
1160 1488 1381 1540 Euripidem
1411 1490 1615 1542 cuiuspiam

171 1547 333 1596 optantis
362 1545 492 1584 videre
522 1559 542 1584 6
576 1547 685 1592 filiis,
728 1553 766 1584 ut
795 1548 950 1597 opinor,
992 1547 1070 1583 suis
1100 1544 1265 1582 maribus
1291 1552 1510 1594 procreatos
1539 1559 1617 1584 ma-

170 1613 257 1647 res,
290 1601 351 1652 qui
381 1602 537 1652 primum
570 1601 717 1652 quidem
749 1615 794 1640 ea
823 1602 944 1639 forma
973 1606 1126 1645 essent,
1169 1600 1206 1637 in
1237 1611 1307 1650 qua
1336 1600 1478 1637 inesset
1507 1614 1619 1651 rega-

169 1654 216 1693 lis
243 1655 423 1706 quaedam
453 1656 645 1707 dignitas,
678 1656 815 1695 deiude
843 1657 927 1693 aliis
958 1656 1070 1694 etiam
1098 1655 1206 1692 bonis
1235 1654 1482 1692 excellerent.
1531 1656 1617 1694 Hoc

171 1724 405 1762 cognoscere
443 1719 502 1750 est
518 1709 618 1762 aaa)
664 1711 710 1750 de
741 1711 931 1759 fflobaco,
970 1710 1069 1763 apud
1106 1723 1215 1762 quem
1253 1708 1295 1750 ἐν
1327 1712 1380 1766 τῷ
1405 1707 1501 1764 ὑπὲρ
1528 1708 1617 1752 κάλ-

169 1768 262 1815 λους
293 1763 394 1823 λόγῳ
420 1766 513 1805 haec
545 1768 684 1819 scripta
714 1766 889 1821 sunt†)·

102 1842 144 1875 59
380 1839 525 1895 ’Ίδοιμι
553 1840 592 1884 δ’
624 1841 753 1884 αὐτῶν
779 1839 905 1897 ε’κγον’
941 1839 1013 1896 αρο
1003 1839 1070 1883 εν’
1100 1839 1285 1895 ἆῤῥένων,

395 1901 563 1952 Πρῶτον
591 1898 659 1952 μὲν
686 1897 788 1947 εἶδος
816 1898 949 1947 ἀξίους
976 1899 1213 1965 τυραννίδος.

396 1955 566 2021 Πλείστη
598 1953 670 2009 γὰρ
698 1951 810 2007 ἀρετὴ
838 1951 958 1995 τοῦθ’
981 1951 1182 2024 minoioxov„
1189 1953 1229 1993 ἐν
1257 1952 1343 2010 βίω,

398 2006 480 2061 Τὴν
507 2007 662 2058 ἀξίωσιν
691 2014 768 2050 τῶν
796 2013 924 2050 καλῶν
952 2005 994 2049 τὸ
1026 2007 1124 2060 σῶμ’
1160 2008 1266 2060 ἔχειν.

172 2084 225 2123 Ut
258 2092 380 2124 autem
408 2085 612 2138 Euiipides
650 2086 831 2139 quand-um
871 2088 1027 2125 formam
1059 2099 1144 2124 esse
1175 2087 1313 2132 voluit,
1348 2098 1443 2136 quae
1472 2086 1618 2136 regium

174 2140 344 2190 quiddam
387 2141 564 2184 haberet:
604 2143 655 2181 ita
689 2143 872 2190 Plautus,
915 2143 977 2194 qui
1018 2154 1100 2180 eam
1142 2142 1254 2180 etiam
1287 2142 1443 2179 formam
1474 2143 1618 2193 regiam

175 2195 268 2235 dixit
286 2195 370 2250 †·1-)
387 2213 398 2236 ι

282 2276 363 2315 Sed
390 2274 460 2313 ubi
482 2275 764 2325 Artotrogust?
790 2276 861 2314 Hie
891 2280 962 2314 est.
1023 2275 1116 2313 Stat
1134 2280 1296 2325 propter
1322 2274 1444 2312 virum

280 2333 435 2370 Fortem
465 2330 865 2383 atquef01‘tunatu712‚
896 2338 937 2370 et
951 2329 1086 2383 forma
1116 2331 1245 2380 regia.

247 2462 290 2500 7Ἲῑ)
310 2464 417 2494 Verba
435 2466 478 2492 At
496 2463 680 2498 Apollonius
700 2476 738 2483 -
764 2460 869 2497 fertur
895 2462 1009 2490 absunt
1035 2461 1076 2490 ab
1096 2460 1144 2490 ed.
1165 2459 1281 2495 prima
1321 2459 1371 2488 De
1390 2465 1426 2488 re
1445 2458 1519 2487 vide
1540 2459 1619 2489 Phi-

171 2501 611 2600 {pgltlgassumpsstfflApollonii
631 2501 686 2530 lib.
706 2502 730 2529 Ι.
751 2507 820 2535 cap.
842 2499 891 2529 11.
911 2507 985 2535 pag.
1009 2500 1058 2529 16.
1078 2500 1127 2532 ed
1148 2498 1286 2536 Olearii,
1317 2500 1349 2526 et
1368 2497 1462 2526 huius
1482 2502 1620 2527 annota-

272 2587 313 2623 -:.¹:)
334 2595 404 2623 cap.
425 2589 454 2617 2.
474 2587 541 2616 init.
582 2587 636 2616 Sic
662 2586 829 2615 exhibetur
848 2584 899 2613 hie
919 2592 1033 2613 versus
1054 2583 1150 2613 etiam
1171 2590 1220 2618 ap
1241 2583 1443 2612 Athenaeum
1463 2584 1618 2612 lih.X111.

171 2632 243 2661 pag.
249 2597 335 2656 566.
356 2628 392 2655 Β.
433 2625 480 2655 cf
500 2627 579 2654 Mur.
602 2626 776 2654 comment.
804 2624 836 2651 in
857 2624 930 2651 'lae
952 2623 1069 2651 Annal.
1101 2622 1179 2657 Opp.
1202 2623 1290 2650 Tom.
1311 2622 1365 2651 IV.
1392 2629 1465 2657 pag.
1487 2622 1556 2651 13⁰.
1576 2622 1618 2650 ad

172 2664 291 2735 verba-¹
312 2664 418 2698 forma
437 2664 579 2698 principe
597 2664 666 2690 viro
687 2664 790 2698 diyna.
828 2663 941 2689 FAEsr.

255 2711 339 2747 )
360 2711 446 2741 Infra
465 2713 532 2741 V11.
555 2711 603 2740 10.
623 2712 728 2740 videre
747 2710 803 2738 est.
844 2709 908 2737 Sed
929 2708 992 2737 viu.
1012 2708 1141 2737 Ruhnk.
1162 2707 1203 2736 ati
1225 2707 1312 2735 Tom.
1332 2707 1356 2736 Ι.
1378 2713 1450 2742 pag.
1470 2707 1522 2736 62.

247 2764 294 2805 †]
316 2767 416 2794 serm.
436 2766 546 2794 thll.
567 2771 640 2800 pag.
659 2764 732 2793 406.
771 2763 823 2792 Ad
843 2762 1004 2797 Euripidis
1033 2762 1174 2793 fabulam
1193 2757 1328 2796 Αἴολος
1353 2761 1538 2799 inscriptam
1557 2761 1617 2791 hoc

169 2803 380 2840 fragmentum
399 2806 474 2838 post
494 2803 635 2832 Grotium
655 2801 767 2832 retulit
785 2801 938 2832 Matthias
958 2808 990 2831 n.
1009 2801 1064 2832 111.

244 2851 318 2891 ††)
338 2851 405 2882 Mu.
425 2852 509 2887 glor.
529 2852 553 2881 1.
573 2850 603 2881 9.
