1778 3096
133 1699 196 1731 518

234 152 318 196 490
527 151 833 195 OBSERVAT.
867 153 1011 193 IURIS
1043 154 1145 196 LIB.
1178 155 1388 197 SINGUL.

235 262 463 316 sequebatur
498 262 634 311 heres,
675 277 748 302 non
788 264 1131 304 communicabatur
1169 279 1252 305 cum
1291 268 1496 319 legatario:
1546 269 1596 308 ita
1632 282 1681 309 ne

234 333 329 358 onus
367 319 514 371 quidem
555 332 639 358 esse
669 332 864 358 commune
903 320 1078 359 debebat.
1137 320 1231 360 Cum
1273 323 1474 362 secundum
1510 332 1678 364 naturam

234 376 309 422 sit,
349 383 390 413 ut
425 376 457 412 is
490 388 583 413 onus
620 375 781 421 sentiat,
824 377 886 427 qui
923 377 1037 414 sentit
1067 384 1105 415 et
1145 377 1390 418 commodum.
1449 379 1501 417 Et
1539 381 1589 418 ita
1618 393 1679 418 rc-

233 432 384 481 scripsit
413 429 464 467 D.
492 429 708 477 Adrianus,
739 431 766 468 l.
798 433 941 482 siquis
968 445 1129 470 Servum.
1173 432 1210 486 ξ.
1241 435 1309 473 ult.
1340 436 1396 472 De
1425 436 1544 485 legat,
1570 433 1674 488 2³³²).

231 485 347 524 Aliud
388 484 585 523 dicendum
625 493 709 532 est,
754 486 785 523 si
821 488 880 524 cui
921 487 1043 537 legata
1082 489 1128 524 sit
1165 502 1250 538 pars
1289 488 1483 528 bonorum.
1542 490 1602 528 Ex
1630 503 1677 528 eo

233 541 330 579 enim
366 540 514 592 legato,
557 547 598 578 ut
633 540 732 578 aliud
773 553 839 579 aes
878 542 1038 580 alienum
1078 541 1297 589 deducitur,
1341 546 1366 582 l.
1398 546 1673 596 substgnamm.

231 595 270 649 ξ.
304 596 415 634 bona.
455 597 500 634 de
528 596 632 634 verb.
664 597 869 646 szgufficat.
894 595 993 650 3'⁴*‘2³‘).·
1037 598 1088 635 ita
1116 605 1154 636 ct
1182 599 1303 650 pretia
1331 611 1483 647 eorum,
1518 602 1579 652 qui
1611 613 1678 638 ne-

230 651 399 689 cessario
441 652 552 703 empti
590 665 634 689 ac
670 653 887 690 manumissi
923 659 1009 691 sunt
1046 653 1093 692 ab
1130 653 1301 702 herede,
1345 655 1373 693 l.
1414 669 1497 695 cum
1534 663 1673 695 autem.

228 707 280 746 D.
313 707 359 745 dc
386 707 505 758 legat.
536 703 701 760 2***)0

717 815 1007 857 CAPUT
1061 817 1189 859 XIV.

484 883 552 922 Ad
578 884 605 923 l.
631 884 796 935 primam
823 885 870 923 de
902 886 1028 937 operis
1052 885 1144 923 novi
1166 885 1418 925 nuntiatione.

225 948 547 1012 REMISSIONEM
573 985 595 1010 a
623 979 798 1024 praetore
837 973 919 1011 sine
958 973 1030 1011 ulla
1065 985 1222 1011 caussae
1257 973 1472 1024 cognitione
1501 971 1677 1023 impetrat

226 1027 278 1073 is,
309 1028 371 1065 cui
401 1041 534 1066 novum
564 1041 655 1079 opus
684 1029 889 1067 nuntiatum
917 1036 990 1075 est,
1016 1029 1096 1066 sive
1125 1029 1222 1074 iure,
1256 1029 1334 1066 sive
1364 1028 1501 1066 iniuria
1530 1028 1675 1065 nuntia-

226 1088 304 1120 tum
335 1084 406 1130 sit,
439 1082 549 1135 idque
579 1085 844 1135 aequissimum
874 1091 945 1123 est.
1005 1083 1102 1122 Nam
1134 1097 1254 1134 neque
1285 1084 1511 1129 nuntiatori,
1552 1095 1674 1134 neque

226 1138 288 1184 ei,
328 1139 390 1190 qui
417 1152 551 1177 novum
588 1153 681 1190 opus
712 1140 826 1186 facit,
869 1140 942 1178 ulla
972 1140 1009 1178 in
1041 1153 1087 1178 eo
1127 1139 1168 1176 fit
1196 1140 1347 1177 iniuria.
1406 1139 1507 1177 Huic
1536 1138 1676 1176 iniuria

225 1193 361 1241 fieret,
403 1195 502 1232 siin
537 1195 652 1233 vicini
683 1202 869 1245 potestate
899 1203 1027 1242 esset,
1068 1207 1135 1246 pro
1174 1207 1241 1232 sua
1277 1193 1432 1232 libidine
1471 1207 1580 1240 eum,
1625 1206 1674 1232 ne

224 1261 319 1300 opus
347 1250 514 1296 faceret,
549 1249 756 1301 impedire3
799 1252 1002 1289 nuntiatori
1029 1257 1177 1296 autem,
1219 1251 1252 1287 si
1282 1249 1370 1301 quid
1400 1250 1482 1288 eius
1511 1249 1583 1287 iuri
1614 1262 1676 1287 re-

223 1304 357 1342 missio
389 1304 682 1356 praeiudicaret.
739 1305 852 1344 Nunc
883 1307 975 1343 nihil
1007 1305 1051 1344 de
1081 1319 1126 1343 eo
1157 1303 1456 1357 diminuitur-1⁴).
1509 1304 1675 1342 Obtenta

224 1360 325 1397 enim
356 1361 577 1399 remissione
606 1367 730 1411 potest
763 1369 920 1412 uterque
950 1362 1045 1398 iusta
1088 1374 1155 1398 sua
1184 1359 1281 1410 apud
1311 1368 1523 1410 praetorem
1557 1372 1674 1410 expo-

223 1427 344 1453 nere:
380 1423 418 1454 et
443 1422 547 1453 tenet
575 1417 775 1461 nuntiatio,
800 1423 982 1467 quatenus
1005 1417 1101 1454 iuste
1131 1417 1337 1453 nuntiatum
1361 1422 1433 1453 est.
1479 1415 1673 1453 Remissio

222 1477 346 1508 autem
375 1471 477 1508 utilis
506 1478 565 1509 est
594 1484 676 1517 reo,
700 1472 873 1522 quoniam
903 1478 1059 1509 eatenus
1088 1478 1228 1508 tantum
1259 1477 1415 1520 cogetur
1437 1483 1529 1521 opus
1561 1470 1674 1508 resti-

222 1532 355 1573 tuere,
397 1533 579 1577 quatenus
610 1526 681 1577 ipsi
713 1540 785 1563 non
823 1526 943 1564 licuit.
1003 1525 1057 1563 At
1084 1526 1117 1562 si
1152 1526 1413 1563 remissionem
1445 1533 1576 1576 petere
1605 1538 1673 1563 ne-

221 1581 426 1632 glexisset,
469 1588 508 1619 et
547 1595 613 1619 suo
649 1582 731 1619 iure
769 1582 887 1619 fretus
917 1582 957 1619 in
994 1593 1110 1632 opere
1150 1579 1325 1618 faciundo
1359 1587 1669 1631 perseverasset:

223 1637 335 1675 etiam
376 1637 407 1674 si
440 1638 579 1674 iniusta
616 1637 752 1675 fuisset
779 1637 985 1682 nuntiatio,
1033 1650 1107 1673 non
1147 1637 1250 1686 prius
1289 1635 1484 1673 audiretur
1522 1643 1669 1687 postea,

223 1705 330 1743 quam
361 1693 606 1738 restituisset,
631 1691 804 1742 quicquid
835 1693 960 1743 operis
983 1698 1067 1742 post
1091 1692 1357 1729 nuntiationem
1389 1692 1525 1729 factum
1551 1698 1668 1730 esset.

220 1747 358 1799 Neque
397 1749 497 1786 enim
533 1747 662 1785 debuit
694 1748 773 1798 ipse
812 1746 1078 1798 quodammodo
1110 1747 1180 1784 sibi
1219 1747 1275 1784 ius
1307 1746 1458 1785 dicere:
1506 1746 1572 1784 scd
1607 1754 1672 1785 aut

221 1803 365 1855 pacisci
396 1817 477 1842 cum
509 1802 752 1850 adversario,
785 1811 847 1840 aut
879 1802 1017 1840 offerre
1049 1801 1358 1848 satisdationem,
1390 1809 1454 1840 aut
1485 1804 1669 1853 praetoris

222 1872 331 1910 opem
360 1859 587 1910 implorare,
628 1872 735 1909 quam
773 1859 844 1896 sibi
883 1865 1088 1909 promptam
1125 1870 1169 1895 ac
1207 1864 1370 1909 paratam
1412 1870 1498 1895 esse
1536 1859 1666 1898 sciret.

221 1913 295 1953 Est
325 1921 475 1961 tamen,
515 1927 596 1952 cum
627 1915 776 1966 impune
812 1914 994 1951 nuntiatio
1026 1913 1165 1964 negligi
1202 1919 1347 1964 potest,
1390 1919 1431 1950 ut
1462 1913 1493 1950 si
1525 1914 1670 1952 nuntiet

222 1983 381 2017 servuS,
421 1971 454 2008 si
493 1970 674 2021 pupillus,
714 1971 795 2007 sine
832 1970 965 2007 tutoris
1006 1970 1243 2006 auctoritate.
1304 1967 1358 2006 Et
1396 1976 1480 2006 tunc
1520 1968 1669 2019 quidem

221 2026 362 2064 inutilis
398 2033 437 2063 et
466 2038 746 2076 supervacanea
783 2026 955 2062 remissio
986 2031 1065 2062 est:
1107 2031 1229 2075 potest
1258 2024 1356 2062 enim
1396 2024 1576 2062 nuntiatio
1613 2025 1670 2062 in-

222 2094 335 2132 super
361 2081 513 2127 haberi,
546 2081 657 2118 etiam
686 2094 757 2118 non
788 2082 904 2131 petita
933 2081 1172 2118 remissione.
1232 2078 1293 2117 De
1320 2080 1526 2116 fructuario
1556 2092 1670 2131 quae-

223 2138 335 2174 situm
368 2144 441 2183 est,
474 2135 607 2187 ecquid
637 2136 781 2175 valeret
812 2136 994 2173 nuntiatio
1024 2136 1069 2174 ab
1099 2148 1144 2173 eo
1175 2135 1296 2172 facta:
1331 2142 1370 2172 et
1398 2148 1483 2172 num
1518 2136 1668 2185 impune

221 2193 341 2243 possit
365 2193 400 2230 ei
425 2205 497 2230 non
520 2192 659 2243 pareri.
709 2193 784 2237 Ac,
817 2192 847 2228 si
871 2191 1016 2241 quidem
1043 2190 1300 2242 procuratorio
1331 2191 1481 2227 nomine
1503 2191 1665 2237 nuntiet,

221 2248 309 2299 quin
348 2248 471 2286 valeat
511 2247 717 2293 nuntiatio,
763 2247 901 2284 nemini
940 2260 1098 2298 unquam
1139 2245 1287 2283 dubium
1324 2245 1407 2282 fuit.
1468 2244 1546 2284 Sed
1579 2244 1668 2297 quid

222 2304 255 2340 si
289 2316 355 2341 suo
393 2303 567 2349 nomine,
605 2302 642 2340 id
674 2309 756 2349 est,
802 2309 972 2353 tanquam
1010 2302 1257 2346 fructuarius,
1300 2301 1476 2338 nuntiet?
1531 2300 1583 2338 Et
1612 2300 1668 2338 di-

221 2357 487 2409 stinguendum
515 2365 585 2397 est.
644 2357 723 2396 Aut
752 2358 850 2395 enim
879 2358 958 2394 eius
989 2357 1104 2408 ipsius
1134 2356 1276 2407 praedii
1307 2354 1493 2401 dominus,
1525 2357 1563 2394 in
1593 2369 1666 2407 quo

220 2415 457 2452 ususfructus
488 2414 708 2452 constitutus
738 2420 811 2459 est,
837 2426 968 2450 novum
999 2426 1090 2464 opus
1120 2413 1246 2450 facere
1277 2411 1376 2448 vult:
1409 2418 1447 2448 et
1472 2411 1542 2450 hoc
1574 2424 1666 2450 casu

221 2469 449 2507 fructuarius
483 2471 518 2507 ei
554 2483 686 2507 novum
724 2468 872 2520 quidem
911 2482 1002 2518 opus
1034 2469 1206 2505 nuntiare
1237 2480 1308 2504 non
1344 2473 1492 2516 potest:
1540 2467 1664 2518 itaque

222 2525 256 2562 si
286 2525 533 2570 nuntiaverit,
564 2525 654 2562 nihil
684 2537 842 2562 necesse
872 2523 1023 2561 habebit
1051 2523 1218 2560 dominus
1248 2529 1377 2573 petere
1408 2522 1665 2562 remissionem

222 2580 304 2617 eius
335 2580 604 2626 nuntiationis,
647 2592 741 2632 quae
771 2581 852 2631 ipso
882 2580 964 2616 iure
993 2579 1090 2616 nulla
1121 2585 1201 2616 est:
1246 2590 1317 2627 quo
1348 2589 1459 2614 sensu
1489 2578 1663 2615 remissio

220 2635 363 2672 inutilis
401 2636 482 2673 fore
514 2634 674 2674 dicitur:
723 2634 791 2674 sed
820 2634 931 2674 habet
959 2634 1183 2673 fructuarius
1217 2631 1317 2671 aliud
1349 2631 1552 2671 remedium
1581 2633 1663 2671 iure

296 2737 341 2773 *J
362 2739 398 2766 L.
417 2738 447 2766 8.
467 2739 498 2767 5.
520 2738 552 2774 S.
582 2739 621 2767 Ι).
643 2738 752 2767 XXXI.

296 2785 366 2821 *³13
386 2787 422 2815 L.
441 2786 492 2815 39.
514 2787 547 2822 g.
569 2787 596 2815 1.
623 2787 662 2815 D.
683 2788 719 2816 L.
741 2787 791 2817 16.

296 2833 391 2869 2¹⁵³Y³2÷J
411 2834 447 2863 L.
468 2834 498 2864 9.
527 2836 565 2864 D.
587 2836 697 2864 XXXI.

297 2880 344 2919 ᾧ)
366 2881 437 2912 vm.
458 2889 557 2920 supra
576 2883 617 2912 ad
637 2883 690 2913 lib.
711 2883 792 2913 XIX.
812 2889 880 2919 cap.
900 2884 931 2913 3.
