1778 3096
524 121 625 160 ΠΒ,
654 120 744 160 x11.
804 119 922 159 CAP.
957 120 1067 159 vlit.
1435 119 1517 161 26³2)

80 236 230 286 quincto
244 232 316 286 *),
364 239 402 271 et
431 245 453 270 a
481 230 604 269 Plinio
618 228 719 283 ᾗῇ),
763 238 801 270 et
838 244 860 268 a
890 230 995 270 Mela
1010 226 1136 283 9ιὲΜ),
1176 229 1251 268 nisi
1286 228 1382 279 quod
1419 229 1517 280 apud

80 291 178 328 hunc
209 289 441 327 librariorum
469 287 559 324 vitio
580 289 783 332 Latumna,
815 300 887 323 non
911 289 1073 324 Loruma
1093 286 1242 336 legitur.
1295 283 1517 323 Emendabo

81 353 119 384 et
149 346 259 392 alium
297 357 343 381 ex
383 342 514 381 eodem
545 342 640 379 libro
681 342 825 386 locum,
877 354 982 391 quem
1023 353 1152 378 omnes
1189 353 1305 390 usque
1346 340 1381 377 in
1419 340 1518 378 hunc

80 399 179 438 diem
207 400 347 450 aliquot
379 397 531 435 vocibus
569 409 735 434 mancum
767 409 811 433 ae
842 396 1006 433 mutilum
1044 395 1254 434 ediderunt.
1314 395 1388 432 Ubi
1418 396 1516 433 enini

80 461 208 494 narrat
240 454 408 498 Seneca,
447 450 621 503 quosdam
656 453 786 489 fluvios
823 451 940 501 palam
972 451 1016 494 ἰιι,
1049 464 1199 500 specum
1229 451 1386 501 aliquem
1417 449 1518 488 deci-

81 509 170 548 dere
198 515 235 547 et
264 516 365 546 terra
394 507 613 553 absorberi,
656 505 790 544 deinde
819 507 856 543 iu
887 506 1144 543 remotissimis
1177 507 1268 543 locis
1298 506 1402 543 exire
1430 518 1518 543 cur-

79 576 231 615 sumque
268 576 312 601 ae
346 575 478 601 nomen
519 575 621 600 suum
663 569 856 612 repetere:
900 574 981 598 cuin
1013 559 1049 597 id
1089 560 1134 597 de
1163 560 1266 612 Lyco
1306 573 1414 598 ainne
1454 573 1519 598 ex-

78 620 266 670 posuisset
285 618 411 655 Ovidii
436 618 606 655 versibus
619 616 687 670 †),
719 616 929 665 subiungit:
961 616 1061 654 Idem
1084 623 1123 652 et
1149 617 1186 652 z'te
1218 617 1362 653 oriente
1392 617 1519 664 Tegris

67 673 199 727 facit.-
223 674 449 711 absorbetur·
473 679 511 710 ec
528 674 762 709 desider-atus
784 672 847 708 dz'u
869 671 1016 708 tandem
1044 672 1152 719 longe
1172 677 1315 707 remoto
1339 672 1417 708 loeo
1431 669 1515 722 ἦῆ)

72 735 325 780 purgamenta
365 729 526 772 eiectat,
577 734 620 766 ut
654 727 853 765 Arethusa
900 727 937 764 ia
975 726 1128 771 Sicilia,
1177 726 1327 775 quinem
1371 737 1518 776 quaque

79 790 224 822 aestate
248 796 321 834 per
353 783 537 834 Olympia.

534 925 822 964 CAPUT
877 924 1004 964 vni.

78 1004 134 1042 De
159 1004 396 1054 Arimaspis,
426 1016 496 1041 eur·
523 1004 622 1041 dicti
643 1004 719 1041 sint
746 1015 858 1040 unum
888 1008 1031 1039 tantum
1062 1001 1209 1038 oculum
1238 1000 1400 1038 habere.-
1431 1001 1517 1039 item

187 1059 233 1096 de
255 1061 428 1109 populis,
461 1060 564 1109 apud
590 1071 681 1108 quos
703 1059 822 1108 pueri
846 1057 1004 1106 oblongo
1030 1057 1154 1106 eapite
1182 1062 1406 1094 naseuntur.

75 1141 291 1199 HOMINES
322 1175 407 1200 esse
437 1160 616 1213 quosdam
646 1162 683 1199 in
714 1160 871 1212 Scythia
902 1158 1137 1197 tradiderunt
1165 1171 1213 1197 ex
1239 1159 1399 1210 antiquis
1428 1173 1520 1197 non—

77 1217 186 1263 nulli,
217 1218 278 1268 qui
309 1230 418 1254 unum
450 1224 589 1254 tantum
621 1217 656 1254 in
687 1216 808 1253 media
839 1216 961 1252 fronte
991 1215 1136 1252 oculum
1170 1214 1364 1252 haberent.
1423 1217 1520 1253 Ari-

76 1273 214 1322 maspis
236 1284 370 1310 nomen
393 1279 466 1317 est,
491 1285 582 1322 quos
606 1279 644 1309 et
667 1269 881 1320 Aeschylus
900 1268 1016 1321 ἢῆ)
1048 1281 1094 1306 ex
1116 1281 1161 1305 eo
1189 1272 1370 1320 μονῶπας
1392 1276 1517 1308 vocat.

75 1326 198 1379 Ipsum
236 1340 380 1378 quoque
410 1327 695 1377 Ariniasporum
736 1337 869 1362 nomen
910 1337 958 1361 ex
989 1337 1030 1361 re
1070 1324 1141 1361 illis
1179 1325 1331 1361 inditum
1370 1331 1514 1376 putant.

76 1381 258 1432 Scythica
287 1383 383 1420 enim
417 1383 546 1433 lingua
577 1383 642 1419 ari
676 1394 784 1417 unum
817 1392 924 1417 esse:
964 1392 1115 1429 maspon
1153 1380 1298 1417 oculum
1313 1378 1379 1432 ᾖ).
1439 1379 1519 1419 Sed

76 1437 208 1488 quibus
257 1450 369 1475 curae
408 1437 477 1474 fuit
521 1437 716 1475 veritatem
754 1448 877 1472 rerum
915 1433 1135 1484 diligentius
1179 1435 1380 1485 indagare,
1435 1448 1517 1474 eam

75 1499 224 1542 gentem
247 1505 335 1529 arcu
362 1500 396 1530 et
425 1493 571 1542 saginis
598 1491 821 1529 excelluisse
853 1498 1070 1534 memorant,
1094 1503 1183 1539 quas
1205 1503 1286 1528 eum
1308 1490 1519 1541 dirigerent

76 1547 329 1598 alterumque,
371 1555 407 1584 ut
439 1548 500 1592 fit,
544 1547 686 1584 oculum
724 1544 944 1583 clauderent
979 1544 1196 1596 adsiduique
1235 1546 1272 1583 in
1312 1558 1358 1583 eo
1396 1546 1517 1584 studio

77 1609 229 1648 essent,
262 1602 350 1639 dicti
383 1609 467 1639 sunt
496 1615 568 1639 uno
597 1608 734 1638 tantum
766 1601 872 1637 oculo
900 1600 967 1637 uti.
1027 1599 1218 1638 Fortassis
1247 1601 1381 1647 etiam,
1420 1601 1519 1652 quod

77 1658 112 1695 ei
135 1658 190 1694 rei
216 1670 234 1694 a
260 1658 384 1707 pueris
414 1656 681 1701 admonerent,
702 1656 856 1693 alterius
879 1655 976 1692 oculi
998 1655 1087 1692 orbe
1112 1663 1220 1693 erant
1238 1657 1513 1696 contractiore:

75 1725 258 1762 versaque
297 1713 493 1762 paulatim,
535 1719 573 1749 ut
612 1723 724 1761 saepe
761 1709 921 1756 accidit,
964 1711 1000 1747 iu
1040 1717 1206 1748 naturam
1247 1712 1517 1750 consuetudine

75 1774 218 1818 patrum
249 1767 390 1804 similes
422 1768 486 1804 filii
515 1766 786 1804 nascebantur:
830 1778 996 1816 quaeque
1029 1766 1065 1802 in
1099 1766 1265 1816 patribus
1295 1766 1515 1805 deformitas

76 1834 123 1859 ex
153 1822 341 1860 oculorum
371 1822 635 1872 inaequalitate
663 1820 860 1872 ἐπίκτητος
887 1827 925 1857 et
949 1819 1171 1867 adventicia,
1204 1820 1334 1859 eadem
1363 1823 1401 1859 in
1432 1823 1515 1860 liliis

76 1878 202 1915 innata
232 1884 341 1928 atque
369 1878 478 1914 insita
508 1884 603 1915 erat.
659 1877 715 1914 lta
743 1883 845 1914 certe
869 1874 913 1913 de
944 1875 1160 1927 quibusdam
1192 1877 1229 1914 in
1251 1876 1346 1915 Asia
1372 1878 1515 1928 populis

75 1933 201 1983 gravis
237 1939 369 1970 auctor
398 1932 650 1984 Hippocrates
664 1929 740 1984 *³¹⁴5
779 1938 929 1978 narrat3
969 1944 1052 1969 eum
1089 1930 1185 1984 apud
1221 1944 1285 1970 eos
1322 1933 1514 1985 pulchrum

149 2068 173 2093 ire
213 2073 250 2095 ca
274 2088 282 2096 .
302 2067 332 2096 2.

146 2065 215 2150 (ἐξ)
236 2074 273 2144 tl).
294 2117 332 2144 N.
351 2115 406 2146 lib.
427 2115 464 2145 V.
485 2121 553 2150 cap.
575 2115 624 2144 28.
646 2117 723 2144 secr.
744 2114 793 2143 29.
815 2113 846 2149 S.
869 2113 940 2143 104.

148 2164 241 2200 *tw-22³)
262 2164 316 2193 lib.
337 2167 360 2193 l.
381 2170 449 2197 cap.
474 2164 520 2192 16.
542 2163 574 2198 §-
598 2164 626 2191 2.
647 2164 698 2192 ubi
719 2164 874 2191 Larumna
894 2161 1020 2196 legitur,
1042 2163 1076 2190 ut
1095 2161 1248 2190 Larumna
1267 2163 1385 2192 Mureti
1406 2163 1513 2198 operis

73 2200 220 2230 videatur
245 2202 443 2231 tribuendum
463 2208 546 2229 esse.
585 2202 694 2235 Neque
721 2209 798 2229 vero
828 2200 928 2235 ipsius
949 2199 1064 2228 Mureti
1084 2201 1236 2228 correctio
1258 2202 1394 2230 Lar-uma
1416 2203 1513 2232 uliam

73 2240 168 2267 habet
197 2239 343 2268 veritatis
371 2239 519 2273 speciem.
558 2239 711 2268 Differunt
739 2238 821 2267 enim
848 2239 1006 2266 Larumna
1033 2245 1058 2265 s.
1086 2238 1242 2273 Larymna
1271 2241 1301 2266 et
1321 2241 1458 2268 Loruma
1485 2248 1512 2268 s.

72 2278 223 2343 ἑᾶοῶἵὲια,
252 2277 336 2313 quod
356 2284 398 2306 ex
417 2276 513 2305 Plinii
531 2277 552 2306 1.
574 2284 600 2306 c.
622 2279 764 2313 apparet.
805 2274 853 2306 Cf.
873 2275 1091 2304 'rzsciiuckius
1112 2276 1152 2304 ad
1171 2277 1276 2305 iocum
1296 2277 1402 2306 Melae
1429 2277 1513 2306 indi-

149 2361 195 2400 †)
216 2363 343 2392 Metam.
363 2362 432 2391 xv.
453 2361 523 2390 276.

148 2408 221 2447 ·l·†)
243 2411 305 2439 Sed
326 2417 366 2439 ea
386 2411 467 2446 ipsa,
487 2417 568 2444 quae
588 2417 629 2438 ex
649 2408 729 2438 libro
749 2411 860 2438 vetere
879 2409 1025 2438 addenda
1045 2411 1145 2446 erant,
1165 2408 1218 2438 hie
1238 2409 1356 2438 omissa
1376 2412 1459 2445 sunt,
1481 2412 1517 2440 ut

76 2449 219 2482 queritur
240 2450 320 2476 Mur.
341 2448 446 2476 Schoi.
467 2447 497 2474 in
521 2450 593 2476 sen.
615 2448 693 2482 Opp.
713 2449 800 2476 Tem.
823 2449 876 2476 ΠΙ.
898 2454 968 2482 pag.
992 2446 1051 2475 129
1071 2454 1117 2480 sq.
1158 2447 1212 2476 Sic
1226 2448 1308 2476 enim
1330 2450 1514 2484 tegendum:

74 2486 195 2513 tandem
220 2485 310 2521 lonye
337 2486 455 2514 remoto
483 2485 569 2519 loco,
601 2491 663 2512 non
689 2486 789 2513 tamen
815 2486 924 2513 dubius
950 2491 990 2512 an
1016 2485 1095 2511 idem
1124 2485 1179 2521 sit,
1208 2487 1344 2521 emer-qil.
1387 2487 1516 2520 Quidam

72 2522 176 2557 fontes
196 2523 281 2550 certo
300 2525 438 2557 tempore
455 2525 657 2559 puryamenta
676 2523 804 2551 eiectam
816 2544 824 2559 ,
854 2525 887 2551 uc
904 2522 1058 2550 Arethusa
1078 2526 1140 2551 cet.
1188 2522 1242 2551 Sic
1261 2524 1356 2552 eiiam
1376 2524 1463 2558 Lips.
1484 2526 1516 2552 et

74 2559 281 2594 nunkopfius.
321 2562 432 2589 Fausi.

150 2611 251 2652 †††)
272 2614 430 2643 Prometn.
451 2621 481 2642 v.
502 2613 573 2649 810.
612 2614 663 2642 Ab
683 2613 761 2650 aliis*
778 2614 921 2643 dicuntur
940 2605 1219 2654 μονόφθαλμοι,
1241 2606 1491 2654 μονόμματοι.

148 2661 191 2696 *J
212 2662 361 2690 Herodot.
379 2663 431 2691 1v.
449 2662 498 2690 27.
519 2662 573 2690 ubi
586 2668 616 2690 v.
632 2664 768 2696 Interpn.
797 2663 913 2691 Wom.
928 2679 965 2684 —
1001 2666 1087 2692 Haec
1102 2671 1163 2693 non
1182 2669 1254 2694 sunt
1272 2665 1424 2692 Herodoti
1440 2665 1513 2700 (qui

75 2696 188 2745 ἄριμα
221 2698 313 2743 γὰρ,
355 2707 470 2743 inquit,
508 2699 547 2733 ἓν
578 2701 747 2733 καλέουσι
780 2699 944 2742 Σκύθαι,
983 2703 1081 2734 σποῦ
1113 2701 1154 2735 δὲ
1185 2702 1251 2735 τὸν
1284 2700 1512 2746 ὀφθαλμόν),

73 2745 128 2773 sed
149 2743 309 2773 Eustathii
328 2745 367 2773 ad
390 2746 520 2779 Dionys⁸
541 2744 665 2779 Perieg.
686 2752 717 2773 v.
736 2745 788 2774 31.
808 2753 851 2775 ex
871 2754 931 2781 quo
954 2746 1050 2775 etiam
1070 2753 1152 2782 quae
1171 2747 1316 2783 sequitur
1337 2747 1511 2777 declaratio

73 2788 229 2817 expressa
250 2784 310 2810 est.
347 2783 459 2811 FAESI.

146 2830 215 2865 Μ)
234 2829 416 2866 Apaorism.
436 2837 508 2867 pag.
530 2831 598 2860 289.
621 2831 670 2860 ed.
691 2832 784 2860 Foes.
805 2832 882 2860 Gen.
905 2831 997 2861 165⁷.
