1778 3096
528 147 630 185 Lm.
663 147 810 186 XVIII.
866 144 984 185 CAP.
1017 144 1088 183 lx.
1448 139 1530 182 429

91 259 299 297 bilissimae
326 257 454 296 domus
469 255 517 309 Ἢ)
546 271 785 308 praeconem,
811 258 848 293 in
877 255 1019 293 (luobus
1046 254 1218 306 primis²³
1197 251 1407 290 arandioris
1432 250 1532 288 illius

92 315 272 365 poematis
295 313 447 376 suifffffl
478 315 649 351 xcisibus
671 314 751 363 plus
774 325 879 362 quam
903 311 1006 349 ciedi
1037 317 1158 361 potest
1181 310 1391 352 lahorasse,
1411 318 1530 356 neque

93 370 163 406 sibi
202 370 304 419 pxius
332 369 491 405 animum
524 370 676 419 explere
715 368 901 417 potuisse,
945 379 1049 416 quam
1081 379 1162 402 cum
1198 365 1281 401 illos
1317 363 1353 400 in
1383 374 1531 399 ornnem

91 432 232 474 partem
274 423 335 460 diu
377 424 598 473 multumque
637 428 839 460 veisasset.
912 420 1015 457 Idem
1054 419 1192 458 accidit
1225 427 1263 456 et
1301 417 1530 456 nobilissimo

90 477 336 516 Etruscorum
377 483 592 529 poetarum,
641 477 846 515 Franciseo
884 475 1140 512 Pet1··:1rchae
1190 475 1294 512 cuius
1341 485 1388 510 ex
1427 479 1532 509 aulo-

89 533 255 583 grapho,
287 533 385 584 quod
412 533 541 570 habuit
570 534 627 570 vir
651 531 1010 582 praestantissimus,
1041 530 1178 566 Petrus
1205 528 1386 573 BembuS,
1419 527 1532 564 facile

90 589 282 634 cernitur,
323 601 406 626 eum
438 590 474 626 in
503 587 661 626 limando
692 585 856 623 secundo
886 586 974 622 ilem
1006 587 1210 635 poematum
1242 596 1389 621 suorum
1419 594 1533 620 versu

90 656 204 693 saepe
245 643 414 682 sudasse.
475 643 552 682 Sed
590 643 660 679 hoc
697 642 733 679 in
772 641 891 691 poe'tis
931 641 1091 677 fortasse
1127 641 1246 676 minus
1285 639 1415 675 miium
1456 644 1530 682 est,

90 699 153 749 qui
188 698 313 736 v-erba
337 698 577 736 dimetiuntur
613 708 816 747 omnesque
854 696 1000 746 lepores
1036 708 1080 732 ac
1120 695 1343 732 festivitates
1382 692 1533 730 dicendi

89 760 320 804 aucupantur
348 754 596 804 voluptatique
626 753 803 790 lectorum
833 763 873 788 se
903 751 961 788 vel
992 751 1148 788 maxime
1179 750 1323 786 servire
1352 748 1533 799 profiten-

91 815 164 846 tur.
225 808 362 846 Iustius
398 808 435 846 id
467 808 599 858 aliquis
641 808 677 844 in
707 807 865 844 Platone
896 807 1075 851 miretur,
1119 805 1223 843 cuius
1253 810 1337 854 post
1376 809 1532 840 mortem

89 870 260 914 repertas
290 864 408 901 fuisse
436 862 578 900 tabulas
609 862 760 908 dicunt,
798 863 832 899 in
861 862 992 911 quibus
1022 861 1244 911 principium
1277 859 1454 896 librorum
1486 857 1532 896 de

89 918 318 968 Republica,
365 932 436 969 quo
476 918 565 955 nihil
602 917 750 955 videtur
792 929 878 954 esse
918 917 1142 966 simplicius,
1190 914 1321 952 iisdem
1360 913 1530 959 vocibus,

89 972 158 1010 sed
187 973 260 1010 alio
288 981 399 1024 atque
427 973 498 1010 alio
523 972 654 1011 ordine
685 972 901 1017 collocatis,
944 972 1092 1021 saepius
1122 970 1167 1008 ab
1198 983 1241 1008 eo
1270 969 1450 1007 variatum
1479 969 1535 1006 vi-

89 1035 254 1066 seretur.
304 1029 450 1066 Auctor
480 1029 587 1066 huius
620 1028 673 1065 rei
704 1027 912 1093 Dionysius
942 1022 1392 1076 Halicarnasseusffffi,
1426 1025 1532 1062 cuius

88 1083 205 1121 verba
236 1083 449 1121 subiiciam.
490 1080 535 1122 O
564 1081 605 1122 δὲ
632 1080 797 1122 Πλάτων
825 1079 915 1128 τοὺς
947 1081 1085 1120 ἑαυτοῦ
1125 1077 1329 1148 διαλόγους
1357 1079 1535 1127 κτενίζων

90 1137 156 1178 καὶ
182 1139 434 1190 βοστρυχίζων
462 1154 528 1177 και
554 1135 677 1178 πάντα
702 1135 848 1205 τρόπον
876 1134 1099 1176 ἀναπλέκων
1127 1133 1174 1176 οὗ
1204 1136 1258 1174 διε
1247 1134 1368 1174 λιπεν
1397 1131 1535 1200 ὀγδοη-

89 1208 206 1232 κοντα
233 1191 398 1247 γεγονὼς
434 1193 508 1245 ε’.τη
548 1197 641 1233 πᾶσι
668 1189 739 1261 γὰρ
777 1190 902 1244 δηπου
932 1197 1011 1239 τοῖς
1041 1188 1260 1258 φιλολόγοις
1287 1188 1459 1256 γνώριμα
1487 1186 1537 1228 τὰ

89 1247 177 1314 περὶ
203 1252 272 1299 τῆς
300 1250 528 1298 φιλοπονίας
554 1246 719 1301 τάνδρὸς
747 1245 1015 1315 ἱστορούμενα,
1037 1245 1084 1286 ταί
1110 1263 1149 1286 τε
1177 1245 1268 1286 ἄλλα
1297 1244 1362 1285 καὶ
1390 1242 1437 1294 δη
1468 1261 1534 1284 και

88 1300 136 1342 τὰ
162 1303 250 1355 περὶ
282 1319 352 1355 την
379 1303 528 1352 δέλτον,
566 1302 616 1355 ἡν
650 1300 938 1354 τελευτησαντος
970 1300 1089 1342 αὐτοῦ
1125 1301 1298 1355 λέγουσιν
1326 1297 1535 1352 εὑρεθηναι

90 1359 273 1406 ποικίλως
308 1358 576 1410 μετακειμένην
612 1355 683 1410 τὴν
719 1355 838 1410 ἀρχὴν
876 1373 945 1409 της
979 1358 1172 1404 πολιτείας
1208 1357 1368 1408 ἔχουσαν
1399 1353 1533 1406 η’·νδε

90 1412 267 1465 Κατέβην
288 1412 380 1465 χθὲς
401 1429 453 1460 εις
475 1416 640 1465 Πειραια
662 1428 754 1465 μετα
778 1410 1009 1460 Γλαύκωνος
1029 1429 1097 1452 του
1115 1410 1352 1465 Ἀρίστωνος,
1391 1411 1535 1449 Narrat

90 1468 187 1507 idem
218 1477 257 1507 et
283 1470 342 1507 M.
373 1470 513 1507 Fabius
550 1470 644 1506 libro
675 1477 806 1506 octavo
841 1469 1113 1506 Institutionum
1145 1469 1201 1505 his
1235 1468 1357 1505 verbis
1371 1466 1445 1518 ’ως
1489 1470 1533 1506 In

91 1526 191 1563 ceris
220 1526 388 1562 Platonis
425 1526 573 1562 inventa
610 1531 700 1562 sunt
734 1531 898 1574 quatuor
934 1525 1000 1562 illa
1038 1524 1176 1569 verba,
1219 1523 1352 1573 quibus
1389 1525 1427 1560 in
1467 1524 1533 1560 z'llo

83 1581 341 1631 pulcherrimo
381 1593 531 1629 operum
561 1581 598 1617 in
638 1580 833 1617 Piraeeum
862 1593 901 1617 se
939 1580 1173 1617 descendisse
1200 1578 1413 1627 segnqstcat,
1446 1580 1534 1627 plu-

90 1636 197 1672 re’mz‘s
225 1636 343 1671 modis
370 1636 527 1684 scripta.
588 1633 702 1680 Scio,
737 1634 845 1671 Fabii
874 1634 988 1673 verba
1025 1635 1134 1671 aliter
1167 1634 1205 1671 in
1236 1634 1395 1683 vulgatis
1429 1633 1533 1671 libris

90 1689 187 1739 legi:
221 1689 286 1727 sed
316 1702 387 1738 ego
428 1702 548 1726 meum
579 1696 730 1727 secutus
763 1703 866 1738 sum,
898 1690 983 1741 qui,
1022 1697 1062 1727 ut
1091 1690 1260 1727 cariosus
1291 1688 1533 1740 inucidusque

89 1758 161 1782 non
195 1745 266 1790 sit,
299 1751 356 1781 est
385 1751 508 1782 tamen

197 1823 278 1861 lam
306 1822 454 1860 senior:
490 1822 560 1859 sed
587 1822 709 1860 cruda
740 1822 837 1860 libro
865 1823 1070 1874 vii-z'dz'sque
1097 1828 1269 1861 senectus
1281 1819 1381 1876 ††).

597 1952 886 1993 CAPUT
941 1954 1021 1994 IX.

140 2031 299 2069 Plautus
326 2031 544 2069 Mercatore
575 2032 666 2070 locis
696 2034 840 2083 aliquot
868 2035 1068 2071 restitutus
1095 2039 1135 2071 et
1161 2039 1308 2072 auctas.
1368 2032 1482 2071 More

218 2085 421 2132 maiorum,
453 2093 586 2125 contla
614 2088 769 2126 Alce'atz·
792 2090 1028 2127 sententiam.
1089 2089 1182 2127 Tuis
1210 2089 1398 2139 ingratiis.

89 2164 259 2221 ImeM
289 2183 378 2221 mihi
397 2184 552 2223 Plautus
574 2186 762 2224 vocandus
786 2186 830 2224 ad
853 2194 994 2238 parles,
1024 2195 1061 2226 et
1085 2202 1219 2239 magna
1242 2187 1386 2240 quidem
1412 2189 1534 2238 gratia

91 2239 154 2285 iis,
176 2240 237 2290 qui
265 2251 348 2277 eum
375 2247 447 2278 tam
470 2242 594 2278 multis
617 2249 885 2293 corruperunt:
919 2256 1000 2281 nam
1022 2244 1160 2295 absque
1185 2245 1258 2281 illis
1282 2250 1382 2281 esset
1397 2243 1532 2296 †††)‚

93 2307 206 2344 saepe
235 2294 329 2332 haec
360 2308 476 2346 opera
515 2304 644 2335 nostra
673 2297 860 2336 haereiet.
919 2297 1032 2336 Nunc
1062 2307 1101 2336 ut
1131 2300 1216 2336 boni
1246 2299 1533 2350 patresfamilias

91 2348 295 2387 succidiam
332 2348 431 2387 domi
470 2359 633 2402 paratam
674 2360 714 2391 et
751 2366 970 2405 suspensam
1008 2354 1168 2401 habent,
1217 2367 1265 2393 ex
1295 2367 1366 2406 qua
1400 2367 1533 2392 cenam

164 2469 209 2505 *J
229 2469 250 2498 i.
271 2477 297 2498 e.
320 2469 408 2498 ducis
428 2471 810 2510 Ferrariensis3‚A1f011si
830 2475 853 2503 1.
894 2475 1016 2503 KRAFT.

181 2517 235 2575 εὶῗ)
256 2517 337 2553 epici
356 2518 461 2553 illiuS‚
483 2520 565 2554 quod
586 2520 767 2550 inscribitur
789 2522 926 2550 orlando
943 2523 1079 2557 furioso
1119 2524 1243 2553 ΚΒΜ-ι’.

206 2565 259 2600 ἐξ)
289 2566 329 2594 de
349 2573 486 2601 compoS.
507 2568 594 2597 verb
615 2575 673 2604 cap
677 2571 754 2600 .25.
784 2572 871 2600 Tom.
891 2571 929 2600 V.
951 2578 1021 2606 pag
1043 2571 1113 2601 208.
1140 2573 1188 2602 ed.
1210 2571 1322 2602 Reisk.
1361 2571 1432 2602 Vid.
1461 2572 1534 2601 Ast·

89 2602 132 2633 ad
150 2567 234 2633 Piat.
254 2604 348 2632 Polit.
369 2611 441 2639 pag.
460 2605 524 2633 313
540 2612 587 2640 sq.

90 2690 165 2719 ame
165 2650 300 2718 {gv-‹1:31›-
320 2652 350 2682 6.
371 2653 401 2681 8.
421 2652 473 2682 64.
511 2653 544 2682 A
564 2654 750 2690 Spaldingio
778 2657 874 2691 atque
895 2657 1079 2686 Gernhardo
1109 2657 1230 2687 omissa
1257 2660 1307 2688 est
1334 2665 1481 2694 praepos
1500 2659 1534 2687 in

167 2735 240 2774 ††)
260 2739 457 2771 Expressum
478 2745 520 2767 ex
540 2739 628 2775 Virg.
647 2742 730 2770 Aen.
750 2742 805 2770 VI.
825 2742 897 2771 304.
936 2744 1003 2771 Iam
1021 2744 1144 2781 senior,
1175 2745 1231 2773 sed
1248 2744 1347 2773 cruda
1365 2744 1436 2773 deo
1454 2745 1535 2773 viri-

90 2775 198 2810 disque
215 2776 363 2804 seneclus.
402 2777 513 2807 FAESI.

168 2820 268 2860 †††)
281 2823 328 2851 De
345 2825 406 2852 hac
420 2823 555 2852 formula
569 2824 696 2853 comicis
711 2826 829 2855 usitata
842 2826 915 2854 vide
929 2827 1097 2856 verissime
1115 2829 1304 2861 iudicantem
1312 2832 1534 2862 Frotscherum

93 2861 134 2891 ad
155 2860 234 2897 opp.
255 2861 326 2890 Vol.
347 2862 369 2891 1.
391 2868 464 2897 pag.
484 2862 557 2892 448.
597 2863 644 2893 cs.
665 2863 778 2894 Krebs
799 2865 966 2895 Antibarb.
987 2873 1059 2902 pag
1082 2867 1131 2897 75.

1560 1311 1622 1340 452
