1726 3106
105 1384 165 1417 141

186 137 267 182 134
752 137 879 178 VAR.
912 137 1065 178 LECT.

186 249 385 300 integritas
418 248 558 300 viguit,
588 245 806 286 inauditum.
868 247 927 286 Eo
959 254 1080 287 tamen
1110 248 1307 287 nonnullos
1338 249 1392 287 uti
1421 246 1556 296 video,
1593 256 1634 287 et

188 304 337 357 quidem
378 318 534 350 eorum,
574 304 635 355 qui
672 316 713 341 se
755 317 825 342 non
854 303 990 342 Latine
1033 303 1164 351 modo,
1205 304 1269 342 sed
1312 306 1451 350 etiam,
1491 304 1522 342 si
1560 303 1632 342 diis

190 361 335 413 placet,
377 359 575 397 Ciceronis
606 371 708 397 more
743 359 841 409 loqui
873 366 1014 411 putant.
1074 359 1323 411 Decipiuntur
1363 367 1484 397 autem
1523 372 1633 410 prae-

191 417 298 467 cipue
335 422 511 465 corrupto
550 412 704 465 quodam
745 415 826 452 loco
869 428 916 453 ex
952 415 1133 452 Oratione
1174 429 1241 466 pro
1279 415 1387 453 domo
1424 428 1488 452 sua
1506 413 1550 463 ἢ)
1586 413 1634 453 ad

190 471 411 524 pontifices.
444 482 551 520 quem
576 469 776 508 emendare
805 471 973 509 institui.
1008 477 1045 507 ut
1065 471 1142 515 isti,
1176 472 1235 521 qui
1261 484 1301 509 se
1324 484 1345 509 e
1365 469 1506 507 Nizolii
1538 470 1634 507 libro

191 538 392 575 germanos
429 524 637 563 Cicerones
673 538 759 564 esse
800 525 981 572 credunt,
1027 538 1157 563 errore
1196 526 1264 564 hoc
1302 540 1368 564 suo
1409 525 1631 563 liberentur.

191 581 278 619 Non
310 581 407 618 enim
439 581 492 618 ita
522 581 624 618 locus
656 581 719 618 ille
748 581 926 632 legendus
954 587 1035 618 est:
1072 584 1218 619 Omnem
1243 583 1307 619 diu
1337 582 1534 619 collectum
1563 582 1636 618 vim

190 636 468 687 improborum,
510 649 607 687 quae
641 638 852 675 inveterata
882 649 1091 687 compresso
1123 637 1207 674 odio
1246 644 1360 687 alque
1401 638 1517 674 tacito
1560 638 1635 673 iam

192 692 412 742 erumpebat
448 693 486 729 in
526 698 676 737 actum,
720 699 794 730 tam
830 694 994 730 audaces
1025 693 1137 729 duces
1174 694 1310 743 excepi
1341 705 1419 729 meo
1459 704 1634 741 corpore.

190 745 269 784 Sed
303 746 370 784 hoc
400 745 534 791 modo,
574 753 612 783 ut
641 747 677 783 in
711 748 874 798 antiquis
906 747 1011 784 libris
1040 759 1126 784 esse
1164 746 1331 784 homines
1361 746 1455 784 certi
1495 753 1534 784 et
1564 744 1637 783 fide

191 800 293 851 digni
328 802 533 839 affirmant:
590 804 737 839 Omnem
775 804 840 840 dia
876 803 1067 841 collectam
1105 803 1176 840 vim
1211 802 1488 853 improborum,
1541 813 1638 852 quae

192 858 404 895 inveterata
442 869 653 906 compresso
691 858 776 894 odio
817 864 931 908 atquc
968 859 1084 895 tacito
1122 858 1195 895 z‘am
1233 857 1471 908 erumpebat,
1522 862 1637 895 nacta

192 918 269 950 tam
298 913 462 950 audaces
489 912 627 958 daces,
655 914 791 963 excepi
815 925 894 951 meo
924 924 1097 963 corpore.

691 1042 982 1082 CAPUT
1037 1042 1140 1082 XX.

496 1120 700 1159 correctus
728 1122 832 1160 locus
861 1135 882 1159 e
910 1122 1073 1160 secundo
1103 1121 1149 1158 de
1176 1119 1344 1160 Finibus.

192 1196 404 1255 EtUSDEM
452 1219 606 1268 generis
654 1226 713 1257 est
753 1220 989 1258 odm‘lz'cz'nm:
1043 1232 1137 1271 quae
1177 1219 1299 1270 inepta
1348 1231 1420 1256 vox
1473 1225 1511 1256 ct
1551 1217 1643 1256 nihii

194 1273 303 1325 plane
339 1273 556 1324 significans
598 1274 649 1312 ita
688 1274 827 1312 insedit
862 1276 897 1312 in
940 1275 1022 1312 loco
1057 1273 1212 1326 quodam
1245 1287 1266 1312 e
1298 1272 1462 1312 secundo
1501 1272 1547 1311 de
1576 1273 1644 1310 Fi-

196 1328 305 1366 nibus
324 1326 422 1378 ἢ),
465 1336 506 1366 ut
535 1342 665 1367 omnes
704 1343 817 1381 prope
848 1331 918 1368 iam
960 1330 1075 1368 libros
1109 1330 1315 1380 occuparit.
1376 1329 1432 1367 Ita
1462 1329 1560 1366 enim
1591 1328 1645 1366 ibi

197 1384 357 1434 legitur:
389 1385 524 1422 Assz'nt
553 1386 665 1422 eliam
682 1386 855 1436 formosi
872 1388 1001 1436 ymeri,
1029 1388 1096 1437 qui
1120 1387 1344 1423 mz'mlstreut.
1393 1384 1647 1435 Besplendeat

196 1440 256 1478 leis
284 1440 420 1485 vesle's,
462 1446 686 1489 argentmn,
729 1442 964 1486 eds-ilicium,
1006 1443 1108 1479 loeus
1136 1443 1228 1490 ipse.
1289 1439 1343 1478 At
1373 1440 1408 1477 in
1440 1440 1544 1476 libris
1579 1451 1646 1477 ve-

197 1494 339 1531 teribus
372 1493 442 1531 hoc
480 1493 613 1531 modo:
656 1498 795 1533 Assmt
825 1498 935 1533 etiam
954 1495 1128 1544 formosi
1149 1497 1282 1545 pueri,
1323 1497 1390 1546 qui
1414 1496 1642 1532 ministrent.

196 1549 437 1599 Respondeat
462 1550 520 1587 lzz's
549 1550 675 1595 vestis,
709 1557 923 1599 argentum,
959 1552 1193 1589 Corinthium
1223 1563 1308 1595 αρε,
1340 1557 1408 1587 ant
1434 1551 1644 1595 Deliacum,

195 1604 433 1655 aedg‘fi'ez'um,
464 1606 568 1643 locus
596 1606 674 1656 ipse
687 1603 804 1656 macac).
867 1605 975 1652 Quae
1006 1607 1092 1657 quin
1124 1618 1211 1644 vera
1243 1605 1428 1655 scriptura
1459 1605 1531 1651 sit,
1572 1617 1646 1642 non

197 1666 256 1697 est
296 1671 364 1697 cur
403 1660 594 1712 quisquam
639 1659 876 1697 dubitandum
918 1660 1102 1714 putet†).
1174 1659 1304 1711 Itaque
1345 1661 1464 1711 ipsum
1503 1672 1648 1711 quoque

197 1715 467 1765 resplendendi
490 1715 642 1753 verbum
668 1715 758 1752 mihi
779 1714 926 1767 quidem
955 1716 1062 1755 valde
1085 1722 1296 1766 suspectum
1328 1722 1386 1753 est
1401 1714 1500 1768 ††).
1548 1714 1649 1752 Nam

197 1769 271 1808 hoc
309 1782 380 1807 uno
418 1769 502 1808 loeo
545 1771 782 1816 nitebantur,
827 1772 889 1822 qui
920 1771 1031 1818 illud,
1074 1779 1112 1809 ut
1150 1771 1352 1816 Latinum,
1397 1770 1645 1821 recipiebant.

197 1823 312 1863 Nunc
346 1832 496 1872 autem,
538 1826 610 1863 nisi
639 1826 786 1877 aliquod
812 1826 911 1864 aliud
941 1828 1195 1865 testimonium
1229 1827 1461 1877 reperiatur,
1502 1825 1652 1864 videtur

200 1892 293 1918 saue
324 1882 359 1918 ei
389 1893 535 1932 quoque
566 1881 650 1932 iege
681 1881 799 1933 Papia
828 1883 987 1933 periculi
1018 1881 1157 1934 aliquid
1189 1882 1400 1920 imminere.
1459 1881 1545 1920 Hoc
1580 1881 1652 1932 igi-

201 1941 263 1974 tur
289 1935 353 1974 alii
382 1936 615 1987 cogitabunt.

278 2055 411 2092 ψεαρ
432 2056 482 2085 24.
505 2056 537 2092 S.
558 2057 609 2086 6.·.3
651 2056 737 2092 Quod
759 2063 777 2085 e
798 2057 895 2088 Codd.
914 2060 1058 2088 Muretus
1085 2057 1206 2094 profert
1225 2059 1315 2088 nacta
1342 2063 1399 2093 pro
1419 2056 1453 2085 in
1470 2056 1591 2093 actum,
1621 2054 1654 2084 in

203 2092 294 2123 editt.
315 2101 397 2123 nunc
416 2094 547 2130 legitur,
571 2094 635 2123 vid.
656 2094 701 2122 W
705 2094 758 2124 olf.
779 2096 820 2124 ad
840 2098 870 2125 h.
888 2098 911 2126 l.
931 2103 1005 2131 pag.
1026 2096 1099 2125 209.

280 2141 349 2177 ἐμὲ)
371 2149 439 2177 cap.
459 2143 489 2171 8.
510 2143 541 2177 §-
562 2142 611 2170 23.

280 2190 374 2226 ;::--:·-:1.-)
395 2189 577 2224 Ernestius,
606 2189 768 2227 BremiuS‚
798 2191 939 2220 Orellius
961 2192 1143 2220 ediderunt:
1180 2192 1367 2226 respondeat
1394 2192 1442 2220 his
1461 2191 1571 2227 vestis,
1598 2198 1656 2219 ar-

205 2228 341 2264 uentum,
378 2229 585 2262 corinthium,
619 2229 706 2258 locus
734 2229 817 2268 ipse,
851 2231 1032 2267 aedificium.
1084 2231 1280 2259 Goerenzius
1306 2231 1478 2267 aedificium
1507 2233 1656 2265 tanquam

206 2266 348 2301 glossam
368 2266 458 2294 uncis
480 2265 619 2294 inclusit.

282 2311 329 2351 †)
350 2312 397 2342 Cf.
414 2315 527 2342 Mutet.
542 2314 646 2342 schol.
663 2313 693 2342 in
713 2313 814 2343 Cicer.
833 2315 1176 2350 opp.‘1'om.111.pag
1193 2316 1264 2344 847.
1281 2318 1313 2345 et
1327 2318 1439 2346 contra
1455 2323 1527 2346 eum
1545 2314 1656 2352 dispu-

208 2351 327 2381 tantem
347 2351 427 2380 Huh.
450 2351 638 2387 Giphanium
659 2352 759 2387 Epist.
780 2354 819 2381 11.
840 2354 869 2380 8.
899 2354 977 2388 Opp.
1000 2355 1088 2382 'loun
1108 2355 1132 2382 l.
1152 2361 1224 2388 pag.
1245 2354 1318 2384 549.

285 2397 358 2438 ἢ)
378 2399 551 2439 Immerito,
574 2407 763 2438 quamquam
782 2403 950 2437 poetarum
970 2401 1130 2437 proprium
1151 2404 1211 2432 est.
