1726 3106
108 399 171 430 220

106 2390 165 2420 221

194 149 277 193 210
759 147 883 185 VAR.
918 146 1072 187 LECT.

195 257 328 314 ἀγαθὰ
354 257 569 315 ᾑρημένοις.
620 273 686 296 και
711 256 751 296 οἱ
769 273 867 310 προς
895 256 1051 305 εἰδοξον
1079 256 1201 306 οὕτως
1228 259 1294 300 καὶ
1316 256 1549 313 ἡγεμονικὴν
1577 276 1639 312 φι-

196 317 280 357 λιαν
307 315 464 368 ἔχοντες.
522 314 630 360 Quae
662 313 724 351 ille
752 314 802 351 ita
833 313 1020 352 :eddiditz

419 393 516 432 Nam
548 404 610 442 que
646 392 826 430 V²ene1em
844 391 1012 444 fugiunt
1039 392 1149 430 nimis·
1177 394 1391 432 mortalium

420 449 654 497 Aegrotant.

195 528 248 565 Et
281 527 349 576 qui
385 525 480 563 bona
518 531 735 570 sectantur,
780 526 905 563 itidem
936 531 1071 562 errant
1095 525 1258 574 gloriam
1287 533 1325 564 et
1345 528 1515 577 gratiam
1541 529 1645 578 apud

191 582 386 633 principes
413 580 622 631 fugiendo.
683 579 802 627 Quam
842 580 1062 617 sententiam
1105 580 1205 617 nullo
1237 581 1342 619 modo
1370 596 1415 620 ex
1448 583 1640 620 Plutarchi

196 636 324 674 verbis
358 636 455 673 offici
495 648 629 686 posse,
672 648 825 680 omnes,
867 642 906 672 ut
937 635 1098 685 opinor,
1137 635 1276 674 vident.
1337 637 1415 675 Sed
1447 638 1517 675 hoc
1551 640 1644 676 saci·

196 692 267 729 lius
306 704 490 729 excusare
529 690 708 728 debemus
739 690 924 728 hominem
956 691 1153 740 insigniter
1190 698 1228 728 et
1256 691 1440 731 eruditum
1468 701 1506 731 et
1536 694 1642 731 indu—

196 748 350 793 strium,
381 746 477 797 quod
508 746 656 784 Graeca
689 747 886 784 manifesto
916 745 1119 797 depravata
1149 754 1246 786 sunt.
1306 748 1413 796 Quae
1444 750 1531 786 mihi
1565 751 1642 801 qui-

197 802 281 841 dem
313 802 484 841 videntur
515 803 566 839 ita
595 801 789 839 emendari
819 815 958 853 posse·

420 878 471 918 Οἱ
494 894 565 932 γαρ
582 875 749 947 Κύπριν
780 875 964 945 φεύγοντε
967 894 985 926 ς
1010 874 1231 931 ἀνθρώπων
1260 876 1356 933 ἄγαν

418 931 591 974 Νοσοῦσ’
625 931 769 985 ὁμοίως
799 938 879 982 τοῖς
912 931 1009 988 ἄγαν
1042 933 1294 988 θηρωμένοις.

196 1010 238 1049 Id
269 1019 348 1050 est:

359 1090 530 1138 Namque
565 1089 747 1126 Venerem
782 1090 1006 1140 quicumque
1041 1088 1242 1141 refugiunt
1267 1091 1394 1137 nimis,

357 1147 550 1194 Perucque
583 1151 793 1194 aegrotant
816 1152 931 1195 atquc
959 1146 1028 1195 qui
1052 1152 1235 1196 appetunt
1262 1147 1372 1183 nimis
1387 1162 1399 1184 .-

193 1223 392 1271 itidemque
430 1224 498 1272 qui
535 1236 631 1272 erga
662 1224 877 1273 principum
920 1236 966 1260 ac
1000 1229 1196 1272 potentum
1225 1224 1426 1261 amicitiam
1467 1230 1536 1262 aut
1572 1225 1643 1262 lenc

193 1284 262 1315 aut
289 1279 352 1315 illo
386 1278 494 1314 modo
519 1277 655 1330 affecti
682 1285 784 1315 sunt.
854 1277 905 1314 Et
944 1285 1031 1328 puto
1070 1277 1163 1314 hanc
1202 1278 1387 1316 veriorem
1424 1291 1509 1316 esse
1547 1281 1642 1316 scri-

192 1332 508 1411 pturamsshoium
546 1332 743 1385 Euripidis
781 1345 983 1378 versuum,
1037 1345 1144 1382 quam
1195 1346 1289 1384 quae
1326 1340 1384 1371 cst
1418 1333 1516 1386 apud
1557 1334 1642 1372 Sto-

192 1387 360 1425 haeum
375 1386 426 1440 )

417 1463 471 1503 Οἵ
495 1461 568 1517 γὰρ
602 1461 757 1533 Κύπριν
789 1461 974 1516 φεύγοντε
959 1479 996 1510 ς
1025 1460 1246 1530 ἀνθρώπων
1274 1461 1372 1518 ἕίγαν

416 1516 590 1558 Νοσοῦσ’
627 1516 771 1571 ὁμοίως
797 1524 877 1566 τοῖς
903 1516 1111 1558 διώκουσιν
1142 1516 1251 1572 α’γαν.

190 1595 317 1647 Atque
347 1596 440 1634 haec
471 1609 517 1635 eo
547 1597 698 1642 notavi,
729 1595 970 1647 eiusdemque
1000 1597 1153 1646 generis
1183 1595 1255 1634 alia
1284 1595 1440 1647 posthae
1470 1596 1642 1635 fortassis

192 1652 350 1697 notabo,
385 1659 424 1689 ut
455 1653 593 1702 prosim
627 1651 827 1689 studiosis:
863 1665 934 1689 non
966 1659 1005 1689 ut
1035 1650 1231 1702 quidquam
1261 1650 1454 1689 detraham
1485 1651 1532 1690 de
1561 1653 1642 1703 glo-

191 1708 248 1744 ria
290 1714 327 1744 et
363 1708 641 1745 existimatione
683 1706 911 1745 eruditorum
956 1707 1168 1753 hominum,
1220 1720 1312 1758 quos
1351 1708 1393 1745 in'
1429 1708 1572 1758 magnis
1604 1715 1643 1746 et

191 1761 318 1799 arduis
349 1763 523 1813 operibus
552 1762 739 1800 interdum
773 1761 1016 1800 dormitantes
1045 1763 1107 1814 qui
1137 1776 1209 1800 non
1245 1763 1357 1808 ferat,
1388 1769 1451 1800 aut
1481 1764 1541 1813 qui
1574 1776 1641 1800 eos

191 1825 392 1868 propterea
429 1819 585 1856 minoris
626 1816 818 1856 faciendos
855 1825 982 1870 putet3
1018 1819 1050 1856 is
1090 1818 1180 1856 mihi
1210 1818 1256 1856 ab
1284 1818 1385 1856 omni
1412 1818 1640 1857 humanitate

190 1873 444 1911 alienissimus
474 1886 561 1912 esse
592 1873 777 1913 videatur.

678 1981 966 2022 CAPUT
1028 1982 1158 2021 XIX.

483 2062 576 2098 Tres
605 2063 784 2112 antiquae
810 2074 919 2100 voces
948 2062 1126 2099 Ciceroni
1147 2061 1360 2099 restitutae.

193 2137 383 2195 VETERA
422 2158 602 2209 quaedam
637 2160 813 2197 vocabula
853 2166 938 2196 sunt
964 2159 1060 2210 apud
1091 2158 1341 2205 Ciceronem,
1385 2165 1560 2209 corrupta
1591 2160 1638 2198 ab

193 2214 267 2258 iis,
308 2214 369 2263 qni
415 2214 588 2264 quicquid
616 2216 735 2252 minus
765 2215 938 2251 usitatum
970 2223 1027 2252 est
1057 2228 1122 2265 pro
1154 2228 1220 2251 suo
1251 2216 1332 2252 iure
1358 2226 1574 2265 expungere
1602 2222 1640 2253 et

192 2268 365 2320 quicquid
395 2270 560 2307 collibuit
589 2271 815 2307 substituere
843 2269 994 2315 audent,
1025 2271 1133 2307 etiam
1163 2271 1307 2317 invitis,
1340 2283 1421 2307 nain
1457 2270 1526 2306 hoc
1548 2284 1639 2307 non-

193 2337 387 2375 numquam
418 2325 637 2375 profitentur
652 2322 744 2377 ²³³⁶),
775 2332 813 2362 et
841 2325 1128 2363 reclamantibus
1159 2326 1329 2363 omnibus
1351 2325 1471 2363 libris.
1533 2325 1637 2372 Quo-

193 2393 273 2418 rum
313 2381 387 2417 nisi
422 2387 577 2431 regatur
613 2387 651 2418 et
679 2383 899 2418 coerceatur
927 2380 1103 2427 audacia,
1150 2382 1279 2431 paucis
1319 2381 1427 2419 annis
1456 2381 1493 2417 in
1526 2380 1638 2419 Cice-

194 2448 286 2473 rone
316 2435 466 2473 minima
496 2449 582 2486 pars
613 2435 811 2474 Ciceronis
836 2436 959 2473 futura
988 2445 1060 2474 est.
1121 2435 1310 2483 Quosdam
1340 2436 1400 2474 hie
1432 2449 1636 2488 proponam

194 2490 328 2536 locos,
367 2503 415 2527 ex
456 2491 588 2540 quibus
629 2491 729 2539 hoe,
767 2489 862 2542 quod
901 2490 1008 2537 dico,
1051 2492 1209 2542 intelligi
1241 2493 1373 2543 possit.
1433 2491 1491 2529 Ita
1520 2492 1637 2542 igitur

195 2546 373 2596 scriptum
410 2553 469 2582 est
506 2546 602 2584 libro
640 2547 767 2597 quinto
797 2546 842 2583 de
873 2545 1030 2584 Finibus
1045 2545 1170 2600 ***):
1211 2549 1337 2586 Stoici
1365 2553 1528 2585 restant.
1586 2548 1641 2585 He·

194 2602 343 2652 quidem
378 2614 451 2638 non
490 2614 601 2640 unam
635 2603 799 2653 aliquam
832 2609 899 2640 aut
936 2603 1097 2641 alteram
1128 2616 1152 2641 a
1181 2603 1317 2652 nobis,
1351 2603 1422 2640 sed
1447 2609 1562 2641 totam
1584 2602 1638 2656 ad

269 2732 312 2767 ιε)
333 2735 432 2762 serm.
452 2733 532 2762 LXI.
554 2740 625 2769 pag.
647 2733 720 2763 386.

270 2781 338 2815 *³20
358 2782 409 2810 Ad
429 2781 614 2810 Lambinum
646 2783 726 2810 naec
751 2783 914 2816 spectant,
941 2782 1006 2811 vid.
1035 2784 1168 2812 eundem
1195 2784 1235 2813 ad
1262 2782 1326 2813 Cic.
1348 2783 1400 2812 Or.
1429 2788 1486 2817 pro
1507 2781 1633 2811 cluent.

194 2823 266 2853 pag.
287 2819 357 2847 275.
381 2827 410 2847 v.
430 2820 459 2848 3.
481 2826 552 2854 pag.
573 2819 645 2848 693.
666 2826 695 2849 a.
715 2822 796 2849 Mur.
817 2822 923 2850 Senot.
946 2820 977 2849 in
998 2823 1109 2851 senec.
1131 2823 1209 2858 opp.
1230 2823 1318 2851 Tum.
1337 2823 1391 2850 111.
1411 2826 1484 2855 pag.
1505 2819 1546 2849 42
1566 2826 1615 2854 sq.

269 2866 363 2902 {aiz-³3)
382 2873 451 2902 cap.
472 2868 521 2896 25.
542 2867 574 2903 S.
596 2867 646 2896 74.
