1726 3106
546 124 651 163 LIB.
684 124 757 164 IX.
818 123 937 165 CAP.
967 124 1040 165 Vi.
1440 125 1518 165 195)

68 236 157 274 mihi
192 236 303 273 multo
339 234 491 285 gravius
529 233 686 272 subesse
723 232 893 272 mendum
931 232 1093 272 videtur.
1153 232 1287 285 Neque
1316 235 1410 272 enim
1448 239 1518 274 τοῦ

65 291 280 343 κιθαρίζειν
310 286 484 341 λαμπρὸν
506 288 572 327 καὶ
594 292 732 337 καλῶς,
752 288 825 326 'sed
851 290 921 327 τοῦ
943 289 1155 342 κιθαρίζειν
1172 288 1365 341 Λάμπρου
1393 293 1519 336 καλῶς

67 346 266 396 legendum
298 352 383 395 puto
402 343 471 395 ’γῆς
505 341 696 396 Λάμπρος
726 345 823 382 enim
855 345 994 380 veteris
1016 345 1147 381 musici
1170 346 1356 394 proprium
1383 358 1516 383 nomeu

67 402 160 438 fuit:
192 413 297 451 quam
327 400 428 444 boni,
461 399 550 436 nihil
577 400 621 436 ad
652 412 753 436 rem:
781 398 850 435 hoc
876 399 972 435 enim
1001 406 1138 436 tantum
1163 400 1346 449 significat
1365 398 1516 436 Aristo-

65 456 184 501 teles,
225 456 262 492 se'
286 456 472 504 Lamprus
502 454 593 491 bene
622 461 757 499 minat,
800 452 834 489 id
866 466 937 489 nou
969 454 1073 503 lyra,
1108 452 1173 490 sed
1205 453 1364 491 artificio
1396 454 1514 503 ipsius

67 510 181 554 ellici,
214 516 250 546 et
276 509 466 545 ridiculum
501 509 598 554 fore,
633 509 664 545 si
695 509 774 559 quis
798 506 834 544 id
865 520 936 544 non
967 507 1126 544 artificio
1152 508 1282 558 ipsius,
1315 507 1380 545 sed
1409 508 1513 559 lyrae

68 563 303 601 tribuendum
356 576 441 600 esse
482 563 694 600 contendat.
768 561 918 612 Lampri
963 569 1083 599 autem
1134 563 1272 600 mentio
1317 570 1376 600 est
1416 562 1514 613 apud

65 618 260 656 Platonem
295 619 474 668 principio
503 615 819 668 uienexeni**):
864 617 925 654 ubi
956 616 1134 654 Socrates
1165 618 1238 661 ait,
1270 618 1379 655 facile
1409 630 1509 664 esse,

65 674 230 711 Athenis
262 673 520 713 Athenienses
552 673 725 719 laudare,
757 685 829 709 non
859 673 894 709 ei
924 671 1047 717 mod0‚
1081 672 1142 722 qui
1171 678 1406 722 praestantes
1437 684 1512 710 ma-

65 729 203 778 gistros
234 735 364 766 nactus
396 729 458 773 sit,
491 728 618 778 quales
646 729 725 778 ipse
755 727 950 772 habuerat,
980 727 1187 765 rhetorices
1217 727 1361 777 quidem
1389 726 1512 778 Aspa-

66 784 175 828 siam‚
206 785 367 820 musices
398 796 487 820 vero
519 782 712 820 Connum:
747 781 812 820 sed
844 783 879 819 ei
909 783 1036 827 etiam,
1069 782 1129 833 qui
1159 783 1277 819 minus
1305 781 1438 827 bonos,
1472 788 1511 819 ut

65 839 227 875 musices
267 838 494 888 Lamprum,
544 838 753 875 rhetorices
799 837 1082 887 Antiphontem.
1151 837 1261 874 Hunc
1308 836 1510 887 Lamprum

64 893 284 931 Athenaeus
301 894 433 944 ***),
476 907 546 930 non
580 906 669 930 saue
706 906 753 930 ex
784 892 1054 930 consuetudine
1095 893 1343 938 musicorum,
1385 891 1510 929 abste-

65 949 174 986 mium
206 949 320 986 1'uisse
351 949 424 985 ait:
460 949 675 999 profertque
706 948 741 985 in
768 961 851 985 eum
882 961 1007 985 amara
1032 946 1211 998 quaedam
1241 945 1340 984 dicta
1368 948 1508 985 veteris

64 1006 197 1054 poe'tae
227 1003 450 1054 Phrynichi,
482 1004 611 1053 quibus
638 1004 688 1040 ait
702 1002 775 1055 †),
810 1003 939 1053 lugere
965 1004 1093 1052 gavias
1126 1009 1269 1039 mortuo
1298 1002 1360 1040 illo
1391 1014 1508 1052 aquae

65 1065 219 1109 potore,
263 1072 368 1109 quem
404 1059 512 1095 etiam
546 1065 653 1095 vocat
685 1058 879 1095 mirificum
920 1058 1101 1095 artificem
1143 1057 1298 1107 lugubre
1336 1056 1507 1108 quiddam

66 1120 104 1150 et
127 1113 318 1163 querulum
346 1112 584 1158 concinendi‚
616 1113 810 1150 Musarum
839 1111 983 1150 aridum
1015 1119 1053 1150 et
1074 1111 1300 1150 exsiccatum
1331 1111 1506 1157 cadaver,

65 1167 305 1205 lusciniarum
332 1168 488 1214 febrim,
530 1168 702 1205 Plutonis
741 1168 931 1219 hymnum.
991 1166 1086 1204 Eius
1124 1168 1262 1217 igitur,
1302 1168 1510 1217 quicunque

64 1222 210 1260 tandem
252 1223 344 1268 fuit,
384 1224 455 1259 iam
487 1222 630 1273 pridem
666 1221 763 1273 apud
793 1221 1038 1260 Aristotelem
1077 1222 1291 1260 oblitterata
1329 1222 1510 1260 memoria

63 1278 229 1329 reposita
256 1290 278 1315 a
307 1278 414 1315 nohis
444 1290 487 1315 ae
514 1280 686 1316 restituta
712 1277 776 1314 sit.

576 1397 607 1436 C
638 1396 676 1435 A
706 1396 740 1435 P
768 1396 805 1435 U
832 1396 867 1435 T
922 1395 1001 1436 VI.

379 1477 436 1514 De
464 1476 557 1514 locis
584 1476 729 1525 aliquot
755 1474 885 1513 Plauti
909 1487 958 1511 eoe
987 1474 1187 1515 Pseudolo.

66 1559 225 1614 ῙΝΕΡΤΕ
253 1579 337 1626 post
364 1580 418 1611 tot
445 1572 705 1612 emendatores
727 1573 927 1611 etiamnum
957 1573 1093 1624 legitur
1115 1573 1220 1611 locus
1249 1570 1311 1610 hie
1344 1584 1365 1610 e
1387 1570 1508 1610 Pseu-

67 1631 151 1671 dolo
177 1630 349 1668 Plautina
368 1628 476 1681 ††):

231 1696 468 1735 Phoenicium
503 1694 680 1732 Calidoro
712 1693 877 1731 amatori
903 1705 970 1730 suo

234 1754 308 1790 Per
337 1763 462 1788 ceram
492 1756 529 1787 et
557 1750 672 1786 linum
704 1750 923 1798 litterasque
953 1749 1181 1798 mter-pretes

233 1807 398 1845 Salutem
428 1806 544 1843 mittit
574 1810 611 1841 et
639 1804 797 1841 salutem
825 1803 892 1841 abs
923 1809 957 1841 le
988 1805 1144 1853 eoepetc't.

68 1874 154 1914 Non
189 1873 286 1911 enim
327 1872 441 1909 linum
479 1868 672 1920 legendum
706 1875 786 1914 est,
836 1867 901 1905 sed
941 1869 1097 1918 legnum.
1165 1865 1260 1904 Nam
1298 1867 1335 1903 in
1374 1865 1506 1903 tabulis

69 1930 204 1980 ligneis
243 1940 330 1965 cera
370 1926 492 1963 oblitis
535 1933 706 1969 veteres,
753 1930 793 1960 ut
826 1931 949 1961 notum
986 1930 1065 1969 est,
1112 1923 1279 1959 seribere
1321 1921 1503 1958 solebant.

69 1978 234 2024 Tabulas
267 1983 380 2032 igitur
401 1982 500 2031 ipsas
533 1986 642 2017 vocat
671 1981 829 2029 lignum.
878 1978 929 2016 Et
957 1979 1010 2015 sic
1039 1978 1237 2028 loquuntur
1266 1977 1359 2014 iuris
1381 1982 1508 2013 aueto-

70 2053 133 2078 res
147 2037 279 2091 -Η-Ῠ),
304 2050 384 2074 cum
405 2037 581 2073 bonorum
604 2035 879 2085 possessionem
904 2040 1031 2070 contra
1057 2033 1200 2070 tabulas
1221 2038 1354 2069 vocant
1375 2038 1508 2069 eontra

70 2097 226 2146 lignum.
287 2091 396 2139 Quod
426 2098 547 2128 autem
580 2092 614 2127 in
642 2089 771 2126 eodem
803 2090 865 2126 illo
895 2088 1063 2126 diverbio
1095 2087 1273 2138 scriptum
1306 2093 1364 2125 est
1379 2084 1445 2138 ἱΨ),

230 2161 361 2208 Atque
390 2157 430 2194 id
445 2155 626 2207 futurum
658 2157 755 2193 unde
785 2156 881 2193 unde
908 2155 1027 2192 dabam
1056 2155 1208 2192 neseio:

234 2215 324 2253 Nise·
353 2213 440 2263 quia
457 2210 637 2260 futurum
667 2218 746 2249 est.-
787 2213 840 2251 ita
869 2210 1108 2260 supercilium
1140 2210 1251 2246 salit.-

73 2289 112 2320 et
138 2279 231 2333 apud
262 2279 505 2318 Theocritum
522 2276 627 2327 Μ),
660 2278 789 2315 oculus
818 2278 953 2313 deoeter
980 2276 1093 2312 salit.-
1126 2286 1146 2312 e
1175 2274 1285 2312 stulta
1316 2274 1379 2312 illa
1409 2279 1512 2310 vete-

72 2351 152 2376 rum
190 2335 454 2387 superstitione
490 2332 637 2370 ductum
676 2339 762 2378 est,
811 2345 881 2382 qua
915 2329 1143 2376 credebant,
1187 2330 1221 2367 si
1261 2342 1348 2382 pars
1388 2328 1512 2379 aliqua

147 2446 190 2481 εῖε)
211 2447 298 2474 Haec
317 2443 499 2473 coniectura
518 2442 558 2470 ab
579 2440 751 2471 editoribus
770 2440 882 2470 merito
903 2439 1071 2476 repudiata
1090 2440 1150 2469 est.

148 2494 215 2529 *th-22³)
237 2500 307 2528 pag.
329 2493 400 2521 236.
420 2492 461 2520 A.
481 2492 530 2520 st.

149 2542 241 2577 -:::--::÷⁴:÷)
262 2542 315 2571 lib.
336 2542 374 2569 11.
394 2547 466 2576 pag.
486 2539 536 2568 44.
557 2540 596 2567 D.
830 2562 831 2565 ,

180 2591 195 2626 )
218 2591 305 2624 Quae
325 2591 499 2623 sequuntur
521 2587 636 2621 verba,
667 2593 767 2620 prope
787 2585 981 2613 verbotenus
1003 2590 1046 2612 ex
1065 2584 1238 2619 Phrynichi
1259 2583 1366 2612 verbis
1396 2583 1515 2611 tralata

73 2630 157 2659 sunt.
197 2628 243 2657 Cf.
266 2627 559 2661 Schweighaeuser.
579 2623 773 2652 Animadvv.
796 2624 836 2652 ad
857 2624 974 2652 Athen.
996 2623 1085 2651 Toni.
1105 2624 1128 2652 1.
1150 2629 1221 2658 pag.
1241 2623 1315 2652 316.
1353 2623 1466 2650 Fami.

149 2676 322 2763 ssssi-JIUY
333 2675 385 2751 39
388 2697 440 2752 .19.
459 2722 499 2751 de
518 2722 627 2749 bonor.
648 2726 789 2756 possess.
810 2721 921 2748 contra
940 2718 1004 2747 tab.
1026 2717 1181 2746 xxxvn.
1201 2716 1232 2747 4.

149 2771 192 2808 ἔξ)
214 2779 245 2801 ν.
266 2771 326 2800 104
346 2778 393 2806 sq.

152 2825 220 2862 ἴτε-κε)
241 2825 333 2862 ldyll.
353 2825 407 2854 111.
428 2830 461 2854 v.
480 2823 530 2853 37.
552 2813 695 2851 ἅλλεται
718 2812 913 2861 ὀφθαλμός
936 2823 1006 2858 μευ
1032 2810 1051 2846 ὃ
1075 2809 1280 2899 ὃεξιόςί3ᾅ

1538 2154 1600 2184 205
