1778 3096
179 594 241 625 35⁷

261 111 342 154 342
588 158 591 160 ,
828 111 955 153 VAR.
985 111 1140 154 LECT.

263 223 399 261 victum
442 221 513 260 sibi
547 219 808 260 describendis
848 222 954 260 libris
994 222 1337 277 ᾳιιεενίιεὺεηῐῆ),
1378 236 1472 276 quae
1508 236 1705 276 perperam

265 279 511 329 scripserant,
545 291 617 314 non
653 276 805 315 delere:
838 291 885 315 ne
914 278 1029 316 libros
1061 291 1147 317 suos
1179 280 1302 317 multis
1334 280 1452 317 lituris
1480 278 1707 318 deformatos

264 334 386 371 minus
434 331 641 371 vendibiles
685 331 889 370 redderent
935 334 1113 371 iterumve
1157 341 1253 372 totas
1296 337 1449 385 paginas
1488 333 1706 373 describere

266 394 517 437 cogerentur:
558 385 626 431 sed
654 387 700 424 iis
729 395 769 425 ut
792 395 899 425 erant
925 389 1073 426 omissis
1103 396 1230 427 cetera
1260 391 1447 441 persequi.
1506 389 1633 441 Atque
1662 402 1708 428 ea

265 456 328 481 res
370 442 679 481 innumerabilem
718 455 887 481 errorum
925 444 1068 495 copiam
1110 444 1148 482 in
1188 457 1295 483 omne
1327 447 1548 497 scriptorum
1588 456 1708 496 genus

265 497 422 536 invexit.

791 587 1081 627 CAPUT
1137 588 1189 627 X.

643 660 901 710 Xenophontis
930 662 1005 699 loci
1030 660 1103 698 duo
1134 660 1334 699 emendati.

267 726 415 783 Lmur
452 745 522 784 hoc
564 745 648 784 loco
690 748 863 798 proferre
901 748 1153 786 coniecturam
1193 761 1309 786 meam
1349 746 1396 786 de
1437 747 1580 787 duobus
1619 749 1711 788 locis

268 801 531 852 Xenophontis
558 813 579 839 e
609 803 728 853 primo
752 799 1011 854 Ἀναβάσεως,
1040 802 1086 841 de
1118 803 1250 854 quibus
1282 803 1431 841 dubium
1469 818 1541 842 non
1573 804 1710 850 liabeo,

270 858 358 908 quin
395 864 432 894 et
470 858 507 894 in
546 857 715 896 omnibus
756 871 872 909 usque
911 859 947 896 in
983 859 1080 896 hunc
1120 858 1217 896 diem
1259 857 1366 896 editis
1403 859 1506 897 libris
1537 866 1712 908 corrupte

270 912 445 962 legantur
474 918 512 949 et
537 919 614 950 tuto
640 926 683 950 ac
715 914 825 951 facilc
851 914 990 964 corrigi
1012 913 1170 965 possint.
1220 912 1362 951 Eorum
1386 916 1526 965 primus
1550 920 1608 952 est
1622 913 1712 966 Μὴ,

270 967 334 1004 ubi
372 965 497 1018 Cyrus
547 968 583 1004 in
623 967 794 1006 Ciliciam
834 970 970 1006 transit
1018 970 1203 1019 superatis
1244 969 1453 1015 montibus,
1503 969 1540 1007 in
1582 969 1715 1020 quibus

272 1022 482 1074 Sycnnesis
521 1023 747 1073 praesidium
778 1025 993 1062 collocarat.
1054 1024 1149 1061 Cum
1180 1025 1279 1062 enim
1310 1023 1452 1063 Cilices
1486 1023 1532 1062 ad
1561 1025 1716 1076 primam

272 1076 368 1128 Cyri
405 1076 640 1117 adventantis
671 1080 804 1118 famam
835 1092 922 1118 sese
960 1080 996 1117 in
1028 1079 1150 1131 fugam
1181 1078 1397 1127 dedissent,
1438 1080 1520 1118 sine
1548 1079 1622 1118 ullo
1650 1091 1718 1118 ne-

272 1133 378 1182 gotio
406 1131 531 1184 Cyrus
569 1141 608 1171 et
646 1142 790 1172 montes
819 1134 1038 1173 conscendit
1075 1141 1113 1173 et
1142 1134 1299 1173 Cilicum
1330 1142 1453 1173 castra
1484 1135 1598 1186 cepit.
1658 1135 1716 1173 lbi

271 1188 537 1238 Xenophontis
566 1189 682 1227 verba
712 1197 819 1228 sunt.
863 1193 995 1242 Κῦρος
1026 1188 1067 1229 δὲ
1097 1186 1215 1241 ἀνέβη
1245 1189 1308 1229 ἐπὶ
1341 1187 1388 1229 τὰ
1421 1186 1516 1242 ὅρη,
1555 1187 1718 1237 οὐδενὸς

271 1240 508 1291 κωλύοντος,
540 1243 606 1283 καὶ
635 1241 712 1284 εἶδε
740 1242 808 1292 τὰς
837 1243 981 1297 σκηνὰς
1008 1239 1056 1285 οὗ
1090 1243 1275 1295 ἒφύλαττο
1330 1245 1369 1284 οἷ
1393 1246 1557 1292 Κίλικες.
1615 1244 1718 1293 Quid

273 1305 396 1335 autem
444 1299 592 1336 attinuit
634 1299 762 1337 dicere
809 1314 892 1338 eum
939 1301 1125 1352 superatis
1173 1261 1355 1338 montllms
1396 1300 1537 1338 vidisse
1575 1308 1715 1347 castra,

273 1366 369 1404 quae
406 1352 566 1392 Cilicum
605 1354 784 1392 fuerant?
841 1355 957 1393 Certe
999 1356 1095 1392 enim
1132 1355 1181 1393 ita
1221 1368 1376 1394 necesse
1414 1356 1508 1402 fuit,
1553 1356 1625 1394 nisi
1655 1362 1720 1393 aut

273 1421 410 1446 caecus
450 1410 608 1454 suisset,
653 1417 716 1447 aut
753 1410 953 1448 clausisset
992 1411 1132 1449 oculos.
1192 1410 1268 1448 Sed
1310 1424 1378 1448 nos
1417 1424 1561 1461 quoque
1596 1411 1717 1457 caeci,

273 1463 432 1512 opinor,
465 1464 670 1509 fuerimus,
700 1465 773 1506 nisi
801 1464 1010 1512 videamus,
1040 1461 1134 1513 εἷλε,
1165 1479 1237 1502 non
1268 1461 1357 1513 εἶδε,
1387 1465 1584 1516 legendum
1614 1479 1716 1504 esse.

272 1517 386 1555 Alter
420 1518 523 1556 locus
569 1525 626 1556 est
645 1516 771 1571 ἢῆ,
816 1519 878 1557 ubi
905 1519 1029 1571 Cyrus
1066 1518 1112 1556 ad
1146 1521 1280 1557 ssumen
1310 1520 1465 1558 Chalum
1501 1522 1720 1571 pervenisse

272 1572 434 1611 dicitur·
474 1573 580 1611 cuius
608 1574 731 1625 pisces
761 1574 876 1626 Syri,
917 1582 956 1612 ut
992 1581 1030 1612 et
1057 1575 1273 1621 columbas,
1313 1589 1381 1626 pro
1417 1574 1488 1612 diis
1517 1576 1716 1614 habebant.

274 1628 334 1666 Ibi
364 1629 459 1666 enim
492 1629 543 1666 ita
573 1629 756 1680 legimus·
792 1629 851 1668 Αἰ
874 1628 916 1669 δὲ
944 1633 1091 1681 κῶμαι,
1132 1628 1174 1669 ἐν
1201 1632 1263 1677 αἱς
1289 1627 1498 1681 ε’σκηνουν,
1538 1628 1720 1685 Παρυσά-

275 1684 380 1731 τιδος
414 1677 537 1735 ἦσαν,
573 1684 628 1731 εἰς
662 1681 762 1736 ζωην
796 1684 1005 1737 δεδομέναι.
1066 1684 1143 1723 Sed
1180 1686 1269 1723 mibi
1307 1687 1432 1724 excuti
1469 1700 1542 1724 non
1579 1694 1720 1739 potest,

276 1740 363 1802 quin
388 1738 532 1791 ζωνην,
575 1753 647 1778 non
675 1737 775 1792 ζωὴν
812 1741 940 1791 legere
981 1748 1174 1792 oporteat.
1223 1748 1263 1778 ut
1299 1741 1463 1779 dicamus
1492 1755 1575 1780 eam
1607 1749 1722 1780 totam

275 1795 470 1844 regionem
502 1795 656 1845 reginae
685 1796 900 1847 Parysatidi
929 1797 966 1834 in
994 1797 1179 1847 cingulum
1209 1796 1430 1834 adtributam
1460 1798 1592 1835 fuisse.
1641 1797 1724 1835 Re-

275 1850 376 1900 ginis
406 1851 501 1888 enim
523 1849 725 1889 Persarum
755 1853 866 1889 multa
896 1851 1031 1903 oppida
1062 1852 1270 1903 multaeque
1292 1853 1467 1903 regiones
1495 1853 1533 1891 in
1553 1853 1722 1904 singulas

275 1904 403 1942 mundi
433 1905 625 1943 muliebris
657 1913 784 1957 partes
815 1906 978 1945 adtribui
1008 1907 1199 1945 solebant:
1231 1908 1337 1945 verbi
1368 1921 1526 1955 caussa,
1557 1910 1594 1946 in
1623 1915 1724 1947 stro-

269 1961 425 2010 plnum,
456 1963 494 1999 z'n
524 1963 747 2008 amiculum,
780 1964 816 2000 in
845 1964 1058 2013 cingulum,
1091 1965 1128 2000 in
1157 1965 1346 2003 sandalia.
1407 1963 1524 2014 quue
1555 1964 1723 2015 locuple-

274 2015 440 2052 tissimus
471 2017 579 2053 testis
611 2018 805 2055 confirmat
834 2017 942 2055 Plato
973 2019 1010 2055 in
1040 2017 1240 2056 Alcibiade
1270 2019 1388 2070 primo
1420 2019 1478 2056 his
1506 2018 1631 2057 verbis
1646 2018 1720 2086 T):

274 2068 358 2108 ἐπεί
380 2066 464 2109 ποτ’
494 2068 644 2121 ’ἥκουσα
676 2070 748 2125 ἐγὼ
777 2069 927 2138 ἀνδρὸς
945 2070 1167 2121 ἀξιοπίστου
1194 2077 1271 2112 τῶν
1300 2071 1594 2125 ἀναβεβηκότων
1617 2070 1723 2125 παρὰ

276 2124 447 2175 βασιλέα,
479 2122 523 2173 ὃς
549 2125 624 2193 ε’φη
644 2131 852 2194 παρελθεῖν
876 2125 1002 2195 χώοαν
1028 2125 1133 2168 πάνυ
1161 2125 1306 2180 πολλην
1326 2129 1392 2168 καὶ
1417 2126 1584 2182 ἀγαθὴν,
1611 2126 1723 2182 ἐγγὺς

275 2177 489 2246 ἠμερησιάν
518 2177 633 2231 οόὸν,
670 2179 721 2233 ἣν
749 2186 879 2221 καλεῖν
915 2180 1004 2229 τοὺς
1031 2182 1255 2242 ἐπιχωρίους
1283 2181 1404 2236 ζωνην
1439 2188 1507 2235 τῆς
1535 2184 1723 2236 βασιλέως

277 2233 471 2300 γυναικός.
509 2232 606 2276 εἶναι
634 2235 676 2276 δὲ
709 2236 776 2276 καὶ
803 2234 941 2288 ἄλλην,
979 2235 1030 2289 ’ἡν
1059 2243 1109 2277 αὐ
1142 2242 1345 2278 καλεῖσθαι
1379 2238 1619 2306 καλύπτραν,
1657 2239 1724 2279 καὶ

279 2288 419 2338 ἄλλους
447 2289 614 2339 πολλοὺς
640 2289 783 2339 τόπους
810 2290 951 2339 καλοὺς
987 2292 1052 2332 καὶ
1078 2291 1255 2347 ἆγαθους
1283 2294 1336 2342 εἷς
1365 2291 1434 2334 τὸν
1468 2292 1612 2346 κόσμον
1641 2294 1724 2362 ἐξῃ-

277 2346 467 2397 ρημένους
499 2343 565 2386 τὸν
592 2349 661 2398 τῆς
686 2345 890 2414 γυναικὸς,
928 2347 994 2388 καὶ
1020 2346 1188 2400 ὀνόματα
1215 2349 1311 2401 ἐχειν
1343 2347 1525 2397 ἕκαστους
1560 2353 1636 2390 τῶν
1661 2350 1724 2390 τό-

276 2416 360 2440 πων
405 2399 481 2441 ἀπὸ
521 2399 682 2442 ἑκάστου
726 2406 802 2443 τῶν
839 2401 1004 2454 κόσμων.
1070 2404 1148 2443 Sed
1196 2413 1234 2444 et
1277 2406 1450 2444 Lutetiae
1490 2406 1723 2445 Parisiorum

276 2458 436 2507 vectigal
466 2457 646 2508 quoddam
688 2460 774 2497 vino
805 2459 1016 2510 impositum
1049 2467 1131 2506 est,
1174 2460 1271 2512 quod
1300 2462 1409 2512 vulgo
1444 2462 1633 2511 cingulum
1662 2476 1723 2500 re-

273 2514 389 2562 ginae
417 2520 565 2553 vocant.
625 2514 689 2552 Sic
718 2515 962 2553 Themistocli
977 2513 1060 2568 ††)
1089 2515 1187 2568 apud
1211 2492 1384 2555 eosdem⁰
1389 2517 1530 2555 Persas
1560 2517 1722 2568 quinque

352 2612 394 2647 ³1³)
415 2613 483 2641 Hoc
498 2613 630 2642 verbum
647 2614 812 2648 poetarum
830 2613 1020 2642 comicorum
1038 2613 1103 2642 fere
1117 2613 1286 2650 proprium,
1299 2613 1336 2642 cf.
1347 2616 1473 2644 Terent.
1483 2615 1583 2644 Andr.
1594 2617 1618 2644 1.
1630 2616 1660 2650 1,
1671 2615 1723 2645 48.

275 2652 307 2679 et
326 2631 451 2680 Ruhnk.
471 2650 552 2679 Dict.
570 2658 642 2687 pag.
662 2651 709 2679 14.
725 2652 772 2679 ed.
784 2652 898 2685 Sotion.
931 2653 966 2679 In
987 2653 1094 2680 soluta
1110 2653 1254 2680 oratione
1274 2655 1417 2691 praestat
1434 2660 1584 2689 quaerere
1599 2636 1721 2682 vict’um.

351 2694 508 2728 ³1<·21‹)cap.
530 2694 559 2722 2.
580 2695 611 2729 5.
635 2695 685 2723 22.
724 2689 846 2739 Κῦρος
871 2687 901 2721 δ’
928 2700 1009 2723 ουν
1042 2689 1162 2733 ἀνέβη.
1200 2696 1323 2726 Deinde
1351 2686 1425 2725 εἷλε
1448 2704 1530 2727 nuuc
1548 2700 1722 2733 receptum.

361 2737 410 2761 ‘⁶3³
411 2736 446 2770 ἰὲ)
466 2743 536 2771 cap.
555 2736 585 2765 4.
605 2738 637 2772 5.
657 2736 687 2765 9.
707 2738 759 2767 ubi
781 2730 894 2776 ζώνην
921 2746 1004 2768 nunc
1023 2739 1155 2772 legitur.

350 2781 397 2818 †]
419 2788 491 2816 pag.
513 2782 642 2810 123.1³.
664 2784 710 2811 st.
742 2778 824 2813 ἐπεί
846 2776 923 2812 ποτ’
955 2777 1027 2823 ἒγώ
1055 2775 1195 2821 ἥκουσα
1214 2787 1275 2814 cet.

349 2822 423 2860 -s-‘sJ
444 2821 514 2852 vid.
536 2823 698 2853 Plutarch.
728 2824 785 2854 vit.
805 2823 958 2854 Themist.
979 2831 1048 2860 cap.
1067 2825 1118 2855 29.
1140 2827 1221 2855 extr.
1243 2832 1315 2862 pag.
1337 2825 1407 2855 127.
1427 2825 1470 2856 A.
1500 2826 1596 2862 atque
1616 2823 1723 2855 Sinte-
