1778 3096
512 141 616 181 LIB.
649 141 762 182 XVI.
821 140 941 182 CAP.
973 142 1085 182 xm.
1438 142 1520 185 877

83 253 170 294 Non
190 253 322 293 abutar
345 253 420 292 otio
446 253 482 290 in
512 251 694 290 similibus
721 251 956 304 colligendis.
1004 252 1183 304 Sequitur
1205 251 1302 305 apud
1322 251 1516 292 Plautum:

252 332 435 370 Caruitne
453 329 583 381 febris
611 331 702 368 lzere
730 336 790 376 te,
821 332 883 369 vel
904 330 1042 369 nudius
1070 330 1236 369 tertius?

245 388 297 426 Et
324 386 416 423 llere
447 387 659 423 coenastine
673 383 751 438 *)?

87 462 195 510 Quae
223 462 275 500 ita
306 462 466 513 explicat
501 469 630 500 noster
667 462 875 511 interpres:
918 462 1122 512 Significat
1156 476 1310 511 servus,
1354 462 1522 501 absurda

85 519 382 567 interroganda,
419 519 549 555 lterum
578 531 682 555 suum
713 516 876 554 absurde
902 530 1085 566 quaerere
1114 517 1161 555 ab
1189 520 1307 565 osti,o
1341 520 1520 564 valuerit,

85 585 152 610 nee
177 585 238 610 ne.
290 574 457 610 Deme-emus
489 574 583 610 enim
615 573 775 622 aliquem
793 570 910 623 febri
931 584 1090 610 carere.-
1123 586 1194 610 non
1214 573 1367 623 febrem
1396 575 1522 625 aliquo

85 627 230 665 homine
259 640 414 665 carere.-
459 629 497 665 V
493 629 532 665 el
557 628 638 673 die,
668 640 741 665 non
770 639 812 663 eo
841 640 920 664 esse
949 628 1109 676 ineptam
1138 629 1200 665 vel
1226 628 1429 666 absurdam
1466 630 1523 666 in-

86 683 398 732 terrogatzonem,
435 683 534 732 quod
561 684 615 720 ita
643 688 803 732 quaerat
829 695 877 718 θα)
905 682 1157 726 Phaedromo,
1199 684 1372 721 caruitne
1401 690 1436 721 te
1452 683 1526 735 se-

87 736 195 774 bris?
230 738 300 775 sed
329 738 448 788 quod,
487 739 656 775 caruitne
689 743 724 775 te
741 736 873 788 febris
896 737 985 773 lieri
1010 738 1071 775 vel
1095 737 1397 776 nudiustertius?
1436 751 1524 776 nam

86 791 195 830 debet
216 794 370 844 quisque
393 794 506 837 scire,
534 793 696 830 valuerit
717 792 804 829 lteri
828 798 866 829 et
885 792 1174 837 nudiustertius,
1204 805 1273 830 nec
1301 806 1363 830 ne.
1414 793 1524 832 Haec

85 846 163 884 ille.
221 846 306 897 Ego
337 854 393 884 sat
423 847 567 884 habebo
599 845 748 892 dicere,
782 847 842 884 illa
871 847 1010 892 omnia,
1042 859 1134 898 quae
1167 847 1238 885 huc
1266 847 1312 884 ab
1341 861 1385 885 eo
1414 849 1525 886 allata

86 908 192 947 sunt,
231 915 315 939 esse
344 898 636 954 ἀπροςδιόνυσα.
693 901 875 948 Quoniam
906 903 1004 939 enim
1036 902 1204 939 homines
1248 915 1294 940 ex
1325 903 1431 941 febre
1462 910 1527 941 aut

87 969 137 994 ex
166 957 276 1007 longo
305 957 443 994 ieiunio
471 956 629 995 delirare
658 955 843 994 interdum
878 964 915 994 et
946 957 1078 994 mentis
1106 969 1235 995 errore
1266 957 1362 995 affici
1388 959 1523 1005 solent,
1550 968 1613 998 395

88 1010 230 1049 idcirco
262 1013 468 1063 interrogat
497 1012 624 1049 herum
655 1024 807 1057 servus,
851 1013 1063 1049 carueritne
1094 1012 1200 1050 febre
1238 1013 1440 1064 proximum
1468 1015 1527 1051 bi-

87 1065 220 1113 duum,
264 1074 302 1105 et
330 1081 412 1105 num
443 1080 599 1118 vespere
629 1068 832 1105 cenaverit.
892 1066 1106 1105 Videbatur
1141 1068 1237 1105 euim
1269 1069 1304 1105 ei
1343 1067 1524 1115 delirare,

88 1122 150 1171 qui
193 1121 328 1159 talibus
368 1122 493 1161 verbis
534 1123 630 1159 ostio
672 1122 915 1159 blandiretur.
986 1122 1115 1172 ltaque
1153 1122 1368 1160 tantundem
1408 1124 1526 1162 tribus

86 1176 214 1214 verbis
246 1176 372 1215 dicere
401 1184 566 1228 poterat:
607 1179 728 1216 Satin’
757 1190 871 1215 sanus
901 1177 970 1215 es?
1027 1178 1100 1215 Ubi
1130 1185 1252 1215 autem
1289 1178 1399 1228 vulgo
1432 1179 1527 1230 legi-

88 1237 149 1268 tur
165 1231 261 1282 iffi),
305 1246 375 1270 nee
411 1246 466 1270 me
506 1234 568 1270 ille
598 1234 691 1270 sinit
725 1234 914 1283 Iuppiter,
960 1232 1158 1282 legendum
1197 1239 1275 1278 est,
1321 1235 1429 1280 sirit,
1476 1236 1529 1272 ita

87 1286 298 1338 postulante
340 1293 378 1324 et
414 1287 499 1336 lege
529 1287 730 1334 carminis,
772 1294 810 1324 et
838 1288 983 1323 ratione
1012 1287 1140 1324 Latini
1177 1288 1375 1326 sermonis.
1435 1288 1530 1328 Mox

88 1348 210 1379 autem
240 1341 312 1379 duo
343 1340 488 1393 quidem
520 1341 605 1378 libri
633 1342 705 1378 mei
734 1348 882 1379 veteres
909 1341 1065 1388 habent,

250 1421 311 1457 Ita
340 1425 442 1457 tuum
472 1418 643 1470 conferto
673 1431 834 1456 amorem
865 1431 1032 1469 semper,
1063 1420 1102 1456 si
1125 1420 1244 1469 sapis,

89 1508 185 1542 non,
216 1494 311 1547 quod
334 1496 396 1533 ille
426 1495 576 1542 maluit,
608 1508 751 1535 amare.
811 1495 907 1534 Tum
940 1494 1038 1546 quod
1067 1496 1128 1534 ille
1157 1497 1209 1533 ita
1239 1496 1345 1546 legit,

197 1571 275 1610 ΡΗ.
311 1573 410 1622 Quid
437 1573 532 1611 istuc
561 1579 619 1610 est
644 1572 777 1610 verbi?
824 1571 900 1609 ΡΑ.
933 1579 1043 1610 caute
1070 1578 1111 1610 ut
1140 1573 1294 1611 incedas
1320 1574 1396 1621 via,

89 1661 218 1689 eorum
246 1649 341 1688 alter
369 1649 502 1696 multo,
534 1656 574 1687 ut
601 1647 774 1696 videtur,
808 1648 956 1696 melius,

198 1726 277 1764 ΡΗ.
311 1727 410 1777 Quid
437 1728 534 1765 istuc
559 1727 669 1765 verbi
692 1725 778 1764 est?
832 1725 907 1764 ΡΑ.
940 1732 1024 1765 tuta
1052 1732 1097 1765 ut
1120 1727 1273 1765 incedas
1301 1728 1377 1766 via.

92 1809 132 1842 et
158 1815 271 1843 versu
298 1805 466 1856 proxime
496 1804 680 1855 sequenti,

367 1883 486 1921 Nemo
514 1882 601 1919 lzinc
614 1879 721 1933 ***)
748 1880 948 1932 prohibet,
978 1894 1048 1919 nec
1075 1887 1194 1927 vetat,

205 1937 301 1987 Quin
331 1938 431 1988 quod
448 1938 577 1988 palam
607 1943 667 1975 est
693 1938 845 1983 venale,
876 1939 914 1975 si
936 1942 1138 1987 argentum
1171 1943 1249 1983 est,
1282 1949 1405 1975 emas.-
1439 1982 1445 1987 Δ

93 2025 225 2060 nemo,
265 2014 403 2064 inquit,
440 2014 612 2064 prohibet
647 2021 685 2051 te
716 2027 841 2052 amare
872 2013 982 2060 hinc,
1022 2011 1060 2051 id
1088 2020 1168 2060 est,
1211 2027 1232 2052 a
1264 2014 1420 2051 lenone:
1464 2025 1534 2051 nec

93 2075 230 2161 fetat,d
258 2070 344 2119 quin
376 2081 476 2107 emas
516 2068 614 2120 quod
642 2069 763 2122 palam
800 2069 933 2109 venale
963 2075 1035 2108 est.
1093 2069 1189 2107 Mox
1221 2081 1352 2108 versus
1390 2068 1452 2106 ille
1483 2069 1535 2107 ita

111 2136 204 2174 egen
235 2137 277 2161 us
308 2131 391 2162 est:

203 2192 283 2232 PH.
313 2196 477 2234 Lenonis
504 2195 576 2233 hae
604 2202 696 2235 sunt
724 2196 851 2234 aedes.
910 2195 986 2235 ΡΑ.
1021 2196 1118 2234 male
1149 2196 1231 2233 istis
1261 2201 1408 2243 evenat,

97 2283 196 2318 non,
225 2278 267 2309 ut
295 2272 425 2323 vulgo,
459 2274 620 2312 eveniat.
678 2272 832 2312 Deinde
860 2274 1069 2313 interiectis
1101 2273 1228 2324 paucis
1243 2271 1312 2324 †),

316 2351 377 2388 Ita
407 2356 451 2387 ut
478 2352 631 2401 occoepi
655 2350 805 2398 dicere,
836 2353 892 2389 eii
913 2352 1092 2390 ancillula
1120 2357 1190 2388 est.

210 2402 285 2443 ΡΑ.
317 2406 456 2454 Nempe
485 2406 571 2443 lzuie
601 2407 744 2453 lenoni,
776 2409 843 2458 qui
868 2408 928 2445 hie
956 2406 1118 2445 habitat
1178 2404 1255 2443 ΡΗ.
1287 2410 1388 2443 recte
1418 2411 1533 2444 tenes.

208 2457 284 2496 ΡΑ.
317 2461 439 2498 Nimis
456 2459 654 2512 formido,
684 2475 732 2499 ne
761 2463 915 2501 exedat.

176 2594 199 2619 3:
203 2593 220 2627 )
247 2594 351 2626 vulgo
379 2593 542 2623 scribitur:
576 2594 722 2623 caruitne
745 2593 845 2629 febris
870 2595 900 2623 te
919 2595 992 2624 here
1012 2594 1119 2631 (heri)
1144 2595 1193 2622 vel
1218 2593 1460 2623 nudiustertius?
1498 2593 1541 2622 Et

100 2631 168 2697 heri}
188 2633 403 2697 cffinavzstine.
442 2633 591 2663 Ceterum
609 2631 642 2660 in
660 2632 806 2662 Lambini
826 2633 955 2672 verbis,
984 2640 1066 2670 quae
1085 2636 1274 2669 sequnntur,
1305 2632 1440 2662 mutavit
1459 2639 1541 2660 non-

100 2675 144 2697 nu
171 2675 190 2697 a
246 2676 300 2697 ure
318 2676 354 2697 us

177 2717 370 2746 ³1·v.2⁷.

176 2716 271 2799 εει-ἷξε)
291 2765 398 2799 Vulgo
416 2765 482 2800 hic,
503 2765 560 2793 sed
580 2765 650 2794 hinc
669 2765 764 2795 etiam
785 2766 860 2795 edit.
880 2767 1000 2802 Gryph.
1019 2773 1049 2796 a.
1070 2766 1160 2795 1535.

177 2810 224 2850 ἦ)
246 2820 276 2841 v.
296 2813 338 2841 43
359 2820 428 2848 sqq.
467 2813 514 2842 Ibi
534 2814 631 2848 vulgo
653 2815 690 2842 ta
708 2816 764 2842 uti.
803 2815 974 2843 Lambinus
995 2814 1172 2843 coniecerat
1194 2814 1241 2842 lta
1260 2813 1322 2849 uti,
1345 2813 1428 2848 quod
1448 2820 1543 2850 prae-

105 2850 270 2880 terendum
292 2851 426 2881 videtur.
465 2852 692 2882 'saubmannus
712 2852 844 2882 deinde:
865 2853 972 2882 Minus
988 2852 1164 2890 formidabo
1184 2855 1244 2881 cet.
1282 2853 1394 2881 Fumi.
