<?xml version="1.0" encoding="UTF-8"?>
<!DOCTYPE html PUBLIC "-//W3C//DTD XHTML 1.0 Transitional//EN"
    "http://www.w3.org/TR/xhtml1/DTD/xhtml1-transitional.dtd">
<html xmlns="http://www.w3.org/1999/xhtml" xml:lang="en" lang="en">
 <head>
  <title>
</title>
<meta http-equiv="Content-Type" content="text/html;charset=utf-8" />
  <meta name='ocr-system' content='tesseract 3.04.00' />
  <meta name='ocr-capabilities' content='ocr_page ocr_carea ocr_par ocr_line ocrx_word'/>
</head>
<body>
  <div class='ocr_page' id='page_1' title='image "./operaomniaexmssa03mureuoft/operaomniaexmssa03mureuoft_0373.png"; bbox 0 0 1778 3096; ppageno 0'>
   <div class='ocr_carea' id='block_1_1' title="bbox 526 144 1499 186">
    <p class='ocr_par' dir='ltr' id='par_1_1' title="bbox 526 144 1499 186">
     <span class='ocr_line' id='line_1_1' title="bbox 526 144 1499 186; baseline 0.003 -3"><span class='ocrx_word' id='word_1_1' title='bbox 526 144 624 185; x_wconf 89' lang='lat' dir='ltr'>LIB.</span> <span class='ocrx_word' id='word_1_2' title='bbox 656 145 767 184; x_wconf 89' lang='lat' dir='ltr'>XIII.</span> <span class='ocrx_word' id='word_1_3' title='bbox 829 144 946 184; x_wconf 79' lang='lat' dir='ltr'><strong>CAP.</strong></span> <span class='ocrx_word' id='word_1_4' title='bbox 977 146 1028 184; x_wconf 86' lang='lat'><strong>11.</strong></span> <span class='ocrx_word' id='word_1_5' title='bbox 1418 144 1499 186; x_wconf 64' lang='lat'><strong>287</strong></span> 
     </span>
    </p>
   </div>
   <div class='ocr_carea' id='block_1_2' title="bbox 60 253 1504 1190">
    <p class='ocr_par' dir='ltr' id='par_1_2' title="bbox 60 253 1504 1190">
     <span class='ocr_line' id='line_1_2' title="bbox 62 253 1500 306; baseline -0.002 -11"><span class='ocrx_word' id='word_1_6' title='bbox 62 256 237 295; x_wconf 80' lang='lat' dir='ltr'><strong>Addebat</strong></span> <span class='ocrx_word' id='word_1_7' title='bbox 264 253 349 294; x_wconf 90' lang='lat' dir='ltr'><strong>illud</strong></span> <span class='ocrx_word' id='word_1_8' title='bbox 380 268 542 306; x_wconf 87' lang='lat' dir='ltr'><strong>quoque,</strong></span> <span class='ocrx_word' id='word_1_9' title='bbox 576 254 744 293; x_wconf 88' lang='lat' dir='ltr'><strong>naturale</strong></span> <span class='ocrx_word' id='word_1_10' title='bbox 774 268 876 302; x_wconf 84' lang='lat' dir='ltr'><strong>csse,</strong></span> <span class='ocrx_word' id='word_1_11' title='bbox 909 263 949 293; x_wconf 91' lang='lat' dir='ltr'><strong>ut</strong></span> <span class='ocrx_word' id='word_1_12' title='bbox 978 254 1024 293; x_wconf 87' lang='lat' dir='ltr'><strong>de</strong></span> <span class='ocrx_word' id='word_1_13' title='bbox 1055 254 1161 293; x_wconf 91' lang='lat' dir='ltr'><strong>nobis</strong></span> <span class='ocrx_word' id='word_1_14' title='bbox 1190 254 1383 306; x_wconf 86' lang='lat' dir='ltr'><strong>loquentes</strong></span> <span class='ocrx_word' id='word_1_15' title='bbox 1411 268 1500 293; x_wconf 89' lang='lat' dir='ltr'><strong>nos-</strong></span> 
     </span>
     <span class='ocr_line' id='line_1_3' title="bbox 63 309 1500 364; baseline -0.002 -14"><span class='ocrx_word' id='word_1_16' title='bbox 63 325 133 364; x_wconf 97' lang='lat' dir='ltr'><strong>que</strong></span> <span class='ocrx_word' id='word_1_17' title='bbox 169 314 270 363; x_wconf 85' lang='lat' dir='ltr'><strong>ipsos</strong></span> <span class='ocrx_word' id='word_1_18' title='bbox 299 309 500 348; x_wconf 81' lang='lat' dir='ltr'><strong>ostendere</strong></span> <span class='ocrx_word' id='word_1_19' title='bbox 530 311 699 348; x_wconf 80' lang='lat' dir='ltr'><strong>volentes</strong></span> <span class='ocrx_word' id='word_1_20' title='bbox 735 310 888 359; x_wconf 78' lang='lat' dir='ltr'>digitum</span> <span class='ocrx_word' id='word_1_21' title='bbox 927 309 1089 348; x_wconf 83' lang='lat' dir='ltr'><strong>indicem</strong></span> <span class='ocrx_word' id='word_1_22' title='bbox 1119 309 1166 348; x_wconf 86' lang='lat' dir='ltr'><strong>ad</strong></span> <span class='ocrx_word' id='word_1_23' title='bbox 1195 317 1326 361; x_wconf 86' lang='lat' dir='ltr'><strong>pectus</strong></span> <span class='ocrx_word' id='word_1_24' title='bbox 1355 310 1500 348; x_wconf 82' lang='lat' dir='ltr'><strong>refera-</strong></span> 
     </span>
     <span class='ocr_line' id='line_1_4' title="bbox 63 363 1499 417; baseline -0.002 -12"><span class='ocrx_word' id='word_1_25' title='bbox 63 381 165 413; x_wconf 89' lang='lat' dir='ltr'><strong>mus,</strong></span> <span class='ocrx_word' id='word_1_26' title='bbox 204 380 274 404; x_wconf 92' lang='lat' dir='ltr'><strong>non</strong></span> <span class='ocrx_word' id='word_1_27' title='bbox 304 365 351 402; x_wconf 87' lang='lat' dir='ltr'><strong>ad</strong></span> <span class='ocrx_word' id='word_1_28' title='bbox 379 372 513 417; x_wconf 86' lang='lat' dir='ltr'><strong>caput:</strong></span> <span class='ocrx_word' id='word_1_29' title='bbox 557 379 603 403; x_wconf 83' lang='lat' dir='ltr'><strong>cx</strong></span> <span class='ocrx_word' id='word_1_30' title='bbox 629 379 699 416; x_wconf 91' lang='lat' dir='ltr'><strong>quo</strong></span> <span class='ocrx_word' id='word_1_31' title='bbox 729 366 848 411; x_wconf 80' lang='lat' dir='ltr'><strong>ellici,</strong></span> <span class='ocrx_word' id='word_1_32' title='bbox 891 373 931 402; x_wconf 86' lang='lat' dir='ltr'><strong>ut</strong></span> <span class='ocrx_word' id='word_1_33' title='bbox 960 373 1089 403; x_wconf 85' lang='lat' dir='ltr'><strong>natura</strong></span> <span class='ocrx_word' id='word_1_34' title='bbox 1122 367 1203 416; x_wconf 88' lang='lat' dir='ltr'><strong>ipsa</strong></span> <span class='ocrx_word' id='word_1_35' title='bbox 1232 363 1499 416; x_wconf 87' lang='lat' dir='ltr'><strong>quodammodo</strong></span> 
     </span>
     <span class='ocr_line' id='line_1_5' title="bbox 63 419 1500 472; baseline -0.002 -12"><span class='ocrx_word' id='word_1_36' title='bbox 63 422 199 460; x_wconf 89' lang='lat' dir='ltr'><strong>docere</strong></span> <span class='ocrx_word' id='word_1_37' title='bbox 229 419 418 466; x_wconf 88' lang='lat' dir='ltr'><strong>videatur,</strong></span> <span class='ocrx_word' id='word_1_38' title='bbox 460 422 681 472; x_wconf 78' lang='lat' dir='ltr'>praecipuae</span> <span class='ocrx_word' id='word_1_39' title='bbox 714 420 829 471; x_wconf 90' lang='lat' dir='ltr'><strong>partis</strong></span> <span class='ocrx_word' id='word_1_40' title='bbox 857 427 895 457; x_wconf 92' lang='lat' dir='ltr'><strong>et</strong></span> <span class='ocrx_word' id='word_1_41' title='bbox 927 421 1029 466; x_wconf 88' lang='lat' dir='ltr'><strong>eius,</strong></span> <span class='ocrx_word' id='word_1_42' title='bbox 1071 434 1165 472; x_wconf 86' lang='lat' dir='ltr'><strong>quae</strong></span> <span class='ocrx_word' id='word_1_43' title='bbox 1194 421 1378 458; x_wconf 88' lang='lat' dir='ltr'><strong>hominem</strong></span> <span class='ocrx_word' id='word_1_44' title='bbox 1409 433 1500 458; x_wconf 90' lang='lat' dir='ltr'><strong>con-</strong></span> 
     </span>
     <span class='ocr_line' id='line_1_6' title="bbox 64 473 1498 526; baseline 0 -12"><span class='ocrx_word' id='word_1_45' title='bbox 64 478 205 522; x_wconf 85' lang='lat' dir='ltr'><strong>stituit,</strong></span> <span class='ocrx_word' id='word_1_46' title='bbox 246 489 316 513; x_wconf 88' lang='lat' dir='ltr'><strong>non</strong></span> <span class='ocrx_word' id='word_1_47' title='bbox 349 476 384 512; x_wconf 90' lang='lat' dir='ltr'><strong>in</strong></span> <span class='ocrx_word' id='word_1_48' title='bbox 414 476 557 526; x_wconf 84' lang='lat' dir='ltr'><strong>eapite,</strong></span> <span class='ocrx_word' id='word_1_49' title='bbox 599 475 667 514; x_wconf 90' lang='lat' dir='ltr'><strong>sed</strong></span> <span class='ocrx_word' id='word_1_50' title='bbox 696 477 733 513; x_wconf 90' lang='lat' dir='ltr'><strong>in</strong></span> <span class='ocrx_word' id='word_1_51' title='bbox 766 473 881 513; x_wconf 89' lang='lat' dir='ltr'><strong>eorde</strong></span> <span class='ocrx_word' id='word_1_52' title='bbox 912 474 1038 512; x_wconf 90' lang='lat' dir='ltr'><strong>sedem</strong></span> <span class='ocrx_word' id='word_1_53' title='bbox 1067 488 1112 513; x_wconf 86' lang='lat' dir='ltr'><strong>ac</strong></span> <span class='ocrx_word' id='word_1_54' title='bbox 1142 475 1367 513; x_wconf 87' lang='lat' dir='ltr'><strong>domicilium</strong></span> <span class='ocrx_word' id='word_1_55' title='bbox 1398 488 1498 515; x_wconf 83' lang='lat' dir='ltr'><strong>esse.</strong></span> 
     </span>
     <span class='ocr_line' id='line_1_7' title="bbox 62 530 1500 583; baseline 0 -14"><span class='ocrx_word' id='word_1_56' title='bbox 62 532 244 579; x_wconf 80' lang='lat' dir='ltr'><strong>Quoniam</strong></span> <span class='ocrx_word' id='word_1_57' title='bbox 281 536 401 568; x_wconf 88' lang='lat' dir='ltr'><strong>autem</strong></span> <span class='ocrx_word' id='word_1_58' title='bbox 433 530 582 568; x_wconf 89' lang='lat' dir='ltr'><strong>videbat</strong></span> <span class='ocrx_word' id='word_1_59' title='bbox 611 530 870 583; x_wconf 84' lang='lat' dir='ltr'>Chrysippus,</span> <span class='ocrx_word' id='word_1_60' title='bbox 914 536 1119 580; x_wconf 77' lang='lat' dir='ltr'><strong>promptam</strong></span> <span class='ocrx_word' id='word_1_61' title='bbox 1147 544 1191 568; x_wconf 89' lang='lat' dir='ltr'><strong>ac</strong></span> <span class='ocrx_word' id='word_1_62' title='bbox 1221 537 1383 581; x_wconf 89' lang='lat' dir='ltr'><strong>paratam</strong></span> <span class='ocrx_word' id='word_1_63' title='bbox 1413 543 1500 569; x_wconf 85' lang='lat' dir='ltr'><strong>esse</strong></span> 
     </span>
     <span class='ocr_line' id='line_1_8' title="bbox 61 584 1501 637; baseline -0.002 -11"><span class='ocrx_word' id='word_1_64' title='bbox 61 586 234 626; x_wconf 73' lang='grc' dir='ltr'><em>ἔνστασιν</em></span> <span class='ocrx_word' id='word_1_65' title='bbox 261 584 442 623; x_wconf 85' lang='lat' dir='ltr'><strong>adversus</strong></span> <span class='ocrx_word' id='word_1_66' title='bbox 470 585 559 624; x_wconf 90' lang='lat' dir='ltr'><strong>illud</strong></span> <span class='ocrx_word' id='word_1_67' title='bbox 587 586 689 637; x_wconf 90' lang='lat' dir='ltr'><strong>prius</strong></span> <span class='ocrx_word' id='word_1_68' title='bbox 719 592 976 635; x_wconf 79' lang='lat' dir='ltr'>argumentum</span> <span class='ocrx_word' id='word_1_69' title='bbox 1005 598 1051 622; x_wconf 82' lang='lat' dir='ltr'><strong>ex</strong></span> <span class='ocrx_word' id='word_1_70' title='bbox 1078 598 1170 623; x_wconf 84' lang='lat' dir='ltr'><strong>voce</strong></span> <span class='ocrx_word' id='word_1_71' title='bbox 1198 584 1365 635; x_wconf 80' lang='grc' dir='ltr'><strong>ἐκεῖνος,</strong></span> <span class='ocrx_word' id='word_1_72' title='bbox 1394 587 1501 624; x_wconf 85' lang='lat' dir='ltr'><strong>cuius</strong></span> 
     </span>
     <span class='ocr_line' id='line_1_9' title="bbox 61 636 1501 693; baseline 0 -14"><span class='ocrx_word' id='word_1_73' title='bbox 61 640 158 679; x_wconf 90' lang='lat' dir='ltr'><strong>idem</strong></span> <span class='ocrx_word' id='word_1_74' title='bbox 190 647 291 678; x_wconf 91' lang='lat' dir='ltr'><strong>essct</strong></span> <span class='ocrx_word' id='word_1_75' title='bbox 316 641 561 692; x_wconf 86' lang='lat' dir='ltr'><strong>principium,</strong></span> <span class='ocrx_word' id='word_1_76' title='bbox 592 640 689 692; x_wconf 89' lang='lat' dir='ltr'><strong>quod</strong></span> <span class='ocrx_word' id='word_1_77' title='bbox 718 644 786 691; x_wconf 82' lang='grc' dir='ltr'><strong>τῆς</strong></span> <span class='ocrx_word' id='word_1_78' title='bbox 814 636 909 693; x_wconf 73' lang='grc' dir='ltr'><strong>ἐγώι</strong></span> <span class='ocrx_word' id='word_1_79' title='bbox 945 640 1159 678; x_wconf 86' lang='lat' dir='ltr'><strong>subiecerat</strong></span> <span class='ocrx_word' id='word_1_80' title='bbox 1186 641 1377 692; x_wconf 75' lang='lat' dir='ltr'>pulchram</span> <span class='ocrx_word' id='word_1_81' title='bbox 1408 654 1501 680; x_wconf 89' lang='lat' dir='ltr'><strong>sane</strong></span> 
     </span>
     <span class='ocr_line' id='line_1_10' title="bbox 60 695 1502 749; baseline 0 -15"><span class='ocrx_word' id='word_1_82' title='bbox 60 703 99 734; x_wconf 91' lang='lat' dir='ltr'><strong>et</strong></span> <span class='ocrx_word' id='word_1_83' title='bbox 127 697 357 746; x_wconf 83' lang='lat' dir='ltr'><strong>ingeniosam</strong></span> <span class='ocrx_word' id='word_1_84' title='bbox 387 695 683 735; x_wconf 63' lang='lat' dir='ltr'><strong>dissolutionem.</strong></span> <span class='ocrx_word' id='word_1_85' title='bbox 731 696 865 746; x_wconf 80' lang='lat' dir='ltr'><strong>Neque</strong></span> <span class='ocrx_word' id='word_1_86' title='bbox 896 696 992 734; x_wconf 88' lang='lat' dir='ltr'><strong>enim</strong></span> <span class='ocrx_word' id='word_1_87' title='bbox 1024 703 1163 734; x_wconf 86' lang='lat' dir='ltr'><strong>tantum</strong></span> <span class='ocrx_word' id='word_1_88' title='bbox 1196 696 1360 746; x_wconf 89' lang='lat' dir='ltr'><strong>priorem</strong></span> <span class='ocrx_word' id='word_1_89' title='bbox 1389 697 1502 749; x_wconf 82' lang='lat' dir='ltr'><strong>sylla-</strong></span> 
     </span>
     <span class='ocr_line' id='line_1_11' title="bbox 60 752 1501 803; baseline 0 -13"><span class='ocrx_word' id='word_1_90' title='bbox 60 752 142 790; x_wconf 91' lang='lat' dir='ltr'><strong>bam</strong></span> <span class='ocrx_word' id='word_1_91' title='bbox 187 752 290 789; x_wconf 89' lang='lat' dir='ltr'><strong>vocis</strong></span> <span class='ocrx_word' id='word_1_92' title='bbox 331 752 413 801; x_wconf 80' lang='lat' dir='ltr'><strong>Ego</strong></span> <span class='ocrx_word' id='word_1_93' title='bbox 452 753 500 789; x_wconf 82' lang='lat' dir='ltr'><strong>ita</strong></span> <span class='ocrx_word' id='word_1_94' title='bbox 540 753 806 790; x_wconf 80' lang='lat' dir='ltr'><strong>conformatam</strong></span> <span class='ocrx_word' id='word_1_95' title='bbox 841 763 953 797; x_wconf 88' lang='lat' dir='ltr'><strong>esse,</strong></span> <span class='ocrx_word' id='word_1_96' title='bbox 1006 758 1045 789; x_wconf 85' lang='lat' dir='ltr'><strong>ut</strong></span> <span class='ocrx_word' id='word_1_97' title='bbox 1083 764 1162 790; x_wconf 88' lang='lat' dir='ltr'><strong>eam</strong></span> <span class='ocrx_word' id='word_1_98' title='bbox 1211 752 1272 802; x_wconf 86' lang='lat' dir='ltr'><strong>qui</strong></span> <span class='ocrx_word' id='word_1_99' title='bbox 1313 753 1501 803; x_wconf 84' lang='lat' dir='ltr'><strong>proferret</strong></span> 
     </span>
     <span class='ocr_line' id='line_1_12' title="bbox 60 805 1499 858; baseline 0.001 -14"><span class='ocrx_word' id='word_1_100' title='bbox 60 814 150 845; x_wconf 91' lang='lat' dir='ltr'><strong>nutu</strong></span> <span class='ocrx_word' id='word_1_101' title='bbox 179 820 236 854; x_wconf 92' lang='grc'><strong>56,</strong></span> <span class='ocrx_word' id='word_1_102' title='bbox 269 805 303 844; x_wconf 90' lang='lat' dir='ltr'><strong>id</strong></span> <span class='ocrx_word' id='word_1_103' title='bbox 334 814 407 853; x_wconf 86' lang='lat' dir='ltr'><strong>est,</strong></span> <span class='ocrx_word' id='word_1_104' title='bbox 436 816 563 858; x_wconf 84' lang='lat' dir='ltr'><strong>pectus</strong></span> <span class='ocrx_word' id='word_1_105' title='bbox 594 821 717 853; x_wconf 89' lang='lat' dir='ltr'><strong>suum,</strong></span> <span class='ocrx_word' id='word_1_106' title='bbox 742 806 982 845; x_wconf 73' lang='lat' dir='ltr'><strong>ostenderett</strong></span> <span class='ocrx_word' id='word_1_107' title='bbox 1014 819 1141 846; x_wconf 87' lang='lat' dir='ltr'><strong>verum</strong></span> <span class='ocrx_word' id='word_1_108' title='bbox 1173 813 1212 845; x_wconf 88' lang='lat' dir='ltr'><strong>et</strong></span> <span class='ocrx_word' id='word_1_109' title='bbox 1235 807 1499 857; x_wconf 86' lang='lat' dir='ltr'><strong>posteriorem,</strong></span> 
     </span>
     <span class='ocr_line' id='line_1_13' title="bbox 60 862 1503 914; baseline 0.001 -14"><span class='ocrx_word' id='word_1_110' title='bbox 60 862 98 901; x_wconf 92' lang='lat' dir='ltr'><strong>id</strong></span> <span class='ocrx_word' id='word_1_111' title='bbox 128 869 187 899; x_wconf 89' lang='lat' dir='ltr'><strong>est</strong></span> <span class='ocrx_word' id='word_1_112' title='bbox 227 862 406 914; x_wconf 79' lang='lat' dir='ltr'><strong>syllabam</strong></span> <span class='ocrx_word' id='word_1_113' title='bbox 434 876 509 914; x_wconf 78' lang='lat' dir='ltr'><strong>go,</strong></span> <span class='ocrx_word' id='word_1_114' title='bbox 552 863 642 900; x_wconf 89' lang='lat' dir='ltr'><strong>nihil</strong></span> <span class='ocrx_word' id='word_1_115' title='bbox 679 862 841 910; x_wconf 81' lang='lat' dir='ltr'><strong>habere,</strong></span> <span class='ocrx_word' id='word_1_116' title='bbox 881 869 922 899; x_wconf 89' lang='lat' dir='ltr'><strong>ut</strong></span> <span class='ocrx_word' id='word_1_117' title='bbox 957 863 1038 913; x_wconf 86' lang='lat' dir='ltr'><strong>ipsc</strong></span> <span class='ocrx_word' id='word_1_118' title='bbox 1073 862 1313 913; x_wconf 74' lang='lat' dir='ltr'><strong>loquebatur,</strong></span> <span class='ocrx_word' id='word_1_119' title='bbox 1354 870 1503 914; x_wconf 86' lang='lat' dir='ltr'><strong>aposte-</strong></span> 
     </span>
     <span class='ocr_line' id='line_1_14' title="bbox 61 917 1499 969; baseline -0.001 -13"><span class='ocrx_word' id='word_1_120' title='bbox 61 918 242 963; x_wconf 85' lang='lat' dir='ltr'><strong>maticon,</strong></span> <span class='ocrx_word' id='word_1_121' title='bbox 282 917 317 954; x_wconf 92' lang='lat' dir='ltr'><strong>id</strong></span> <span class='ocrx_word' id='word_1_122' title='bbox 350 926 428 963; x_wconf 87' lang='lat' dir='ltr'><strong>est,</strong></span> <span class='ocrx_word' id='word_1_123' title='bbox 471 932 542 969; x_wconf 90' lang='lat' dir='ltr'><strong>quo</strong></span> <span class='ocrx_word' id='word_1_124' title='bbox 581 917 775 969; x_wconf 79' lang='lat' dir='ltr'><strong>quidquam</strong></span> <span class='ocrx_word' id='word_1_125' title='bbox 806 924 910 955; x_wconf 84' lang='lat' dir='ltr'><strong>extra</strong></span> <span class='ocrx_word' id='word_1_126' title='bbox 950 931 1018 955; x_wconf 93' lang='lat' dir='ltr'><strong>nos</strong></span> <span class='ocrx_word' id='word_1_127' title='bbox 1053 919 1211 969; x_wconf 89' lang='lat' dir='ltr'><strong>positum</strong></span> <span class='ocrx_word' id='word_1_128' title='bbox 1251 917 1499 956; x_wconf 84' lang='lat' dir='ltr'><strong>indicaretur.</strong></span> 
     </span>
     <span class='ocr_line' id='line_1_15' title="bbox 60 971 1503 1025; baseline 0 -14"><span class='ocrx_word' id='word_1_129' title='bbox 60 972 114 1011; x_wconf 89' lang='lat' dir='ltr'><strong>At</strong></span> <span class='ocrx_word' id='word_1_130' title='bbox 141 985 270 1011; x_wconf 89' lang='lat' dir='ltr'><strong>vocem</strong></span> <span class='ocrx_word' id='word_1_131' title='bbox 298 971 442 1019; x_wconf 81' lang='grc' dir='ltr'><strong>ἐκεῖνος</strong></span> <span class='ocrx_word' id='word_1_132' title='bbox 476 974 645 1024; x_wconf 88' lang='lat' dir='ltr'><strong>incipere</strong></span> <span class='ocrx_word' id='word_1_133' title='bbox 675 972 823 1023; x_wconf 90' lang='lat' dir='ltr'><strong>quidem</strong></span> <span class='ocrx_word' id='word_1_134' title='bbox 851 972 898 1010; x_wconf 90' lang='lat' dir='ltr'><strong>ab</strong></span> <span class='ocrx_word' id='word_1_135' title='bbox 929 972 1059 1011; x_wconf 89' lang='lat' dir='ltr'><strong>eadem</strong></span> <span class='ocrx_word' id='word_1_136' title='bbox 1092 972 1259 1025; x_wconf 83' lang='lat' dir='ltr'><strong>syllaba3</strong></span> <span class='ocrx_word' id='word_1_137' title='bbox 1301 973 1366 1011; x_wconf 89' lang='lat' dir='ltr'><strong>sed</strong></span> <span class='ocrx_word' id='word_1_138' title='bbox 1396 973 1503 1024; x_wconf 86' lang='lat' dir='ltr'><strong>sequi</strong></span> 
     </span>
     <span class='ocr_line' id='line_1_16' title="bbox 63 1027 1503 1080; baseline 0 -14"><span class='ocrx_word' id='word_1_139' title='bbox 63 1029 182 1066; x_wconf 90' lang='lat' dir='ltr'><strong>statim</strong></span> <span class='ocrx_word' id='word_1_140' title='bbox 212 1027 389 1079; x_wconf 83' lang='lat' dir='ltr'><strong>syllabam</strong></span> <span class='ocrx_word' id='word_1_141' title='bbox 419 1032 501 1068; x_wconf 71' lang='grc' dir='ltr'><strong>κεῐε</strong></span> <span class='ocrx_word' id='word_1_142' title='bbox 542 1030 578 1066; x_wconf 94' lang='lat' dir='ltr'><strong>in</strong></span> <span class='ocrx_word' id='word_1_143' title='bbox 607 1042 677 1080; x_wconf 89' lang='lat' dir='ltr'><strong>qua</strong></span> <span class='ocrx_word' id='word_1_144' title='bbox 708 1029 852 1066; x_wconf 89' lang='lat' dir='ltr'><strong>inesset</strong></span> <span class='ocrx_word' id='word_1_145' title='bbox 879 1029 935 1066; x_wconf 86' lang='lat' dir='ltr'><strong>vis</strong></span> <span class='ocrx_word' id='word_1_146' title='bbox 965 1027 1142 1080; x_wconf 85' lang='lat' dir='ltr'><strong>quaedam</strong></span> <span class='ocrx_word' id='word_1_147' title='bbox 1173 1027 1408 1078; x_wconf 82' lang='lat' dir='ltr'><strong>significandi</strong></span> <span class='ocrx_word' id='word_1_148' title='bbox 1434 1029 1503 1066; x_wconf 87' lang='lat' dir='ltr'><strong>ali-</strong></span> 
     </span>
     <span class='ocr_line' id='line_1_17' title="bbox 62 1082 1504 1135; baseline 0 -14"><span class='ocrx_word' id='word_1_149' title='bbox 62 1082 149 1135; x_wconf 90' lang='lat' dir='ltr'><strong>quid</strong></span> <span class='ocrx_word' id='word_1_150' title='bbox 175 1096 196 1120; x_wconf 92' lang='lat' dir='ltr'><strong>a</strong></span> <span class='ocrx_word' id='word_1_151' title='bbox 221 1083 327 1120; x_wconf 87' lang='lat' dir='ltr'><strong>nobis</strong></span> <span class='ocrx_word' id='word_1_152' title='bbox 358 1084 564 1121; x_wconf 88' lang='lat' dir='ltr'><strong>seiunctum</strong></span> <span class='ocrx_word' id='word_1_153' title='bbox 595 1097 639 1122; x_wconf 87' lang='lat' dir='ltr'><strong>ac</strong></span> <span class='ocrx_word' id='word_1_154' title='bbox 662 1092 886 1134; x_wconf 84' lang='lat' dir='ltr'><strong>separatum.</strong></span> <span class='ocrx_word' id='word_1_155' title='bbox 939 1084 1048 1122; x_wconf 86' lang='lat' dir='ltr'><strong>Haec</strong></span> <span class='ocrx_word' id='word_1_156' title='bbox 1077 1091 1151 1122; x_wconf 86' lang='lat' dir='ltr'><strong>tam</strong></span> <span class='ocrx_word' id='word_1_157' title='bbox 1178 1083 1374 1133; x_wconf 82' lang='lat' dir='ltr'><strong>ingeniose</strong></span> <span class='ocrx_word' id='word_1_158' title='bbox 1403 1084 1504 1121; x_wconf 80' lang='lat' dir='ltr'><strong>fatua</strong></span> 
     </span>
     <span class='ocr_line' id='line_1_18' title="bbox 60 1137 1504 1190; baseline -0.001 -14"><span class='ocrx_word' id='word_1_159' title='bbox 60 1139 123 1176; x_wconf 88' lang='lat' dir='ltr'><strong>vix</strong></span> <span class='ocrx_word' id='word_1_160' title='bbox 151 1152 172 1175; x_wconf 86' lang='lat' dir='ltr'><strong>a</strong></span> <span class='ocrx_word' id='word_1_161' title='bbox 204 1139 356 1175; x_wconf 82' lang='lat' dir='ltr'><strong>summis</strong></span> <span class='ocrx_word' id='word_1_162' title='bbox 397 1140 487 1176; x_wconf 86' lang='lat' dir='ltr'><strong>viris</strong></span> <span class='ocrx_word' id='word_1_163' title='bbox 526 1138 626 1176; x_wconf 86' lang='lat' dir='ltr'><strong>dieta</strong></span> <span class='ocrx_word' id='word_1_164' title='bbox 662 1138 930 1185; x_wconf 89' lang='lat' dir='ltr'><strong>crederemus,</strong></span> <span class='ocrx_word' id='word_1_165' title='bbox 971 1140 1044 1177; x_wconf 88' lang='lat' dir='ltr'><strong>nisi</strong></span> <span class='ocrx_word' id='word_1_166' title='bbox 1081 1153 1128 1177; x_wconf 87' lang='lat' dir='ltr'><strong>ex</strong></span> <span class='ocrx_word' id='word_1_167' title='bbox 1160 1137 1337 1177; x_wconf 86' lang='lat' dir='ltr'><strong>Varrone</strong></span> <span class='ocrx_word' id='word_1_168' title='bbox 1356 1138 1407 1190; x_wconf 46' lang='grc' dir='ltr'><strong>ἴε)</strong></span> <span class='ocrx_word' id='word_1_169' title='bbox 1447 1137 1504 1175; x_wconf 86' lang='grc' dir='ltr'><strong>(Ιί-</strong></span> 
     </span>
    </p>
   </div>
   <div class='ocr_carea' id='block_1_3' title="bbox 61 1192 1501 1285">
    <p class='ocr_par' dir='ltr' id='par_1_3' title="bbox 61 1192 1501 1285">
     <span class='ocr_line' id='line_1_19' title="bbox 61 1192 1501 1285; baseline -0.001 -54"><span class='ocrx_word' id='word_1_170' title='bbox 61 1192 298 1238; x_wconf 87' lang='lat' dir='ltr'><strong>dicisscmus,</strong></span> <span class='ocrx_word' id='word_1_171' title='bbox 331 1193 421 1232; x_wconf 88' lang='lat' dir='ltr'><strong>nihil</strong></span> <span class='ocrx_word' id='word_1_172' title='bbox 445 1207 465 1231; x_wconf 93' lang='lat' dir='ltr'><strong>a</strong></span> <span class='ocrx_word' id='word_1_173' title='bbox 489 1194 1202 1285; x_wconf 50' lang='lat' dir='ltr'><strong>RUOSIUQ„AEQQQ{9¹¹¹⁰5³P³„P058‘J</strong></span> <span class='ocrx_word' id='word_1_174' title='bbox 1232 1200 1304 1232; x_wconf 85' lang='lat' dir='ltr'><strong>tam</strong></span> <span class='ocrx_word' id='word_1_175' title='bbox 1335 1194 1501 1240; x_wconf 91' lang='lat' dir='ltr'><strong>stultum,</strong></span> 
     </span>
    </p>
   </div>
   <div class='ocr_carea' id='block_1_4' title="bbox 949 1244 1562 1288">
    <p class='ocr_par' dir='ltr' id='par_1_4' title="bbox 949 1244 1562 1288">
     <span class='ocr_line' id='line_1_20' title="bbox 949 1244 1562 1288; baseline 0.005 -35"><span class='ocrx_word' id='word_1_176' title='bbox 949 1244 1068 1257; x_wconf 43' lang='lat' dir='ltr'><strong>uvae-uffan*</strong></span> <span class='ocrx_word' id='word_1_177' title='bbox 1084 1246 1090 1250; x_wconf 87' lang='lat'><em>-</em></span> <span class='ocrx_word' id='word_1_178' title='bbox 1103 1247 1113 1251; x_wconf 59' lang='lat' dir='ltr'><strong>*v</strong></span> <span class='ocrx_word' id='word_1_179' title='bbox 1220 1252 1245 1288; x_wconf 49' lang='lat' dir='ltr'><strong>‘J</strong></span> <span class='ocrx_word' id='word_1_180' title='bbox 1280 1246 1296 1251; x_wconf 48' lang='lat' dir='ltr'><strong>v«</strong></span> <span class='ocrx_word' id='word_1_181' title='bbox 1315 1245 1345 1254; x_wconf 69' lang='lat' dir='ltr'><strong>--vx</strong></span> <span class='ocrx_word' id='word_1_182' title='bbox 1352 1246 1505 1259; x_wconf 37' lang='lat' dir='ltr'><strong>wm-v-aess--fm</strong></span> <span class='ocrx_word' id='word_1_183' title='bbox 1557 1251 1562 1256; x_wconf 55' lang='grc' dir='ltr'><em>ι</em></span> 
     </span>
    </p>
   </div>
   <div class='ocr_carea' id='block_1_5' title="bbox 60 1243 1183 1308">
    <p class='ocr_par' dir='ltr' id='par_1_5' title="bbox 60 1243 1333 1308">
     <span class='ocr_line' id='line_1_21' title="bbox 60 1243 1183 1308; baseline -0.002 -22"><span class='ocrx_word' id='word_1_184' title='bbox 60 1247 159 1304; x_wconf 63' lang='lat' dir='ltr'><strong>quod</strong></span> <span class='ocrx_word' id='word_1_185' title='bbox 187 1261 260 1286; x_wconf 87' lang='lat' dir='ltr'><strong>non</strong></span> <span class='ocrx_word' id='word_1_186' title='bbox 288 1247 422 1300; x_wconf 80' lang='lat' dir='ltr'><strong>aliquis</strong></span> <span class='ocrx_word' id='word_1_187' title='bbox 511 1245 762 1308; x_wconf 36' lang='lat' dir='ltr'><strong>iffiPPllflme</strong></span> <span class='ocrx_word' id='word_1_188' title='bbox 793 1243 1076 1307; x_wconf 53' lang='lat' dir='ltr'><strong>⁵?El9.,.3„1!⁸⁰r¹t·</strong></span> <span class='ocrx_word' id='word_1_189' title='bbox 1116 1253 1183 1294; x_wconf 34' lang='lat' dir='ltr'><strong>„Aa</strong></span> 
     </span>
    </p>
   </div>
   <div class='ocr_carea' id='block_1_6' title="bbox 431 1304 463 1311">
    <p class='ocr_par' dir='ltr' id='par_1_6' title="bbox 431 1304 463 1311">
     <span class='ocr_line' id='line_1_22' title="bbox 431 1304 463 1311; baseline 0 0"><span class='ocrx_word' id='word_1_190' title='bbox 431 1304 463 1311; x_wconf 50' lang='lat' dir='ltr'><strong>u«-</strong></span> 
     </span>
    </p>
   </div>
   <div class='ocr_carea' id='block_1_7' title="bbox 1073 1275 1452 1339">
    <p class='ocr_par' dir='ltr' id='par_1_7' title="bbox 1073 1275 1452 1339">
     <span class='ocr_line' id='line_1_23' title="bbox 1394 1275 1452 1288; baseline 0 -8"><span class='ocrx_word' id='word_1_191' title='bbox 1394 1275 1399 1280; x_wconf 86' lang='lat'><em>.</em></span> <span class='ocrx_word' id='word_1_192' title='bbox 1424 1278 1452 1288; x_wconf 27' lang='lat' dir='ltr'><strong>A,</strong></span> 
     </span>
     <span class='ocr_line' id='line_1_24' title="bbox 1163 1294 1417 1322; baseline -0.008 0"><span class='ocrx_word' id='word_1_193' title='bbox 1163 1311 1188 1322; x_wconf 57' lang='lat'><strong>.&lt;:</strong></span> <span class='ocrx_word' id='word_1_194' title='bbox 1399 1294 1417 1320; x_wconf 63' lang='grc' dir='ltr'><strong>ζ’</strong></span> 
     </span>
     <span class='ocr_line' id='line_1_25' title="bbox 1073 1321 1194 1339; baseline -0.017 -8"><span class='ocrx_word' id='word_1_195' title='bbox 1073 1328 1103 1339; x_wconf 52' lang='lat' dir='ltr'><strong>m</strong></span> <span class='ocrx_word' id='word_1_196' title='bbox 1124 1322 1130 1331; x_wconf 61' lang='grc' dir='ltr'><strong>ι.</strong></span> <span class='ocrx_word' id='word_1_197' title='bbox 1148 1326 1161 1338; x_wconf 41' lang='lat' dir='ltr'><strong>q</strong></span> <span class='ocrx_word' id='word_1_198' title='bbox 1175 1321 1194 1333; x_wconf 58' lang='lat'><strong>„2</strong></span> 
     </span>
    </p>
   </div>
   <div class='ocr_carea' id='block_1_8' title="bbox 577 1357 976 1398">
    <p class='ocr_par' dir='ltr' id='par_1_8' title="bbox 577 1357 976 1398">
     <span class='ocr_line' id='line_1_26' title="bbox 577 1357 976 1398; baseline 0.003 -3"><span class='ocrx_word' id='word_1_199' title='bbox 577 1357 862 1398; x_wconf 91' lang='lat' dir='ltr'><strong>CAPUT</strong></span> <span class='ocrx_word' id='word_1_200' title='bbox 918 1358 976 1396; x_wconf 88' lang='lat'><strong>11.</strong></span> 
     </span>
    </p>
   </div>
   <div class='ocr_carea' id='block_1_9' title="bbox 308 1435 1256 1485">
    <p class='ocr_par' dir='ltr' id='par_1_9' title="bbox 308 1435 1256 1485">
     <span class='ocr_line' id='line_1_27' title="bbox 308 1435 1256 1485; baseline 0.001 -13"><span class='ocrx_word' id='word_1_201' title='bbox 308 1436 466 1485; x_wconf 66' lang='lat' dir='ltr'><strong>Virgilii</strong></span> <span class='ocrx_word' id='word_1_202' title='bbox 490 1436 593 1474; x_wconf 81' lang='lat' dir='ltr'><strong>locus</strong></span> <span class='ocrx_word' id='word_1_203' title='bbox 621 1449 642 1474; x_wconf 87' lang='lat' dir='ltr'><strong>e</strong></span> <span class='ocrx_word' id='word_1_204' title='bbox 669 1443 779 1475; x_wconf 65' lang='lat' dir='ltr'><strong>seatio</strong></span> <span class='ocrx_word' id='word_1_205' title='bbox 807 1436 998 1475; x_wconf 77' lang='lat' dir='ltr'><strong>Aeneidos</strong></span> <span class='ocrx_word' id='word_1_206' title='bbox 1025 1435 1256 1474; x_wconf 77' lang='lat' dir='ltr'><strong>illustratus.</strong></span> 
     </span>
    </p>
   </div>
   <div class='ocr_carea' id='block_1_10' title="bbox 64 1501 1506 1917">
    <p class='ocr_par' dir='ltr' id='par_1_10' title="bbox 64 1501 1506 1686">
     <span class='ocr_line' id='line_1_28' title="bbox 64 1501 1506 1575; baseline -0.001 -14"><span class='ocrx_word' id='word_1_207' title='bbox 64 1501 190 1567; x_wconf 71' lang='lat' dir='ltr'><strong>QUID</strong></span> <span class='ocrx_word' id='word_1_208' title='bbox 220 1529 292 1568; x_wconf 82' lang='lat' dir='ltr'><strong>est,</strong></span> <span class='ocrx_word' id='word_1_209' title='bbox 320 1521 417 1572; x_wconf 89' lang='lat' dir='ltr'><strong>quod</strong></span> <span class='ocrx_word' id='word_1_210' title='bbox 446 1521 664 1561; x_wconf 83' lang='lat' dir='ltr'><strong>doctiSsimo</strong></span> <span class='ocrx_word' id='word_1_211' title='bbox 689 1526 877 1575; x_wconf 67' lang='lat' dir='ltr'><strong>poetarum</strong></span> <span class='ocrx_word' id='word_1_212' title='bbox 898 1523 1068 1568; x_wconf 82' lang='lat' dir='ltr'><strong>Maroni,</strong></span> <span class='ocrx_word' id='word_1_213' title='bbox 1097 1523 1158 1574; x_wconf 89' lang='lat' dir='ltr'><strong>qui</strong></span> <span class='ocrx_word' id='word_1_214' title='bbox 1188 1523 1348 1560; x_wconf 82' lang='lat' dir='ltr'><strong>infantes</strong></span> <span class='ocrx_word' id='word_1_215' title='bbox 1372 1522 1506 1559; x_wconf 90' lang='lat' dir='ltr'><strong>mortui</strong></span> 
     </span>
     <span class='ocr_line' id='line_1_29' title="bbox 64 1577 1506 1628; baseline -0.001 -12"><span class='ocrx_word' id='word_1_216' title='bbox 64 1586 174 1624; x_wconf 86' lang='lat' dir='ltr'><strong>sunt,</strong></span> <span class='ocrx_word' id='word_1_217' title='bbox 213 1590 278 1615; x_wconf 89' lang='lat' dir='ltr'><strong>eos</strong></span> <span class='ocrx_word' id='word_1_218' title='bbox 317 1577 398 1614; x_wconf 85' lang='lat' dir='ltr'><strong>dies</strong></span> <span class='ocrx_word' id='word_1_219' title='bbox 437 1578 517 1628; x_wconf 88' lang='lat' dir='ltr'><strong>ipsa</strong></span> <span class='ocrx_word' id='word_1_220' title='bbox 557 1577 755 1616; x_wconf 81' lang='lat' dir='ltr'><strong>abstulisse</strong></span> <span class='ocrx_word' id='word_1_221' title='bbox 791 1578 958 1617; x_wconf 79' lang='lat' dir='ltr'><strong>dicitur?</strong></span> <span class='ocrx_word' id='word_1_222' title='bbox 1012 1577 1104 1616; x_wconf 88' lang='lat' dir='ltr'><strong>Noti</strong></span> <span class='ocrx_word' id='word_1_223' title='bbox 1132 1579 1231 1616; x_wconf 91' lang='lat' dir='ltr'><strong>enim</strong></span> <span class='ocrx_word' id='word_1_224' title='bbox 1259 1584 1345 1616; x_wconf 90' lang='lat' dir='ltr'><strong>sunt</strong></span> <span class='ocrx_word' id='word_1_225' title='bbox 1372 1590 1506 1616; x_wconf 86' lang='lat' dir='ltr'><strong>versus</strong></span> 
     </span>
     <span class='ocr_line' id='line_1_30' title="bbox 64 1631 771 1686; baseline -0.001 -14"><span class='ocrx_word' id='word_1_226' title='bbox 64 1634 117 1672; x_wconf 84' lang='lat' dir='ltr'><strong>illi</strong></span> <span class='ocrx_word' id='word_1_227' title='bbox 144 1646 165 1672; x_wconf 87' lang='grc'><strong>6</strong></span> <span class='ocrx_word' id='word_1_228' title='bbox 195 1639 301 1671; x_wconf 82' lang='lat' dir='ltr'><strong>sexto</strong></span> <span class='ocrx_word' id='word_1_229' title='bbox 330 1631 443 1669; x_wconf 82' lang='lat' dir='ltr'><strong>divini</strong></span> <span class='ocrx_word' id='word_1_230' title='bbox 477 1634 655 1683; x_wconf 68' lang='lat' dir='ltr'><strong>poematis</strong></span> <span class='ocrx_word' id='word_1_231' title='bbox 673 1631 771 1686; x_wconf 40' lang='lat'><strong>*2¹33</strong></span> 
     </span>
    </p>

    <p class='ocr_par' dir='ltr' id='par_1_11' title="bbox 230 1692 1178 1750">
     <span class='ocr_line' id='line_1_31' title="bbox 230 1692 1178 1750; baseline 0 -14"><span class='ocrx_word' id='word_1_232' title='bbox 230 1692 597 1736; x_wconf 56' lang='lat' dir='ltr'><strong>Coaeztzbzzzffamlnae</strong></span> <span class='ocrx_word' id='word_1_233' title='bbox 624 1713 754 1746; x_wconf 77' lang='lat' dir='ltr'><strong>voees,</strong></span> <span class='ocrx_word' id='word_1_234' title='bbox 784 1701 936 1750; x_wconf 70' lang='lat' dir='ltr'><strong>vog‘z‘lus</strong></span> <span class='ocrx_word' id='word_1_235' title='bbox 964 1705 1004 1738; x_wconf 85' lang='lat' dir='ltr'><strong>et</strong></span> <span class='ocrx_word' id='word_1_236' title='bbox 1030 1700 1178 1750; x_wconf 74' lang='lat' dir='ltr'><strong>ingens,</strong></span> 
     </span>
    </p>

    <p class='ocr_par' dir='ltr' id='par_1_12' title="bbox 227 1752 1212 1807">
     <span class='ocr_line' id='line_1_32' title="bbox 227 1752 1212 1807; baseline 0.001 -17"><span class='ocrx_word' id='word_1_237' title='bbox 227 1752 668 1804; x_wconf 51' lang='lat' dir='ltr'><strong>Itqfa7zlumque“animae</strong></span> <span class='ocrx_word' id='word_1_238' title='bbox 683 1756 828 1807; x_wconf 71' lang='lat' dir='ltr'><strong>ficales</strong></span> <span class='ocrx_word' id='word_1_239' title='bbox 857 1757 893 1793; x_wconf 74' lang='grc' dir='ltr'><strong>ι’[ι</strong></span> <span class='ocrx_word' id='word_1_240' title='bbox 925 1756 1048 1793; x_wconf 72' lang='lat' dir='ltr'><strong>limine</strong></span> <span class='ocrx_word' id='word_1_241' title='bbox 1071 1756 1212 1806; x_wconf 79' lang='lat' dir='ltr'><strong>primo,</strong></span> 
     </span>
    </p>

    <p class='ocr_par' dir='ltr' id='par_1_13' title="bbox 231 1808 1257 1860">
     <span class='ocr_line' id='line_1_33' title="bbox 231 1808 1257 1860; baseline 0.002 -16"><span class='ocrx_word' id='word_1_242' title='bbox 231 1810 331 1857; x_wconf 73' lang='lat' dir='ltr'><strong>Quos</strong></span> <span class='ocrx_word' id='word_1_243' title='bbox 360 1808 479 1845; x_wconf 74' lang='lat' dir='ltr'><strong>duleis</strong></span> <span class='ocrx_word' id='word_1_244' title='bbox 508 1810 607 1846; x_wconf 77' lang='lat' dir='ltr'><strong>vitae</strong></span> <span class='ocrx_word' id='word_1_245' title='bbox 619 1812 809 1847; x_wconf 46' lang='lat' dir='ltr'><strong>‘ea-sortes</strong></span> <span class='ocrx_word' id='word_1_246' title='bbox 838 1817 876 1848; x_wconf 83' lang='lat' dir='ltr'><strong>ct</strong></span> <span class='ocrx_word' id='word_1_247' title='bbox 903 1810 950 1847; x_wconf 81' lang='lat' dir='ltr'><strong>ab</strong></span> <span class='ocrx_word' id='word_1_248' title='bbox 981 1810 1096 1848; x_wconf 70' lang='lat' dir='ltr'><strong>ubere</strong></span> <span class='ocrx_word' id='word_1_249' title='bbox 1125 1815 1257 1860; x_wconf 80' lang='lat' dir='ltr'><strong>raptos</strong></span> 
     </span>
    </p>

    <p class='ocr_par' dir='ltr' id='par_1_14' title="bbox 228 1863 1200 1917">
     <span class='ocr_line' id='line_1_34' title="bbox 228 1863 1200 1917; baseline 0.001 -16"><span class='ocrx_word' id='word_1_250' title='bbox 228 1863 402 1901; x_wconf 69' lang='lat' dir='ltr'><strong>Abstulit</strong></span> <span class='ocrx_word' id='word_1_251' title='bbox 429 1869 517 1900; x_wconf 74' lang='lat' dir='ltr'><strong>alm</strong></span> <span class='ocrx_word' id='word_1_252' title='bbox 546 1865 625 1902; x_wconf 70' lang='lat' dir='ltr'><strong>dies</strong></span> <span class='ocrx_word' id='word_1_253' title='bbox 654 1872 693 1903; x_wconf 80' lang='lat' dir='ltr'><strong>ec</strong></span> <span class='ocrx_word' id='word_1_254' title='bbox 706 1865 852 1917; x_wconf 66' lang='lat' dir='ltr'><strong>sumre</strong></span> <span class='ocrx_word' id='word_1_255' title='bbox 880 1866 1013 1903; x_wconf 78' lang='lat' dir='ltr'><strong>mersit</strong></span> <span class='ocrx_word' id='word_1_256' title='bbox 1039 1865 1200 1903; x_wconf 80' lang='lat' dir='ltr'><strong>acerbo.-</strong></span> 
     </span>
    </p>
   </div>
   <div class='ocr_carea' id='block_1_11' title="bbox 67 1932 1512 2537">
    <p class='ocr_par' dir='ltr' id='par_1_15' title="bbox 67 1932 1512 2537">
     <span class='ocr_line' id='line_1_35' title="bbox 68 1932 1508 1986; baseline -0.002 -14"><span class='ocrx_word' id='word_1_257' title='bbox 68 1940 106 1972; x_wconf 88' lang='lat' dir='ltr'><strong>et</strong></span> <span class='ocrx_word' id='word_1_258' title='bbox 145 1933 340 1980; x_wconf 80' lang='lat' dir='ltr'><strong>existimo,</strong></span> <span class='ocrx_word' id='word_1_259' title='bbox 381 1946 465 1971; x_wconf 88' lang='lat' dir='ltr'><strong>eum</strong></span> <span class='ocrx_word' id='word_1_260' title='bbox 503 1932 549 1972; x_wconf 88' lang='lat' dir='ltr'><strong>ad</strong></span> <span class='ocrx_word' id='word_1_261' title='bbox 585 1935 891 1974; x_wconf 82' lang='lat' dir='ltr'><strong>consuetudinem</strong></span> <span class='ocrx_word' id='word_1_262' title='bbox 932 1943 971 1974; x_wconf 91' lang='lat' dir='ltr'><strong>et</strong></span> <span class='ocrx_word' id='word_1_263' title='bbox 1011 1934 1055 1974; x_wconf 90' lang='lat' dir='ltr'><strong>ad</strong></span> <span class='ocrx_word' id='word_1_264' title='bbox 1093 1935 1304 1986; x_wconf 89' lang='lat' dir='ltr'><strong>opinionem</strong></span> <span class='ocrx_word' id='word_1_265' title='bbox 1338 1939 1508 1971; x_wconf 87' lang='lat' dir='ltr'><strong>veterum</strong></span> 
     </span>
     <span class='ocr_line' id='line_1_36' title="bbox 68 1987 1506 2041; baseline -0.001 -14"><span class='ocrx_word' id='word_1_266' title='bbox 68 1989 306 2039; x_wconf 80' lang='lat' dir='ltr'><strong>respexisse:</strong></span> <span class='ocrx_word' id='word_1_267' title='bbox 354 1988 451 2039; x_wconf 89' lang='lat' dir='ltr'><strong>apud</strong></span> <span class='ocrx_word' id='word_1_268' title='bbox 490 2003 581 2040; x_wconf 90' lang='lat' dir='ltr'><strong>quos</strong></span> <span class='ocrx_word' id='word_1_269' title='bbox 618 1993 679 2041; x_wconf 88' lang='lat' dir='ltr'><strong>qui</strong></span> <span class='ocrx_word' id='word_1_270' title='bbox 719 1993 872 2030; x_wconf 87' lang='lat' dir='ltr'><strong>iuvenes</strong></span> <span class='ocrx_word' id='word_1_271' title='bbox 911 1993 1166 2036; x_wconf 79' lang='lat' dir='ltr'><strong>immaturam,</strong></span> <span class='ocrx_word' id='word_1_272' title='bbox 1213 1997 1252 2027; x_wconf 90' lang='lat' dir='ltr'><strong>ut</strong></span> <span class='ocrx_word' id='word_1_273' title='bbox 1295 1987 1506 2033; x_wconf 90' lang='lat' dir='ltr'><strong>videbatur,</strong></span> 
     </span>
     <span class='ocr_line' id='line_1_37' title="bbox 68 2043 1508 2095; baseline -0.001 -14"><span class='ocrx_word' id='word_1_274' title='bbox 68 2050 224 2081; x_wconf 90' lang='lat' dir='ltr'><strong>mortem</strong></span> <span class='ocrx_word' id='word_1_275' title='bbox 256 2043 449 2095; x_wconf 87' lang='lat' dir='ltr'><strong>obierant,</strong></span> <span class='ocrx_word' id='word_1_276' title='bbox 496 2045 712 2084; x_wconf 86' lang='lat' dir='ltr'><strong>albescente</strong></span> <span class='ocrx_word' id='word_1_277' title='bbox 746 2048 851 2084; x_wconf 88' lang='lat' dir='ltr'><strong>caclo</strong></span> <span class='ocrx_word' id='word_1_278' title='bbox 889 2054 975 2084; x_wconf 88' lang='lat' dir='ltr'><strong>ante</strong></span> <span class='ocrx_word' id='word_1_279' title='bbox 1014 2047 1103 2083; x_wconf 89' lang='lat' dir='ltr'><strong>solis</strong></span> <span class='ocrx_word' id='word_1_280' title='bbox 1141 2051 1310 2084; x_wconf 89' lang='lat' dir='ltr'><strong>exortum</strong></span> <span class='ocrx_word' id='word_1_281' title='bbox 1361 2058 1382 2081; x_wconf 89' lang='lat' dir='ltr'><strong>a</strong></span> <span class='ocrx_word' id='word_1_282' title='bbox 1421 2056 1508 2095; x_wconf 89' lang='lat' dir='ltr'><strong>pro-</strong></span> 
     </span>
     <span class='ocr_line' id='line_1_38' title="bbox 67 2099 1508 2153; baseline 0.001 -18"><span class='ocrx_word' id='word_1_283' title='bbox 67 2099 215 2149; x_wconf 83' lang='lat' dir='ltr'><strong>pinquis</strong></span> <span class='ocrx_word' id='word_1_284' title='bbox 246 2099 371 2137; x_wconf 85' lang='lat' dir='ltr'><strong>efferri</strong></span> <span class='ocrx_word' id='word_1_285' title='bbox 401 2099 590 2137; x_wconf 87' lang='lat' dir='ltr'><strong>solebant:</strong></span> <span class='ocrx_word' id='word_1_286' title='bbox 626 2101 721 2152; x_wconf 91' lang='lat' dir='ltr'><strong>quod</strong></span> <span class='ocrx_word' id='word_1_287' title='bbox 750 2103 856 2140; x_wconf 85' lang='lat' dir='ltr'><strong>nefas</strong></span> <span class='ocrx_word' id='word_1_288' title='bbox 887 2103 1145 2153; x_wconf 85' lang='lat' dir='ltr'><strong>opinarentur,</strong></span> <span class='ocrx_word' id='word_1_289' title='bbox 1185 2101 1279 2138; x_wconf 86' lang='lat' dir='ltr'><strong>tanti</strong></span> <span class='ocrx_word' id='word_1_290' title='bbox 1306 2099 1390 2137; x_wconf 91' lang='lat' dir='ltr'><strong>mali</strong></span> <span class='ocrx_word' id='word_1_291' title='bbox 1426 2106 1508 2136; x_wconf 91' lang='lat' dir='ltr'><strong>tan-</strong></span> 
     </span>
     <span class='ocr_line' id='line_1_39' title="bbox 67 2154 1506 2207; baseline 0.001 -16"><span class='ocrx_word' id='word_1_292' title='bbox 67 2160 202 2204; x_wconf 86' lang='lat' dir='ltr'><strong>taeque</strong></span> <span class='ocrx_word' id='word_1_293' title='bbox 244 2154 463 2191; x_wconf 86' lang='lat' dir='ltr'><strong>calamitatis</strong></span> <span class='ocrx_word' id='word_1_294' title='bbox 502 2163 750 2207; x_wconf 80' lang='lat' dir='ltr'><strong>spectatorem</strong></span> <span class='ocrx_word' id='word_1_295' title='bbox 790 2170 834 2195; x_wconf 90' lang='lat' dir='ltr'><strong>ac</strong></span> <span class='ocrx_word' id='word_1_296' title='bbox 875 2164 1009 2196; x_wconf 84' lang='lat' dir='ltr'><strong>testem</strong></span> <span class='ocrx_word' id='word_1_297' title='bbox 1045 2169 1132 2194; x_wconf 87' lang='lat' dir='ltr'><strong>esse</strong></span> <span class='ocrx_word' id='word_1_298' title='bbox 1171 2155 1314 2194; x_wconf 88' lang='lat' dir='ltr'><strong>Solem.</strong></span> <span class='ocrx_word' id='word_1_299' title='bbox 1381 2154 1506 2204; x_wconf 90' lang='lat' dir='ltr'><strong>Atque</strong></span> 
     </span>
     <span class='ocr_line' id='line_1_40' title="bbox 69 2207 1505 2263; baseline 0 -17"><span class='ocrx_word' id='word_1_300' title='bbox 69 2221 150 2246; x_wconf 89' lang='lat' dir='ltr'><strong>eam</strong></span> <span class='ocrx_word' id='word_1_301' title='bbox 178 2208 225 2246; x_wconf 94' lang='lat' dir='ltr'><strong>ob</strong></span> <span class='ocrx_word' id='word_1_302' title='bbox 246 2222 414 2247; x_wconf 85' lang='lat' dir='ltr'><strong>caussam</strong></span> <span class='ocrx_word' id='word_1_303' title='bbox 442 2208 523 2247; x_wconf 90' lang='lat' dir='ltr'><strong>dies</strong></span> <span class='ocrx_word' id='word_1_304' title='bbox 552 2211 632 2261; x_wconf 90' lang='lat' dir='ltr'><strong>ipsa</strong></span> <span class='ocrx_word' id='word_1_305' title='bbox 657 2225 721 2250; x_wconf 87' lang='lat' dir='ltr'><strong>eos</strong></span> <span class='ocrx_word' id='word_1_306' title='bbox 744 2214 894 2250; x_wconf 79' lang='lat' dir='ltr'><strong>auferre</strong></span> <span class='ocrx_word' id='word_1_307' title='bbox 922 2225 965 2250; x_wconf 88' lang='lat' dir='ltr'><strong>ac</strong></span> <span class='ocrx_word' id='word_1_308' title='bbox 987 2224 1120 2263; x_wconf 88' lang='lat' dir='ltr'><strong>rapere</strong></span> <span class='ocrx_word' id='word_1_309' title='bbox 1146 2209 1363 2249; x_wconf 79' lang='lat' dir='ltr'><strong>dleebatur:</strong></span> <span class='ocrx_word' id='word_1_310' title='bbox 1391 2207 1505 2260; x_wconf 92' lang='lat' dir='ltr'><strong>quod,</strong></span> 
     </span>
     <span class='ocr_line' id='line_1_41' title="bbox 70 2263 1506 2318; baseline 0.001 -17"><span class='ocrx_word' id='word_1_311' title='bbox 70 2271 109 2301; x_wconf 92' lang='lat' dir='ltr'><strong>ut</strong></span> <span class='ocrx_word' id='word_1_312' title='bbox 139 2264 291 2314; x_wconf 87' lang='lat' dir='ltr'><strong>primum</strong></span> <span class='ocrx_word' id='word_1_313' title='bbox 318 2263 398 2301; x_wconf 87' lang='lat' dir='ltr'><strong>dies</strong></span> <span class='ocrx_word' id='word_1_314' title='bbox 429 2278 610 2316; x_wconf 83' lang='lat' dir='ltr'><strong>apparere</strong></span> <span class='ocrx_word' id='word_1_315' title='bbox 640 2275 831 2318; x_wconf 83' lang='lat' dir='ltr'><strong>coeperat,</strong></span> <span class='ocrx_word' id='word_1_316' title='bbox 863 2268 1143 2305; x_wconf 83' lang='lat' dir='ltr'><strong>auferebantur.</strong></span> <span class='ocrx_word' id='word_1_317' title='bbox 1194 2266 1279 2314; x_wconf 82' lang='lat' dir='ltr'><strong>Qua</strong></span> <span class='ocrx_word' id='word_1_318' title='bbox 1309 2265 1355 2303; x_wconf 89' lang='lat' dir='ltr'><strong>de</strong></span> <span class='ocrx_word' id='word_1_319' title='bbox 1384 2277 1426 2303; x_wconf 88' lang='lat' dir='ltr'><strong>re</strong></span> <span class='ocrx_word' id='word_1_320' title='bbox 1456 2265 1506 2302; x_wconf 88' lang='lat' dir='ltr'><strong>ita</strong></span> 
     </span>
     <span class='ocr_line' id='line_1_42' title="bbox 70 2316 1509 2375; baseline 0.001 -19"><span class='ocrx_word' id='word_1_321' title='bbox 70 2316 424 2370; x_wconf 58' lang='lat' dir='ltr'><strong>Eustatl1ius***):</strong></span> <span class='ocrx_word' id='word_1_322' title='bbox 467 2319 563 2369; x_wconf 80' lang='grc' dir='ltr'><em>φασὶ</em></span> <span class='ocrx_word' id='word_1_323' title='bbox 589 2318 660 2375; x_wconf 74' lang='grc' dir='ltr'><strong>γὰρ</strong></span> <span class='ocrx_word' id='word_1_324' title='bbox 697 2321 754 2362; x_wconf 85' lang='grc' dir='ltr'><strong><em>’ὅτι</em></strong></span> <span class='ocrx_word' id='word_1_325' title='bbox 785 2319 874 2370; x_wconf 78' lang='grc' dir='ltr'><strong><em>τοὺς</em></strong></span> <span class='ocrx_word' id='word_1_326' title='bbox 903 2319 1101 2369; x_wconf 81' lang='grc' dir='ltr'><strong><em>τοιούτους</em></strong></span> <span class='ocrx_word' id='word_1_327' title='bbox 1131 2319 1244 2367; x_wconf 79' lang='grc' dir='ltr'><strong><em>νέους</em></strong></span> <span class='ocrx_word' id='word_1_328' title='bbox 1279 2317 1358 2371; x_wconf 70' lang='grc' dir='ltr'><strong>’ἅμα</strong></span> <span class='ocrx_word' id='word_1_329' title='bbox 1385 2316 1509 2374; x_wconf 70' lang='grc' dir='ltr'><em>ἡμέρᾳ</em></span> 
     </span>
     <span class='ocr_line' id='line_1_43' title="bbox 72 2371 1511 2430; baseline -0.004 -10"><span class='ocrx_word' id='word_1_330' title='bbox 72 2371 254 2420; x_wconf 69' lang='grc' dir='ltr'><em>ἓξωσῖθυν</em></span> <span class='ocrx_word' id='word_1_331' title='bbox 279 2376 383 2427; x_wconf 72' lang='grc' dir='ltr'><strong>ταφῇ</strong></span> <span class='ocrx_word' id='word_1_332' title='bbox 410 2372 450 2412; x_wconf 82' lang='grc' dir='ltr'><strong>οἷ</strong></span> <span class='ocrx_word' id='word_1_333' title='bbox 471 2373 734 2427; x_wconf 80' lang='grc' dir='ltr'><strong>προςήκοντες,</strong></span> <span class='ocrx_word' id='word_1_334' title='bbox 764 2375 817 2426; x_wconf 76' lang='grc' dir='ltr'><strong>ὥς</strong></span> <span class='ocrx_word' id='word_1_335' title='bbox 847 2375 899 2430; x_wconf 83' lang='grc' dir='ltr'><strong>μὴ</strong></span> <span class='ocrx_word' id='word_1_336' title='bbox 929 2375 1086 2418; x_wconf 74' lang='grc' dir='ltr'><strong>ἀνεκτὸν</strong></span> <span class='ocrx_word' id='word_1_337' title='bbox 1115 2374 1162 2416; x_wconf 81' lang='grc' dir='ltr'><strong>ὂν</strong></span> <span class='ocrx_word' id='word_1_338' title='bbox 1186 2372 1283 2430; x_wconf 70' lang='grc' dir='ltr'><em>ἡλίῳ</em></span> <span class='ocrx_word' id='word_1_339' title='bbox 1310 2378 1511 2426; x_wconf 79' lang='grc' dir='ltr'><strong><em>θεαθῆναι</em></strong></span> 
     </span>
     <span class='ocr_line' id='line_1_44' title="bbox 70 2427 1510 2486; baseline 0.002 -19"><span class='ocrx_word' id='word_1_340' title='bbox 70 2431 244 2469; x_wconf 82' lang='grc' dir='ltr'><strong><em>τοιοῦτον</em></strong></span> <span class='ocrx_word' id='word_1_341' title='bbox 273 2430 405 2468; x_wconf 85' lang='grc' dir='ltr'><em>κακόν.</em></span> <span class='ocrx_word' id='word_1_342' title='bbox 449 2427 509 2469; x_wconf 81' lang='grc' dir='ltr'><strong>διὸ</strong></span> <span class='ocrx_word' id='word_1_343' title='bbox 538 2431 604 2470; x_wconf 77' lang='grc' dir='ltr'><strong>καὶ</strong></span> <span class='ocrx_word' id='word_1_344' title='bbox 630 2432 772 2486; x_wconf 78' lang='grc' dir='ltr'><strong><em>ἐλέγετο</em></strong></span> <span class='ocrx_word' id='word_1_345' title='bbox 812 2430 992 2486; x_wconf 71' lang='grc' dir='ltr'><em>ἁρπάζειν</em></span> <span class='ocrx_word' id='word_1_346' title='bbox 1022 2428 1163 2478; x_wconf 74' lang='grc' dir='ltr'><strong><em>αὐτοὺς</em></strong></span> <span class='ocrx_word' id='word_1_347' title='bbox 1198 2428 1226 2483; x_wconf 76' lang='grc' dir='ltr'><em>ἡ</em></span> <span class='ocrx_word' id='word_1_348' title='bbox 1252 2428 1386 2483; x_wconf 69' lang='grc' dir='ltr'><strong><em>ἡμέρα.</em></strong></span> <span class='ocrx_word' id='word_1_349' title='bbox 1443 2430 1510 2468; x_wconf 73' lang='lat' dir='ltr'><strong>SIC</strong></span> 
     </span>
     <span class='ocr_line' id='line_1_45' title="bbox 72 2484 1512 2537; baseline 0.001 -16"><span class='ocrx_word' id='word_1_350' title='bbox 72 2490 216 2535; x_wconf 88' lang='lat' dir='ltr'><strong>raptum</strong></span> <span class='ocrx_word' id='word_1_351' title='bbox 250 2484 295 2522; x_wconf 86' lang='lat' dir='ltr'><strong>ab</strong></span> <span class='ocrx_word' id='word_1_352' title='bbox 334 2497 492 2532; x_wconf 85' lang='lat' dir='ltr'><strong>aurora,</strong></span> <span class='ocrx_word' id='word_1_353' title='bbox 528 2499 621 2537; x_wconf 85' lang='lat' dir='ltr'><strong>quae</strong></span> <span class='ocrx_word' id='word_1_354' title='bbox 657 2488 786 2527; x_wconf 89' lang='lat' dir='ltr'><strong>eadem</strong></span> <span class='ocrx_word' id='word_1_355' title='bbox 816 2497 854 2528; x_wconf 92' lang='lat' dir='ltr'><strong>et</strong></span> <span class='ocrx_word' id='word_1_356' title='bbox 894 2488 974 2526; x_wconf 88' lang='lat' dir='ltr'><strong>dies</strong></span> <span class='ocrx_word' id='word_1_357' title='bbox 1005 2495 1084 2535; x_wconf 90' lang='lat' dir='ltr'><strong>est,</strong></span> <span class='ocrx_word' id='word_1_358' title='bbox 1126 2487 1305 2525; x_wconf 87' lang='lat' dir='ltr'><strong>Orionem</strong></span> <span class='ocrx_word' id='word_1_359' title='bbox 1343 2485 1512 2524; x_wconf 85' lang='lat' dir='ltr'><strong>fabulan-</strong></span> 
     </span>
    </p>
   </div>
   <div class='ocr_carea' id='block_1_12' title="bbox 145 2589 1094 2670">
    <p class='ocr_par' dir='ltr' id='par_1_16' title="bbox 145 2589 1094 2670">
     <span class='ocr_line' id='line_1_46' title="bbox 145 2589 1094 2632; baseline 0.006 -12"><span class='ocrx_word' id='word_1_360' title='bbox 145 2589 190 2626; x_wconf 59' lang='lat' dir='ltr'><strong>fk)</strong></span> <span class='ocrx_word' id='word_1_361' title='bbox 210 2591 435 2621; x_wconf 80' lang='lat' dir='ltr'><strong>Eumenidibus</strong></span> <span class='ocrx_word' id='word_1_362' title='bbox 455 2600 507 2628; x_wconf 80' lang='lat' dir='ltr'><strong>an.</strong></span> <span class='ocrx_word' id='word_1_363' title='bbox 526 2595 605 2623; x_wconf 90' lang='lat' dir='ltr'><strong>Non.</strong></span> <span class='ocrx_word' id='word_1_364' title='bbox 626 2596 650 2624; x_wconf 91' lang='lat'><strong>1.</strong></span> <span class='ocrx_word' id='word_1_365' title='bbox 671 2597 742 2625; x_wconf 78' lang='lat'><strong>275.</strong></span> <span class='ocrx_word' id='word_1_366' title='bbox 762 2604 834 2632; x_wconf 55' lang='lat' dir='ltr'><strong>paiz.</strong></span> <span class='ocrx_word' id='word_1_367' title='bbox 853 2598 904 2627; x_wconf 84' lang='lat'><strong>56.</strong></span> <span class='ocrx_word' id='word_1_368' title='bbox 926 2597 975 2626; x_wconf 83' lang='lat' dir='ltr'><strong>ed.</strong></span> <span class='ocrx_word' id='word_1_369' title='bbox 995 2599 1094 2626; x_wconf 83' lang='lat' dir='ltr'><strong>Mero.</strong></span> 
     </span>
     <span class='ocr_line' id='line_1_47' title="bbox 288 2631 1056 2670; baseline 0.007 -13"><span class='ocrx_word' id='word_1_370' title='bbox 288 2631 450 2658; x_wconf 77' lang='lat' dir='ltr'><strong>Postremo</strong></span> <span class='ocrx_word' id='word_1_371' title='bbox 469 2638 556 2659; x_wconf 85' lang='lat' dir='ltr'><strong>nemo</strong></span> <span class='ocrx_word' id='word_1_372' title='bbox 577 2635 720 2668; x_wconf 71' lang='lat' dir='ltr'><strong>aeyrotus</strong></span> <span class='ocrx_word' id='word_1_373' title='bbox 741 2637 904 2670; x_wconf 77' lang='lat' dir='ltr'><strong>quidquam</strong></span> <span class='ocrx_word' id='word_1_374' title='bbox 923 2636 1056 2664; x_wconf 71' lang='lat' dir='ltr'><strong>somniat</strong></span> 
     </span>
    </p>
   </div>
   <div class='ocr_carea' id='block_1_13' title="bbox 72 2667 1206 2745">
    <p class='ocr_par' dir='ltr' id='par_1_17' title="bbox 72 2667 1206 2745">
     <span class='ocr_line' id='line_1_48' title="bbox 170 2667 1206 2709; baseline 0.007 -15"><span class='ocrx_word' id='word_1_375' title='bbox 170 2702 177 2709; x_wconf 93' lang='lat'><em>.</em></span> <span class='ocrx_word' id='word_1_376' title='bbox 292 2668 367 2695; x_wconf 82' lang='lat' dir='ltr'><strong>Tam</strong></span> <span class='ocrx_word' id='word_1_377' title='bbox 385 2667 566 2703; x_wconf 75' lang='lat' dir='ltr'><strong>infandum,</strong></span> <span class='ocrx_word' id='word_1_378' title='bbox 587 2672 669 2705; x_wconf 82' lang='lat' dir='ltr'><strong>quod</strong></span> <span class='ocrx_word' id='word_1_379' title='bbox 687 2679 749 2700; x_wconf 80' lang='lat' dir='ltr'><strong>non</strong></span> <span class='ocrx_word' id='word_1_380' title='bbox 768 2674 880 2707; x_wconf 75' lang='lat' dir='ltr'><strong>aliquis</strong></span> <span class='ocrx_word' id='word_1_381' title='bbox 899 2674 981 2702; x_wconf 80' lang='lat' dir='ltr'><strong>dicat</strong></span> <span class='ocrx_word' id='word_1_382' title='bbox 998 2672 1206 2707; x_wconf 75' lang='lat' dir='ltr'><strong>philosophus.</strong></span> 
     </span>
     <span class='ocr_line' id='line_1_49' title="bbox 72 2703 833 2745; baseline 0.011 -13"><span class='ocrx_word' id='word_1_383' title='bbox 72 2703 121 2735; x_wconf 75' lang='lat' dir='ltr'><strong>Cf.</strong></span> <span class='ocrx_word' id='word_1_384' title='bbox 141 2703 206 2733; x_wconf 78' lang='lat' dir='ltr'><strong>Cic.</strong></span> <span class='ocrx_word' id='word_1_385' title='bbox 227 2703 267 2732; x_wconf 84' lang='lat' dir='ltr'><strong>de</strong></span> <span class='ocrx_word' id='word_1_386' title='bbox 286 2704 393 2733; x_wconf 85' lang='lat' dir='ltr'><strong>Divin.</strong></span> <span class='ocrx_word' id='word_1_387' title='bbox 413 2705 468 2734; x_wconf 79' lang='lat' dir='ltr'><strong>lib.</strong></span> <span class='ocrx_word' id='word_1_388' title='bbox 488 2708 527 2735; x_wconf 84' lang='lat'><strong>11.</strong></span> <span class='ocrx_word' id='word_1_389' title='bbox 544 2713 616 2742; x_wconf 79' lang='lat' dir='ltr'><strong>cap.</strong></span> <span class='ocrx_word' id='word_1_390' title='bbox 635 2709 686 2738; x_wconf 80' lang='lat'><strong>58.</strong></span> <span class='ocrx_word' id='word_1_391' title='bbox 707 2711 740 2745; x_wconf 71' lang='lat' dir='ltr'><strong>s.</strong></span> <span class='ocrx_word' id='word_1_392' title='bbox 762 2711 833 2740; x_wconf 82' lang='grc'><strong>119.</strong></span> 
     </span>
    </p>
   </div>
   <div class='ocr_carea' id='block_1_14' title="bbox 146 2750 437 2789">
    <p class='ocr_par' dir='ltr' id='par_1_18' title="bbox 146 2750 437 2789">
     <span class='ocr_line' id='line_1_50' title="bbox 146 2750 437 2789; baseline 0.027 -15"><span class='ocrx_word' id='word_1_393' title='bbox 146 2751 215 2786; x_wconf 63' lang='lat'><strong>*³20</strong></span> <span class='ocrx_word' id='word_1_394' title='bbox 236 2758 266 2780; x_wconf 81' lang='lat' dir='ltr'><strong>v.</strong></span> <span class='ocrx_word' id='word_1_395' title='bbox 287 2750 350 2781; x_wconf 79' lang='lat'><strong>426</strong></span> <span class='ocrx_word' id='word_1_396' title='bbox 369 2760 437 2789; x_wconf 82' lang='lat' dir='ltr'><strong>sqq.</strong></span> 
     </span>
    </p>
   </div>
   <div class='ocr_carea' id='block_1_15' title="bbox 72 2800 1511 2888">
    <p class='ocr_par' dir='ltr' id='par_1_19' title="bbox 72 2800 1511 2888">
     <span class='ocr_line' id='line_1_51' title="bbox 72 2800 1511 2888; baseline 0.005 -53"><span class='ocrx_word' id='word_1_397' title='bbox 72 2803 239 2888; x_wconf 47' lang='grc' dir='ltr'><strong>ἡμέζτῗῢ)</strong></span> <span class='ocrx_word' id='word_1_398' title='bbox 259 2805 300 2835; x_wconf 81' lang='lat' dir='ltr'><strong>ad</strong></span> <span class='ocrx_word' id='word_1_399' title='bbox 321 2806 435 2843; x_wconf 77' lang='lat' dir='ltr'><strong>Odyss.</strong></span> <span class='ocrx_word' id='word_1_400' title='bbox 453 2807 490 2836; x_wconf 78' lang='grc' dir='ltr'><strong>Ε.</strong></span> <span class='ocrx_word' id='word_1_401' title='bbox 511 2807 581 2838; x_wconf 79' lang='grc'><strong>121.</strong></span> <span class='ocrx_word' id='word_1_402' title='bbox 600 2814 673 2844; x_wconf 76' lang='lat' dir='ltr'><strong>pag,</strong></span> <span class='ocrx_word' id='word_1_403' title='bbox 690 2809 779 2840; x_wconf 79' lang='grc'><strong>1527.</strong></span> <span class='ocrx_word' id='word_1_404' title='bbox 818 2812 854 2840; x_wconf 79' lang='lat' dir='ltr'><strong>ln</strong></span> <span class='ocrx_word' id='word_1_405' title='bbox 873 2810 947 2840; x_wconf 74' lang='lat' dir='ltr'><strong>edit.</strong></span> <span class='ocrx_word' id='word_1_406' title='bbox 967 2809 1078 2840; x_wconf 78' lang='lat' dir='ltr'><strong>Womi</strong></span> <span class='ocrx_word' id='word_1_407' title='bbox 1097 2809 1251 2841; x_wconf 81' lang='lat' dir='ltr'><strong>omissum</strong></span> <span class='ocrx_word' id='word_1_408' title='bbox 1271 2812 1320 2842; x_wconf 82' lang='lat' dir='ltr'><strong>est</strong></span> <span class='ocrx_word' id='word_1_409' title='bbox 1338 2800 1418 2850; x_wconf 71' lang='grc' dir='ltr'><strong>ἅμα</strong></span> <span class='ocrx_word' id='word_1_410' title='bbox 1436 2813 1511 2841; x_wconf 81' lang='lat' dir='ltr'><strong>ante</strong></span> 
     </span>
    </p>
   </div>
   <div class='ocr_carea' id='block_1_16' title="bbox 1132 1314 1606 1368">
    <p class='ocr_par' dir='ltr' id='par_1_20' title="bbox 1132 1314 1606 1368">
     <span class='ocr_line' id='line_1_52' title="bbox 1258 1314 1606 1339; baseline -0.006 -6"><span class='ocrx_word' id='word_1_411' title='bbox 1258 1321 1280 1339; x_wconf 54' lang='grc' dir='ltr'><strong>’,ζ</strong></span> <span class='ocrx_word' id='word_1_412' title='bbox 1301 1319 1342 1335; x_wconf 40' lang='lat' dir='ltr'><strong>ts</strong></span> <span class='ocrx_word' id='word_1_413' title='bbox 1421 1328 1427 1336; x_wconf 45' lang='lat' dir='ltr'>L</span> <span class='ocrx_word' id='word_1_414' title='bbox 1486 1320 1503 1339; x_wconf 57' lang='grc' dir='ltr'>ρ</span> <span class='ocrx_word' id='word_1_415' title='bbox 1533 1314 1606 1335; x_wconf 41' lang='lat' dir='ltr'><strong>“aa</strong></span> 
     </span>
     <span class='ocr_line' id='line_1_53' title="bbox 1132 1339 1525 1368; baseline 0.005 -8"><span class='ocrx_word' id='word_1_416' title='bbox 1132 1342 1147 1360; x_wconf 74' lang='lat' dir='ltr'><em>l</em></span> <span class='ocrx_word' id='word_1_417' title='bbox 1248 1351 1260 1367; x_wconf 49' lang='grc' dir='ltr'><strong>ς’</strong></span> <span class='ocrx_word' id='word_1_418' title='bbox 1368 1347 1387 1362; x_wconf 66' lang='lat' dir='ltr'><em>s</em></span> <span class='ocrx_word' id='word_1_419' title='bbox 1494 1339 1525 1368; x_wconf 33' lang='grc' dir='ltr'><strong>,τ’</strong></span> 
     </span>
    </p>
   </div>
   <div class='ocr_carea' id='block_1_17' title="bbox 1533 2163 1597 2194">
    <p class='ocr_par' dir='ltr' id='par_1_21' title="bbox 1533 2163 1597 2194">
     <span class='ocr_line' id='line_1_54' title="bbox 1533 2163 1597 2194; baseline 0.016 -1"><span class='ocrx_word' id='word_1_420' title='bbox 1533 2163 1597 2194; x_wconf 85' lang='grc'><strong>300</strong></span> 
     </span>
    </p>
   </div>
  </div>
 </body>
</html>
