1726 3106
103 1250 164 1281 169

188 133 266 176 160
745 133 873 175 VAR.
905 132 1058 173 LECT.

186 244 307 285 dium:
353 244 419 285 scd
446 244 629 297 asperitas
666 244 721 282 rei
757 244 919 288 tollitur,
959 244 1149 294 mitigatur
1185 242 1329 297 quidem
1368 253 1497 293 certe,
1536 259 1618 286 cum

185 302 326 352 cogitat
363 304 541 353 quisque,
594 313 636 338 se
676 312 820 350 qnoque
861 299 957 336 idem
994 299 1173 337 facturum
1212 301 1353 347 fuisse,
1405 302 1437 339 si
1471 302 1506 339 in
1544 303 1620 341 talo

186 356 386 395 discrimen
425 356 630 394 incidisset.
700 354 840 392 Omnes
880 355 975 392 enim
1017 354 1126 392 facile
1160 356 1381 406 ignoscunt,
1421 370 1502 394 cum
1537 359 1620 408 quis

186 412 271 464 quid
304 413 412 457 fecit,
455 409 550 462 quod
584 411 654 460 ipsi
693 423 836 462 quoque
868 410 1062 448 fecissent.
1122 409 1222 448 Usus
1261 419 1318 449 est
1347 419 1466 449 autem
1511 413 1547 450 in
1578 426 1621 452 re

186 467 331 519 quidem
373 474 409 504 et
439 466 608 503 dissimili
648 473 685 503 et
711 465 874 516 dispari,
918 463 983 502 sed
1015 471 1135 502 tamen
1166 479 1254 503 usus
1284 474 1341 504 est
1374 467 1504 505 eadem
1534 480 1622 506 sen-

185 524 300 562 tentia
336 521 613 559 Demosthenes
647 521 684 558 in
726 522 893 559 oratione
931 519 1108 557 adversus
1137 519 1291 560 Midian]
1309 520 1372 573 *).
1432 523 1483 562 Se
1522 524 1620 562 enim

186 578 276 616 dicit
303 577 537 614 contumeliis
573 576 740 614 affectum
773 590 794 613 a
824 575 943 613 Midia
983 574 1019 611 id
1049 575 1211 622 fecisse,
1254 577 1350 628 quod
1382 590 1527 625 eorum,
1557 580 1620 630 qui

186 633 418 679 iudicabant,
456 633 609 683 quisque
641 632 710 668 sibi
741 631 945 668 faciendum
978 643 1063 667 esse
1090 629 1271 670 duxisset.
1327 629 1429 686 Ἐγὼ
1457 630 1493 672 δ’
1527 631 1622 688 ’ὅπερ

186 686 236 728 ἂν
273 685 382 739 ὑμῶν
419 686 575 733 ἕκαστος
609 683 809 737 ὑβρισθεὶς
842 686 1032 738 προείλετο
1061 686 1220 736 πρᾶξαι,
1263 691 1373 727 τοῦτο
1405 688 1470 727 καὶ
1507 687 1623 738 αὐτὸς

185 744 356 795 ἐποίησα.
415 743 518 781 ldem
554 743 748 779 artilicium
779 741 947 779 adhibuit
975 741 1235 779 subtilissimus
1264 750 1450 781 oratorum
1482 743 1622 797 Lysias

186 801 224 837 in
264 801 457 845 oratione,
509 810 613 848 quam
653 797 803 847 scripsit
839 797 896 842 ei,
942 796 1002 846 qui
1036 796 1323 835 Eratosthenem
1364 799 1545 849 quendam
1584 801 1621 838 iu

185 868 304 892 uxore
346 867 411 891 sua
461 852 731 903 deprehensum
775 849 1070 903 occideratff).
1140 851 1228 890 Non
1270 854 1366 890 enim
1411 862 1539 904 aperte
1576 868 1621 894 ae

187 910 408 960 simpliciter
436 908 542 954 dicit,
575 920 656 944 eum
685 920 704 943 a
730 920 768 944 se
797 907 1048 952 interfectum,
1082 906 1146 944 sed
1177 915 1414 945 consecutum
1440 922 1500 956 ea,
1528 923 1622 961 quae

187 966 333 1015 legibus
374 965 572 1017 constituta
614 968 740 999 esseut
779 963 814 999 in
852 975 941 1007 eos,
990 963 1051 1012 qui
1090 963 1177 999 talia
1222 963 1389 1000 facinora
1428 964 1620 1003 facerent:

188 1019 321 1068 οὕτως,
353 1020 486 1071 inquit,
521 1018 549 1057 ὠ
581 1013 726 1069 ἄνδρες,
758 1016 901 1064 ἐκεῖνος
927 1014 1071 1057 τούτων
1101 1017 1239 1069 ἔτυχεν,
1270 1011 1394 1072 ὦνπερ
1419 1018 1485 1059 καὶ
1510 1017 1624 1072 νόμοι

187 1073 382 1116 κελεύουσι
409 1071 498 1121 τοὺς
525 1070 572 1113 τὰ
597 1075 755 1112 τοιαῦτα
781 1069 1022 1126 πράττοντας.

653 1237 939 1276 CAPUT
994 1238 1164 1278 XXIV.

389 1331 582 1370 Illustralz'
609 1330 821 1380 I'z'rgz'lz'am'
843 1341 973 1366 versus
1002 1342 1022 1366 e
1052 1335 1188 1380 quarto
1217 1329 1423 1370 Aeneidos.

189 1422 408 1481 Fcnonssm
435 1440 552 1486 illum,
584 1451 655 1489 quo
686 1445 858 1489 correpta
888 1445 946 1476 est
971 1437 1086 1484 Dido,
1120 1452 1200 1476 rum
1232 1446 1446 1489 cognosset,
1477 1448 1623 1491 captum

189 1500 262 1536 iam
288 1509 372 1534 esse
389 1496 542 1533 Aeneae
572 1493 731 1531 abeundi
759 1493 966 1539 consilium,
1002 1501 1041 1530 ut
1070 1495 1186 1543 magis
1209 1495 1437 1544 exprimeret
1464 1497 1624 1546 optimus

189 1556 404 1604 po'e'tarum,
437 1550 665 1600 comparavit
695 1562 773 1586 eam
808 1562 888 1586 cum
920 1547 1084 1593 duobus,
1118 1549 1178 1598 qui
1212 1561 1324 1599 saepe
1354 1550 1390 1586 in
1420 1551 1623 1601 tragoediis

189 1610 357 1646 furentes
395 1604 693 1650 inducebantur,
741 1603 912 1641 Pentheo
953 1610 990 1641 et
1029 1602 1181 1641 Oreste.
1251 1604 1343 1642 Noti
1378 1612 1501 1644 autem
1537 1614 1626 1648 sunt

188 1664 287 1701 illius
316 1674 447 1700 versus
464 1658 591 1712 ***):

297 1745 540 1793 Eumenidum
568 1750 687 1788 veluti
712 1749 861 1786 demens
887 1749 989 1787 videt
1013 1750 1167 1799 agmina
1196 1750 1394 1796 Pentheus,

297 1811 349 1847 El
378 1809 489 1846 solem
517 1806 729 1856 geminum,
758 1810 796 1842 et
823 1805 988 1854 duplices
1013 1818 1053 1841 se
1083 1806 1277 1843 ostendere
1312 1805 1479 1844 Thebas.-

297 1867 380 1903 Aut
408 1861 725 1912 Agamemnonius
752 1861 874 1897 scenis
903 1861 1072 1909 agitatus
1104 1862 1266 1906 Orestes,

297 1922 500 1958 Armatam
516 1916 676 1965 facibus
705 1922 861 1952 mairem
891 1921 929 1953 et
954 1915 1189 1966 serpentibus
1218 1916 1315 1953 atrzls

303 1976 392 2012 Cum
408 1973 546 2024 sugit,
578 1972 805 2020 ultricesque
831 1971 967 2008 sedent
997 1971 1034 2007 in
1064 1971 1189 2008 limine
1216 1972 1348 2009 Dirae.

189 2064 249 2103 Ac
287 2063 442 2101 Servius
486 2075 613 2099 eorum
659 2060 910 2110 exemplorum
949 2066 1142 2110 utrumque
1178 2073 1200 2097 a
1236 2060 1402 2098 Pacuvio
1442 2065 1624 2110 sumptum

190 2132 277 2158 esse
316 2118 429 2163 dicit,
477 2118 537 2167 qui
574 2117 757 2153 furentem
798 2114 984 2151 induxerit
1023 2114 1229 2151 Pentheum
1277 2115 1446 2165 idemque
1491 2115 1625 2152 fecerit

191 2176 369 2213 Orestem
400 2171 589 2210 sedentem
618 2172 652 2207 in
682 2170 868 2219 Apollinis
900 2168 1058 2219 templo,
1093 2182 1211 2219 neque
1244 2169 1438 2206 audentem
1469 2168 1622 2219 egredi:

191 2229 285 2281 quod
319 2229 491 2266 comitata
511 2227 617 2264 furiis
643 2225 768 2262 matris
796 2224 922 2260 umbra
948 2224 1059 2260 limen
1086 2225 1210 2274 templi
1238 2224 1439 2262 obsideret.
1490 2224 1624 2275 Neque

191 2298 282 2323 sane
313 2285 448 2321 infitias
478 2283 631 2326 iverim,
675 2280 840 2331 potuisse
873 2278 1073 2328 Virgilium
1105 2279 1174 2316 hoc
1213 2293 1234 2317 a
1263 2279 1426 2317 Pacuvio
1457 2292 1620 2317 sumere.

189 2340 287 2378 Mihi
316 2347 435 2376 tamen
471 2338 597 2375 nescio
629 2349 698 2386 quo
735 2333 842 2371 modo
873 2334 1110 2371 verisimilius
1148 2335 1211 2380 fit,
1254 2335 1424 2372 hausisse
1459 2347 1542 2372 eum
1577 2347 1626 2373 ex

190 2397 280 2444 ipsis
319 2394 507 2439 fontibus,
547 2399 655 2443 atque
697 2403 744 2428 ex
768 2389 957 2440 Aeschylo
995 2390 1115 2439 potius
1157 2397 1195 2427 et
1222 2389 1426 2440 Euripide,
1468 2402 1573 2440 quam
1603 2402 1625 2427 e

190 2451 356 2489 Pacuvio
377 2455 594 2486 ornamenta
621 2447 723 2497 operi
747 2459 813 2483 suo
837 2445 1057 2495 quaesiisse.
1102 2444 1219 2498 ,Apud
1236 2444 1456 2498 Euripidem
1477 2443 1624 2496 quidem

191 2507 230 2544 in
258 2504 418 2544 Bacchis
434 2503 483 2557 †)
515 2504 566 2541 ita
594 2502 755 2553 loquitur
785 2500 1000 2540 Pentheus:

264 2668 307 2704 ἑὲ)
336 2667 448 2697 Statim
474 2665 541 2696 init.
568 2666 752 2694 Bekkerus:
791 2653 882 2705 ὅπερ
911 2652 955 2691 ἂν
979 2656 1054 2691 καὶ
1078 2653 1194 2702 ὑμῶν.

263 2732 332 2768 tw)
352 2738 426 2768 pag.
446 2730 496 2760 29.
515 2731 625 2760 Reisk.
665 2731 850 2759 Bekkerus:
879 2715 1001 2769 ὧνπερ
1027 2724 1061 2759 οἱ
1084 2720 1203 2770 νόμοι.

261 2792 354 2828 {etta-³3)
377 2793 458 2821 Aen.
478 2791 532 2820 lib.
552 2791 604 2822 IV.
626 2798 657 2821 v.
678 2789 740 2820 469
758 2796 826 2825 sqq.

263 2851 308 2890 ἦ)
329 2859 359 2881 v.
379 2851 442 2881 918
460 2858 508 2886 sq.
