1726 3106
120 254 161 284 56

120 2188 161 2218 57

185 134 241 176 52
749 133 871 173 VAR.
905 133 1061 173 LECT.

189 257 331 296 genere
370 242 549 282 Corsicus
568 240 642 293 ᾗ),
690 243 874 289 honesto,
925 251 962 282 ut
1009 245 1199 284 serebatur
1237 253 1275 283 et
1313 244 1495 283 credibile
1531 253 1628 292 erat,

188 299 286 351 apud
324 313 410 337 suos
444 300 523 337 loco
555 306 689 345 natus,
727 300 789 348 qui
819 312 863 337 eo
895 307 1050 337 venerat
1079 300 1124 338 ad
1156 302 1211 338 ins
1241 302 1352 339 civile
1383 299 1629 338 discendum:

189 369 260 406 quo
300 355 335 392 in
367 353 487 392 studio
525 355 574 391 ita
604 353 807 403 diligenter
836 361 873 392 et
906 362 1047 392 attente
1078 368 1194 393 annos
1223 357 1364 406 aliquot
1392 368 1633 406 consumpse-

190 417 269 455 rat,
321 416 361 445 ut
406 422 538 458 inagna
584 410 654 445 iam
695 416 795 446 esset
832 408 878 446 de
917 409 1087 447 doctrina
1128 411 1225 448 illius
1264 412 1451 448 hominum
1488 411 1628 461 opinio.

189 463 411 503 Ventitabat
451 471 573 501 autem
614 464 695 501 fere
733 464 897 515 quotidie
929 466 965 501 in
993 464 1108 502 aedes
1141 479 1267 512 meas,
1310 466 1453 503 devexo
1494 467 1565 504 iam
1596 474 1635 504 et

189 519 366 556 inclinato
406 519 484 556 sole
504 516 609 571 *ii-³),
649 526 772 556 aestas
804 521 901 557 enim
933 527 1038 557 crat:
1080 519 1228 570 ibique,
1271 521 1366 572 quod
1396 520 1510 558 aedes
1541 521 1634 559 satis

188 574 333 624 amplae
370 582 477 611 erant
512 575 676 624 satisque
714 575 892 625 api-icae,
940 582 1004 611 aut
1039 574 1108 612 sub
1143 574 1204 613 dio
1242 575 1434 613 ambulans
1476 583 1516 613 et
1549 589 1633 614 eum

189 629 406 680 aequalibus
437 630 514 666 suis
545 629 809 667 iucundissime
840 630 1069 681 colloquens,
1099 637 1163 667 aut
1191 631 1300 677 saltu,
1332 638 1393 668 aut
1428 631 1540 677 lucta,
1571 638 1636 668 aut

190 685 365 734 trigonali
402 686 485 736 pila'
507 698 642 735 corpus
673 698 882 731 exercenS,
925 686 1046 723 l'essas
1085 685 1286 724 studiorum
1316 686 1504 724 laboribus
1534 686 1636 724 vires

190 740 455 778 honestissime
494 740 701 778 relic-iubat.
762 741 906 778 Rumor
937 748 1036 785 erat,
1080 748 1210 779 tenere
1245 754 1329 779 eum
1365 748 1484 779 artem
1520 754 1637 792 quan-

188 794 272 834 dam
304 796 505 833 memoriae
523 792 648 849 4³),
689 796 796 833 euius
836 797 976 833 auxilio
1009 796 1120 834 multa
1150 797 1342 843 efficeret,
1385 809 1480 848 quae
1511 796 1634 843 credi,

189 851 264 888 nisi
294 858 472 901 spectata,
504 864 574 888 uon
605 859 769 901 possent.
818 851 856 887 ls
886 865 966 888 eum
997 852 1042 889 ad
1075 865 1186 889 aures
1211 866 1311 890 meas
1334 853 1498 903 perlatus
1516 858 1632 898 esset,

188 905 324 957 cupido
363 919 420 944 me
461 906 617 942 incessit
656 906 837 943 mirabilia
878 907 938 943 illa
979 915 1016 944 et
1054 907 1221 945 inaudita
1251 906 1458 958 spectandi.
1519 906 1635 945 Eius-

189 961 289 999 modi
320 963 417 999 enim
448 962 484 998 iu
518 961 628 998 rebus
654 963 803 998 minime
835 963 995 998 omnium
1026 963 1162 1000 auditis
1190 964 1362 1000 credulus
1397 975 1484 1000 esse
1515 963 1632 1000 soleo.

186 1017 316 1054 Visum
346 1025 405 1055 est
435 1017 565 1067 igitur,
609 1016 754 1067 quando
786 1017 866 1067 ipse
897 1017 1006 1055 domo
1037 1032 1117 1056 mea
1147 1018 1328 1056 arbitratu
1355 1030 1423 1054 suo
1447 1025 1632 1064 uteretur,

187 1072 257 1110 hoe
292 1072 338 1110 ab
383 1086 428 1110 eo
470 1073 575 1122 quasi
618 1071 784 1111 ἐνοίκιον
822 1073 1001 1122 exigere,
1050 1081 1112 1120 ut,
1162 1073 1258 1124 quod
1297 1073 1366 1111 sibi
1404 1072 1637 1111 commodum

188 1129 308 1177 foret,
345 1134 544 1179 praesente
576 1141 633 1165 me
664 1129 756 1165 artis
788 1140 876 1164 suae
904 1129 1096 1179 specimen
1130 1128 1279 1180 aliquod
1309 1128 1428 1166 daret.
1489 1129 1558 1166 Ille
1582 1130 1638 1166 ni-

187 1183 238 1221 hil
270 1191 447 1233 gravatus
478 1183 737 1220 lubentissime
767 1184 889 1220 animo
926 1197 991 1229 se,
1036 1198 1116 1221 cum
1147 1185 1304 1231 vellem,
1338 1184 1518 1221 facturum
1551 1196 1638 1221 esse

185 1238 395 1289 respondit.
457 1238 618 1277 Placuit.
680 1239 838 1284 Statim,
879 1253 960 1276 cum
1004 1253 1069 1290 per
1108 1241 1224 1289 ipsum
1267 1252 1371 1276 mora
1414 1252 1486 1276 non
1517 1247 1635 1285 esset,

186 1307 258 1331 una
288 1307 441 1340 omnes,
474 1295 533 1343 qui
565 1293 776 1339 aderamus,
812 1296 845 1331 in
877 1296 1082 1344 pi·o:=;imuui
1116 1295 1322 1332 cubiculum
1356 1295 1519 1344 ingressi
1547 1307 1638 1332 eon-

186 1349 365 1387 sedimus.
425 1348 544 1399 Coepi
581 1362 651 1399 ego
683 1349 825 1387 dictare
856 1351 1001 1387 nomina
1034 1350 1190 1396 Latina,
1235 1351 1409 1394 Graeca,
1450 1349 1638 1397 Barbara,

187 1405 467 1455 significantia,
514 1404 604 1441 nihil
636 1406 912 1455 significantia,
952 1413 1023 1441 tam
1055 1407 1179 1451 varia,
1222 1413 1293 1442 tam
1335 1405 1426 1442 nihil
1460 1408 1560 1442 inter
1597 1418 1640 1443 se

186 1460 455 1506 cohaerentia,
490 1466 561 1497 tam
594 1461 728 1506 multa,
760 1468 799 1498 ut
829 1467 867 1498 et
893 1473 965 1510 ego
997 1461 1200 1507 dictando,
1233 1468 1271 1498 et
1301 1474 1412 1510 puer,
1448 1461 1507 1498 cui
1536 1473 1639 1497 man-

187 1514 311 1553 datum
348 1523 453 1561 erat,
487 1523 525 1552 ut
553 1529 598 1553 ea
632 1517 849 1566 exciperet,
883 1516 1101 1562 scribendo,
1135 1523 1171 1554 et
1203 1516 1338 1561 ceteri,
1371 1516 1432 1566 qui
1464 1514 1637 1563 aderant,

185 1570 372 1610 audiendo
404 1578 514 1622 atque
537 1571 790 1621 exspectando
815 1571 907 1608 fessi
927 1571 1007 1621 jam
1032 1572 1135 1608 miris
1157 1571 1275 1609 modis
1299 1583 1469 1608 essemus
1490 1583 1636 1610 omnes,

186 1627 273 1678 Ipse
314 1640 408 1664 unus
448 1640 494 1664 ea
533 1627 631 1663 omni
672 1639 827 1663 numero
859 1627 987 1664 alacer
1017 1640 1060 1664 ae
1092 1640 1225 1664 reeens
1256 1625 1407 1664 assidue
1436 1626 1542 1677 plura
1572 1640 1639 1677 po·

187 1681 330 1721 scebat.
393 1681 468 1719 Sed
509 1695 589 1720 eum
623 1694 694 1732 ego
726 1682 806 1732 ipse
834 1681 979 1718 modum
1009 1683 1168 1733 aliquem
1200 1683 1283 1719 fieri
1314 1688 1490 1732 oportere
1522 1681 1638 1720 dixis-

187 1750 294 1786 sem,
334 1736 481 1775 abunde
521 1738 609 1774 mihi
649 1737 879 1775 satisfactum
917 1738 988 1782 iri,
1031 1739 1063 1774 si
1093 1738 1151 1774 vel
1185 1737 1368 1774 dimidiam
1402 1745 1545 1787 partem
1573 1751 1638 1775 eo-

186 1806 290 1840 rum,
322 1806 416 1844 quae
445 1791 542 1830 dicta
572 1799 700 1838 erant,
733 1793 896 1830 recitare
925 1794 1132 1843 potuisset:
1165 1800 1240 1830 tum
1271 1793 1351 1839 ille,
1383 1793 1457 1830 fixo
1487 1792 1533 1830 ad
1562 1800 1639 1831 ter-

186 1862 266 1887 ram
305 1849 458 1897 obtutu,
501 1861 634 1898 inagna
668 1855 796 1885 nostr-a
837 1849 998 1885 omnium
1038 1849 1349 1899 exspectatione,
1391 1849 1526 1886 tacitus
1566 1849 1637 1886 ali-

187 1903 360 1955 quamdiu
389 1904 506 1941 stetit.
567 1902 668 1950 Quid
697 1904 821 1941 verbis
853 1916 945 1953 opus
977 1903 1065 1942 est‘?
1108 1903 1198 1943 Vidi
1230 1904 1401 1950 facinus,
1445 1910 1482 1941 ut
1510 1903 1635 1957 ille-1⁴)

187 1960 261 2005 ait,
306 1959 623 1996 mirilicissimurn.
693 1955 738 1997 ‘O
772 1957 971 2010 δαιμόνιος
1013 1958 1157 2006 ἐκεῖνος
1195 1972 1351 1997 exorsus
1390 1959 1490 2010 loqui
1529 1960 1636 2010 plane

187 2014 336 2060 omnia,
363 2012 494 2051 eodem
524 2013 678 2059 ordine,
712 2027 889 2065 nusquam
923 2028 1035 2065 prope
1067 2016 1268 2060 insistens,
1300 2027 1478 2064 nusquam
1510 2014 1636 2052 haesi-

189 2077 298 2117 tans,
338 2068 443 2106 nohis
484 2068 742 2119 stupentibuS,
783 2069 958 2107 reddidit.
1020 2069 1171 2107 Deinde
1208 2070 1254 2107 ab
1294 2069 1421 2106 ultimo
1452 2071 1635 2121 incipiens

191 2138 337 2163 sursum
378 2137 508 2163 versus
546 2125 715 2174 pervenit
754 2124 799 2161 ad
841 2126 1012 2175 primum.
1081 2125 1227 2162 Rursus
1265 2126 1337 2175 ita,
1383 2131 1420 2162 ut
1461 2126 1632 2175 primum,

191 2181 371 2226 tertium,
402 2180 582 2229 quintum,
615 2193 657 2217 ae
689 2179 742 2216 sie
774 2179 950 2230 deinceps
984 2181 1107 2217 omnia
1139 2180 1292 2218 diceret.
1356 2179 1440 2227 Quo
1473 2179 1634 2231 denique

190 2237 345 2288 quisque
376 2235 546 2273 voluerat
575 2234 722 2280 ordine,
756 2236 835 2272 sine
865 2236 937 2272 ullo
968 2249 1098 2273 errore
1128 2237 1251 2272 omnia
1276 2236 1481 2273 referebat.
1530 2235 1633 2273 Idem

188 2299 337 2344 postea,
366 2304 448 2328 cum
479 2291 514 2328 ei
541 2291 611 2328 iam
643 2290 863 2328 familiarior
888 2291 1007 2328 faetus
1042 2304 1180 2335 essem,
1208 2304 1319 2341 saepe
1350 2297 1543 2340 expertus,
1571 2305 1633 2328 us-

189 2359 406 2398 quequaque
434 2358 562 2384 verum
595 2345 836 2394 deprehendi.
899 2347 983 2397 lpse
1017 2347 1103 2383 mibi
1129 2346 1326 2397 aliquando
1355 2346 1563 2391 affirmavit,
1594 2353 1633 2386 et

189 2410 270 2440 erat
298 2401 344 2439 ab
374 2402 473 2439 omni
499 2401 678 2439 iaetantia
707 2401 986 2449 alienissimus,
1019 2415 1059 2440 se
1092 2403 1245 2453 triginta
1275 2416 1342 2440 sex
1372 2401 1484 2440 millia
1513 2402 1631 2439 nomi-

263 2528 307 2564 ἔξ)
326 2530 394 2563 Ego
414 2536 526 2556 nomen
546 2528 682 2556 hominis
701 2530 766 2557 tam
786 2528 940 2557 mirabilis
960 2527 1073 2563 eitiuS.
1103 2535 1197 2562 quam
1217 2527 1372 2563 patriam,
1401 2527 1629 2563 requisiissem.

189 2567 286 2602 quue
307 2566 483 2600 pertinebat
502 2567 542 2595 ad
563 2567 654 2595 fidem
674 2567 848 2594 narrationi
868 2566 1053 2594 faciendam.
1093 2568 1130 2594 υ.
1153 2568 1189 2594 R.

263 2614 330 2649 -:::·-:::-)
352 2613 464 2643 Cicero
491 2622 614 2649 quoque
640 2616 735 2643 habet
761 2615 809 2642 sol
828 2615 964 2642 iteremus
985 2617 1015 2642 et
1035 2615 1180 2642 inclinatu
1200 2615 1231 2641 in
1250 2615 1369 2647 tempus
1387 2614 1631 2648 p0²11m=idianztn1

187 2652 237 2681 (He
258 2653 351 2680 Taso.
371 2652 425 2680 lib.
446 2654 498 2681 Ill.
522 2659 590 2686 cap.
611 2654 640 2680 3.
662 2654 692 2688 ᾗ.
713 2653 743 2681 5.
764 2654 795 2680 et
816 2652 864 2679 sol
884 2659 917 2679 se
937 2653 1093 2679 inclinavit
1113 2653 1184 2680 Liv.
1205 2652 1259 2680 lib.
1282 2653 1333 2679 IX.
1355 2658 1423 2686 cap.
1444 2653 1496 2680 32.

263 2700 356 2734 312222222)
377 2700 441 2729 Cic.
469 2700 508 2727 de
536 2701 587 2728 Or.
616 2700 727 2728 lib.11.
757 2707 824 2734 cap.
845 2701 896 2729 86.
925 2701 957 2733 ᾗ.
977 2701 1048 2728 351.
1075 2701 1266 2735 gratiamque
1292 2701 1388 2728 habeo
1409 2701 1561 2728 Simonidi
1585 2701 1631 2729 ille·

191 2737 269 2771 Ceo,
298 2745 386 2772 quem
414 2738 546 2771 primum
570 2736 677 2771 ferun!
706 2740 832 2766 artem
857 2738 1071 2765 memoriae
1099 2739 1274 2771 protulisse.
1315 2739 1365 2766 Ab
1387 2738 1497 2766 eodem
1517 2738 1630 2766 dicitur

186 2775 366 2847 geg-milano,
402 2776 566 2811 artificium
595 2777 759 2803 memoriae
785 2776 824 2804 de
853 2777 920 2804 Fin.
950 2774 1003 2803 lib.
1025 2775 1060 2804 V.
1083 2782 1152 2809 cap.
1174 2779 1203 2805 2.
1231 2778 1324 2806 Auct.
1343 2776 1384 2805 ad
1405 2777 1478 2805 Her.
1500 2777 1555 2805 lib.
1575 2776 1628 2805 tv.

264 2859 306 2895 †)
328 2860 496 2889 Terentius
516 2862 641 2889 phorm.
666 2862 702 2891 V.
723 2861 760 2898 6,
782 2861 834 2891 31.
