1778 3096
512 115 617 156 LIB.
647 116 760 157 XVI.
814 115 935 159 CAP.
963 117 1076 157 XlX.
1436 119 1520 163 387

67 228 277 274 exultabat,
316 226 526 267 adventicia
555 239 648 265 cena
678 233 904 278 excepturus
934 234 1059 276 esset,
1098 229 1210 268 etiam
1241 240 1289 267 ex
1317 230 1402 280 apio
1433 243 1521 281 pro-

67 285 191 336 perari
224 284 295 322 sibi
325 295 484 322 coronas
513 281 694 321 iusserit?
751 283 807 321 Ita
836 283 934 322 enim
963 284 1084 322 canit:

452 369 507 377 —
533 350 617 398 quis
644 349 719 386 udo

452 405 717 453 Deproperare
747 404 833 453 apio
864 416 1042 451 coronas,

454 460 618 496 Curalve
646 458 802 508 myrto?

65 524 164 563 Aliis
195 535 340 575 quoque
369 522 463 560 locis
478 520 524 574 ³31‘)
558 536 719 562 coronas
747 537 796 561 ex·
826 524 911 573 apio
940 524 977 560 in
1008 524 1191 563 conviviis
1222 523 1398 563 adhibet:
1542 528 1605 559 406

450 591 536 627 Neu
565 590 691 626 desint
714 589 834 639 epulis
864 601 991 633 rosae,

451 646 537 683 Neu
565 645 678 682 vivam·
707 645 846 694 opiam.

63 708 116 747 Et
144 708 231 746 alibi
246 704 339 761 2'⁶³⁹1‘),

561 764 633 802 Est
661 763 699 800 in
731 762 859 808 lzorlo,

394 819 542 868 Phylli,
573 818 765 856 nectendis·
795 818 919 868 apium
947 818 1112 856 coronis.

62 881 116 922 At
144 883 267 934 apium
297 882 393 934 apud
431 890 582 921 veteres
614 883 730 921 ferale
769 889 807 920 et
836 884 1041 920 ominosum
1073 882 1300 930 habebatur,
1342 882 1438 934 quod
1468 897 1513 922 eo

62 940 190 976 tumuli
227 939 401 977 coronari
434 939 622 976 solerent:
671 946 710 976 et
749 938 880 989 quihus
920 939 1087 988 aegrotis
1124 946 1278 976 mortem
1319 939 1513 977 imminere

63 994 339 1044 significarent,
371 1006 436 1031 eos
465 995 549 1043 apio
575 992 747 1044 indigere
777 992 953 1031 dicebant
966 993 1079 1044 maz),
1130 993 1246 1031 Certe
1266 995 1513 1032 Timoleontis

62 1050 224 1095 milites,
264 1062 345 1087 cum
376 1050 412 1086 in
451 1049 546 1087 colle
576 1050 731 1099 quodam
764 1049 976 1099 superando
1016 1049 1053 1086 in
1088 1049 1204 1086 mulos
1245 1050 1328 1100 apio
1358 1057 1513 1087 onustos

63 1104 301 1150 incidissent,
336 1105 387 1141 ita
417 1117 525 1142 omen
554 1104 644 1142 illud
675 1104 919 1142 exhorruisse
951 1111 1204 1141 memorantur
1221 1103 1295 1156 †),
1329 1112 1367 1142 ut
1397 1117 1513 1156 prope

62 1159 316 1198 concidissent
354 1159 508 1204 animis,
563 1160 633 1196 nisi
669 1172 736 1198 eos
778 1160 1005 1196 fortissimus
1052 1160 1254 1209 imperator
1299 1158 1511 1206 docuisset,

61 1216 253 1254 victoriam
287 1215 409 1265 potius
440 1214 635 1265 portendi:
681 1228 762 1253 cum
795 1215 830 1251 in
864 1214 1028 1251 Isthmiis
1060 1215 1225 1251 victores
1265 1214 1339 1251 illis
1371 1221 1515 1265 tempo-

61 1271 163 1309 ribus
192 1271 277 1320 apio
309 1270 482 1307 coronari
516 1269 697 1307 solerent.
759 1270 892 1319 Itaque
922 1270 967 1307 ah
999 1269 1210 1305 hominibus
1246 1268 1513 1308 eruditissimis

60 1325 246 1377 proditum
277 1332 356 1370 est,
388 1337 435 1362 ex
464 1324 634 1361 omnibus
667 1325 805 1374 passim
836 1323 964 1361 herbis
994 1336 1037 1361 ac
1069 1324 1223 1361 floribus
1256 1324 1293 1361 in
1327 1325 1511 1362 conviviis

61 1380 299 1419 hilarioribus
339 1379 466 1417 solitas
503 1379 603 1416 necti
634 1380 817 1426 corollas,
859 1387 1121 1430 praeterquam
1161 1391 1208 1417 ex
1239 1380 1338 1430 apio.
1398 1380 1513 1418 Absit

60 1443 182 1474 tamen
211 1450 233 1474 a
262 1435 369 1473 nobis
398 1434 490 1472 haec
519 1434 699 1482 audacia,
731 1441 771 1473 ut
802 1434 1120 1485 elegantissimum
1151 1441 1189 1471 et
1218 1434 1512 1472 eruditissimum

61 1495 206 1544 poetam
227 1492 265 1528 in
285 1503 331 1528 eo
351 1503 530 1541 peccasse
551 1489 733 1529 dieamus.
779 1489 907 1527 Habet
927 1491 1024 1527 enim
1045 1490 1108 1527 ille
1130 1488 1511 1543 hyperaspisten††)

61 1549 101 1585 in
130 1547 186 1584 his
214 1546 326 1584 rebus
357 1558 449 1583 sane
479 1545 664 1583 valentem
694 1559 738 1584 ac
762 1552 974 1591 strenuum,
1003 1552 1053 1591 et,
1087 1545 1119 1581 si
1151 1557 1276 1582 amare
1307 1559 1350 1583 ae
1382 1553 1512 1597 potare

62 1602 247 1653 sapientia
277 1607 357 1646 est,
394 1601 524 1651 quovis
551 1599 708 1639 Thalete
738 1601 1030 1651 sapientiorem,
1061 1599 1365 1648 Anacreontem,
1404 1602 1512 1639 cuius

61 1658 158 1696 haec
186 1654 426 1708 sunt†††-)=

277 1719 370 1761 Ἐπὶ
398 1717 433 1761 δ’
466 1717 610 1773 ὀφρύσι
637 1721 796 1761 σελίνων
823 1720 1101 1771 στεφανίσκους

285 1776 466 1828 Θέμενοι,
494 1777 638 1816 θαλίαν
665 1773 800 1830 ἑορτὴν
827 1774 1026 1830 ἀγάγωμεν
1055 1772 1245 1832 Διονύσῳ.

62 1846 170 1885 Haec
200 1845 315 1896 igitur
342 1856 482 1882 corona
511 1843 598 1881 huic
628 1843 739 1894 capiti
769 1844 922 1882 coronis
952 1849 1048 1880 esto.

545 1951 834 1992 CAPUT
894 1952 1024 1991 XIX.

266 2032 458 2071 Ciceronis
491 2031 719 2081 Quinctiana
747 2031 838 2068 locis
867 2031 1014 2081 aliquot
1036 2035 1293 2080 perpurgata.

62 2101 214 2160 Locos
255 2118 433 2171 quosdam
473 2131 521 2157 ex
558 2119 730 2156 oratione
767 2117 968 2156 Ciceronis
1006 2130 1074 2168 pro
1105 2117 1286 2165 Quinctio
1322 2116 1382 2154 hic
1421 2116 1510 2155 sub-

63 2185 195 2216 notare
224 2177 369 2214 animus
398 2181 478 2222 est,
524 2187 615 2226 quos
644 2174 778 2220 aliter,
820 2186 927 2225 quam
958 2174 1098 2218 ceteri,
1141 2179 1203 2210 aut
1241 2172 1411 2222 intelligo
1447 2179 1511 2210 aut

137 2286 181 2340 ἲ)
203 2286 257 2314 od.
279 2286 302 2314 Ι.
322 2286 379 2321 36,
402 2285 442 2314 15
461 2292 508 2319 sq.
548 2285 597 2313 De
616 2283 681 2319 apii
702 2290 762 2312 usu
782 2282 846 2312 vid.
867 2282 1006 2311 Meinek.
1026 2282 1068 2311 ad
1090 2282 1227 2317 Euphor.
1249 2287 1320 2317 pag.
1342 2280 1412 2310 108.
1436 2280 1509 2309 114.

139 2323 587 2396 ³,:÷?)⁰e⁷1dvi‘l¹u¹tbr{1iq.qi1it.
609 2359 723 2388 Timol.
745 2366 813 2394 can.
835 2359 886 2389 26.

139 2403 185 2442 ᾧ)
214 2403 423 2433 proverbium
444 2404 493 2431 est
520 2399 664 2432 σελίνου
693 2397 862 2439 δεῖσθαι,
896 2400 961 2430 vid.
982 2399 1069 2429 Suid.
1091 2400 1179 2428 Tom.
1200 2400 1240 2428 ΙΙ.
1265 2404 1338 2434 pag.
1359 2397 1430 2428 491.
1460 2397 1509 2426 ed.

64 2449 212 2522 host-H.)
232 2482 431 2511 Vocabulum
453 2481 624 2516 Graecum,
646 2486 665 2508 a
686 2479 810 2508 Latinis
831 2487 892 2507 non
913 2479 1085 2512 receptum.

138 2526 238 2565 †††)
256 2527 360 2556 carm.
381 2525 475 2553 LXII.
491 2515 588 2561 (ξβ’).
605 2529 647 2550 ex
662 2529 783 2550 recens.
802 2520 964 2550 Brunckii.
985 2519 1092 2549 Verba
1108 2518 1141 2548 in
1162 2517 1352 2548 editionibus
1367 2524 1450 2548 nunc
1463 2517 1510 2547 sic

63 2569 203 2599 distincti
222 2569 386 2603 leguntur:

424 2599 509 2635 Ἐπὶ
537 2598 568 2633 δ’
599 2597 760 2645 ὀφρύσιν
787 2601 942 2633 σελίνων

427 2647 697 2691 στεφανίσκους
718 2647 891 2691 θέμενοι,
916 2644 985 2679 νῦν

428 2688 583 2725 θάλειαν
608 2689 736 2734 ἑορτὴν

431 2734 634 2782 ἀγάγωμεν
658 2732 843 2779 Διονύσῳ.
1091 2773 1099 2786 ‚
1143 2774 1152 2784 .

60 2791 243 2822 Ruhnkenii
270 2790 367 2820 editio
393 2791 478 2818 male
510 2788 681 2817 exhibebat
710 2779 990 2824 ‹mqsavtonoac
1018 2786 1049 2813 et
1077 2784 1297 2822 αγαγομεν,
1326 2779 1410 2817 quod
1439 2786 1513 2809 cor-2

62 2831 216 2861 reximus.
257 2829 307 2861 Cf.
326 2831 497 2859 Hermann.
518 2827 618 2856 Elem.
639 2827 736 2856 doctr.
756 2827 847 2855 metr.
868 2830 940 2859 pag.
961 2822 1034 2852 486.
1178 2857 1272 2900 25*
