1778 3096
460 170 558 211 LIB.
590 171 724 211 XVII.
785 171 904 211 CAP.
936 172 1048 212 XIX.
1395 172 1478 217 417

33 280 220 321 deteriora
249 282 347 320 facta
377 287 477 319 sunt.
527 280 605 320 Sed
633 294 705 333 ego
732 281 822 320 mihi
851 283 924 321 iam
954 295 1026 321 uno
1058 284 1095 322 in
1126 282 1334 324 diversorio
1365 286 1474 323 nimis

32 338 95 376 diu
122 337 253 377 videor
281 344 545 375 commoratus.

517 480 548 520 C
578 479 615 519 A
645 480 677 518 P
706 480 742 519 U
770 481 805 520 T
859 481 987 521 XIX.

31 560 172 596 Seneca
191 558 425 596 emendatur.
479 560 680 597 Suetonius
707 559 746 596 in
775 559 950 608 Caligula
978 572 1027 596 ex
1046 561 1207 598 Homero
1236 561 1469 600 illustratur.

29 633 303 694 RECTISSIME
334 664 369 695 et
398 657 592 696 verissime
623 655 832 695 iudicarunt
861 656 932 695 (luo
965 657 1176 707 singulares
1208 660 1302 705 viri,
1339 661 1474 699 Victo-

30 712 108 748 rius
139 719 176 749 et
202 712 399 750 Turnebus
415 712 489 766 ³9⁵),
529 711 624 764 apud
654 713 871 751 Suetonium
912 713 950 751 in
981 711 1149 764 Caligula
1164 712 1237 767 Μ)
1274 715 1473 767 legendum

29 779 133 815 esse,
346 818 411 860 ,Ἡ
460 818 470 835 2
515 820 525 835 7
569 819 578 834 Ι
639 818 651 836 9
691 818 710 834 Ἃ
743 820 761 861 ἔ
805 818 815 831 Ι

432 838 458 873 μ,
506 838 636 876 cavasio
683 839 708 874 η
761 838 815 875 γω
847 834 900 872 σε,

30 895 236 949 eodemque
266 897 373 937 modo
404 899 497 950 apud
521 900 702 938 Senecam
734 899 802 937 sub
826 900 934 937 finem
965 899 1049 938 libri
1072 900 1179 951 primi
1210 898 1257 938 de
1285 901 1342 938 ira
1356 900 1469 952 ***).

29 952 104 991 Sed
132 954 217 1003 quia
247 954 278 991 is
311 954 479 993 Senecae
513 955 614 992 locus
647 954 807 993 nondum
848 956 957 1005 plane
987 964 1233 1006 perpurgatus
1263 963 1342 1002 est,
1385 958 1472 995 sub-

30 1008 152 1045 iiciam
184 1022 291 1055 eum,
331 1017 367 1047 et
397 1010 537 1060 paulum
569 1010 762 1061 quiddam,
803 1009 900 1060 quod
929 1012 965 1048 in
1004 1023 1050 1048 eo
1081 1010 1201 1049 adhuc
1231 1011 1395 1057 residet,
1434 1020 1472 1050 et

29 1063 270 1101 obscuritatis
301 1071 338 1102 et
367 1066 469 1111 vitii,
498 1066 529 1102 si
559 1073 712 1117 potero,
745 1065 882 1103 tollam.
946 1067 987 1103 C.
1024 1068 1188 1112 Caesar,
1223 1067 1362 1116 inquit,
1393 1069 1472 1106 ira-

30 1125 91 1156 tas
120 1121 247 1165 eaelo,
294 1121 394 1170 qaod
430 1121 665 1170 obstreperet
695 1122 961 1171 pantomimis,
1003 1135 1096 1171 quos
1130 1122 1353 1159 imimbamr
1391 1130 1472 1160 sta-

30 1174 191 1219 diosias,
225 1187 333 1225 qaam
364 1176 582 1225 spectabat,
614 1177 784 1227 qnodque
813 1178 1060 1214 commissalia
1074 1175 1125 1228 †)
1155 1190 1225 1214 saa
1241 1176 1472 1224 fulminibus

29 1235 244 1266 terreretur·
267 1242 429 1279 prorsas
455 1245 593 1280 por-am
623 1233 736 1269 certis
746 1259 759 1276 ,
800 1232 853 1268 ad
872 1244 1043 1281 pugnam
1074 1234 1220 1269 vocavit
1245 1234 1393 1277 Iovem,
1434 1240 1473 1271 et

29 1284 174 1334 quidem
203 1285 283 1322 siae
308 1286 604 1333 intermissione,
634 1287 871 1324 Homericam
900 1287 1003 1324 illam
1034 1287 1251 1324 eac-clamans
1279 1300 1438 1334 versam,

346 1356 410 1399 ”H
430 1358 468 1412 μ’
500 1359 646 1414 ἀνάειρ’
678 1359 704 1414 ἢ
733 1358 806 1415 ἐγώ
836 1373 888 1402 σε.

27 1439 168 1476 Puram
206 1444 311 1476 certa
356 1445 464 1476 vocat
497 1438 692 1490 ιῘὶιίιηιήα,
742 1441 893 1486 iocans,
940 1439 1123 1491 quomodo
1161 1454 1299 1492 param
1341 1449 1470 1482 certas

27 1494 190 1543 sagittas
218 1492 397 1540 dicimus,
432 1507 526 1545 quae
557 1509 630 1532 non
659 1495 845 1546 attingunt
878 1508 1044 1546 scopum.
1106 1496 1263 1534 Ovidius
1276 1496 1384 1550 †·1·):

142 1571 257 1608 Certa
286 1572 430 1622 quidem
459 1579 591 1609 nostra
621 1579 698 1617 est,
725 1579 857 1611 nostra
887 1579 1011 1611 tamen
1042 1586 1116 1610 aaa
1144 1575 1288 1624 sagitta

141 1627 312 1674 Certior,
344 1627 383 1664 in
413 1639 532 1664 vacuo
564 1640 659 1678 qaae
682 1628 837 1665 vulnera
861 1634 1018 1678 pectore
1033 1628 1150 1679 sec-it.

27 1704 167 1741 Parum
209 1710 314 1741 certa
352 1703 468 1753 igitur
496 1703 690 1755 ficlmina,
733 1717 827 1755 quae
865 1705 982 1755 ipsum
1016 1705 1210 1756 Caligulae
1250 1714 1360 1757 caput
1397 1721 1470 1746 non

29 1765 250 1807 tangerent,
292 1758 389 1809 quod
418 1772 528 1796 unum
561 1767 690 1810 petere
720 1757 859 1797 dehere
889 1759 1124 1798 videbantur.
1183 1760 1236 1799 At
1272 1762 1358 1800 illud
1390 1766 1470 1801 sine

29 1814 302 1851 intermissione
329 1814 438 1864 plane
460 1814 699 1865 depravatum
730 1821 810 1852 est:
844 1827 964 1865 neque
988 1815 1134 1853 dubium
1159 1818 1245 1866 quin
1271 1817 1470 1867 legendum

30 1869 100 1912 sit,
131 1869 212 1906 sine
242 1870 427 1907 missione.
489 1870 683 1908 Vocabant
709 1878 830 1908 autem
856 1884 1026 1920 pugnam
1055 1873 1135 1909 sine
1164 1874 1352 1919 missione,
1387 1886 1470 1911 cum

28 1922 255 1973 gladiatores
283 1937 327 1961 ea
358 1924 440 1974 lege
470 1923 749 1963 descendebant
776 1926 811 1962 in
844 1938 1019 1972 arenam,
1064 1933 1102 1963 ut
1131 1928 1252 1964 neutri
1285 1928 1340 1965 fas
1369 1936 1472 1967 esset

28 1985 160 2029 petere
191 1979 420 2025 missionem,
448 1980 512 2017 sed
547 1993 701 2018 necesse
731 1980 913 2017 haberent
942 1993 1058 2031 usque
1088 1994 1133 2019 eo
1164 1981 1357 2029 dimicare,
1385 1983 1471 2023 dum

29 2034 126 2070 alter
157 2033 331 2071 caderet:
364 2034 460 2085 quod
491 2037 627 2086 optime
655 2037 782 2073 versui
809 2035 1011 2073 Homerico
1040 2037 1225 2086 congruit.
1278 2038 1342 2076 Sic
1374 2039 1471 2089 apud

31 2087 215 2125 eruditum
255 2090 290 2126 in
330 2090 460 2140 primis
498 2097 535 2128 et
572 2098 762 2129 venustum
801 2092 1043 2141 scriptorem,
1085 2092 1311 2142 Appuleium
1328 2093 1468 2147 †††).

32 2145 250 2190 Proeliare,
294 2145 435 2195 inquit,
478 2153 516 2184 et
537 2145 705 2197 sortiter·
728 2148 935 2196 proeliare.
995 2146 1046 2183 Et
1077 2148 1205 2197 paucis
1236 2149 1468 2187 interiectis:

34 2201 220 2237 Grassare
252 2202 454 2249 gnaviter,
493 2208 532 2240 et
567 2202 697 2240 occide
733 2203 963 2240 morituras:
1008 2203 1191 2241 hodierna
1223 2217 1356 2254 pugna
1395 2219 1472 2245 non

29 2254 142 2292 babet
171 2256 395 2294 missionem.

105 2387 149 2421 ts)
179 2388 238 2430 III-e
258 2387 424 2420 castigent.
445 2388 478 2418 in
499 2389 564 2420 cic.
584 2390 685 2426 Epist.
704 2391 745 2421 ad
769 2391 839 2421 Att.
859 2390 941 2421 XVI.
962 2391 992 2422 6.
1013 2392 1042 2421 3.
1069 2391 1120 2420 hic
1139 2392 1278 2422 Advers.
1298 2392 1352 2423 lib.
1374 2394 1471 2423 XXII.

30 2430 99 2460 cap.
120 2426 170 2454 31.
198 2427 252 2455 Im.
273 2427 398 2455 xxvn.
419 2434 486 2462 cap.
508 2428 557 2457 20.

107 2484 176 2519 ἔμ’-ἕξ)
204 2491 273 2520 cap.
295 2486 345 2515 22.
386 2485 431 2514 Cf.
460 2486 520 2514 Dio
549 2487 640 2516 Cass.
668 2487 750 2518 nist.
777 2490 867 2535 Rom.
894 2488 948 2517 lib.
969 2489 1048 2517 LIX.
1076 2495 1144 2524 cap.
1166 2490 1216 2518 28.
1243 2491 1326 2520 med.
1364 2492 1474 2521 Verba

31 2529 105 2556 sunt
125 2527 236 2556 Aiacis
263 2534 313 2562 ap.
335 2529 459 2557 Homer.
483 2529 575 2558 Iliad.
594 2532 704 2560 XXIII.
727 2531 797 2560 724.
827 2539 848 2567 η
876 2525 930 2572 ἔμ’
959 2524 1095 2573 ἀνάειρ’
1124 2524 1145 2570 ὴ
1169 2525 1240 2573 ἐγώ
1264 2531 1316 2564 σέ.
1356 2535 1473 2565 lisdem

31 2567 129 2596 utitur
149 2566 330 2596 Moerichus
350 2568 443 2596 dives
463 2574 514 2604 ap.
533 2570 664 2600 Lucian.
683 2571 767 2602 Dial.
787 2573 878 2601 Mort.
900 2572 952 2600 XI.
974 2573 1006 2607 §-
1028 2572 1056 2602 1.

106 2625 200 2661 ἕεις-κε)
221 2633 290 2661 cap.
311 2627 359 2657 16.
381 2628 412 2664 S.
435 2629 484 2658 19.

106 2684 152 2723 †]
181 2686 375 2720 Ruhkopfius
409 2688 552 2723 reposuit
579 2689 767 2724 commissio,
804 2689 887 2724 quod
914 2690 1069 2723 praestat.
1114 2690 1201 2721 Idem
1226 2692 1294 2722 sine
1320 2694 1474 2728 missione.

32 2722 81 2753 De
100 2724 190 2752 cuius
210 2723 378 2753 locutionis
399 2725 432 2754 vi
459 2726 496 2755 cf,
516 2728 604 2762 Lips.
626 2729 752 2756 saturn.
772 2728 811 2756 11.
832 2728 882 2756 2¹.
921 2729 1035 2756 Bassi.

106 2782 179 2821 ἦ)
199 2784 329 2812 Metam.
351 2785 374 2812 Ι.
394 2784 467 2813 519.

31 2881 69 2910 ed
101 2842 362 2909 grid-‘bimMetam'
392 2843 445 2873 lib.
466 2845 504 2873 II.
533 2845 620 2873 Tom.
642 2846 665 2874 1.
685 2852 758 2881 pag.
779 2846 830 2875 32.
851 2845 899 2875 ed.
920 2846 1113 2881 Altenburg.
1149 2847 1236 2879 Tom.
1258 2850 1281 2878 1.
1311 2858 1383 2887 pag.
1408 2854 1476 2884 131.

85 2935 214 2962 Monet.
236 2934 309 2962 Ore.
332 2934 409 2963 vot..
431 2935 484 2962 111.
507 2934 655 2971 (Runa-K.
670 2937 726 2964 En.
742 2937 824 2965 ΤοΜ.
839 2935 900 2971 11.)
1153 2922 1207 2964 27

1499 1583 1562 1615 439
