1726 3106
520 109 620 149 LIB.
654 109 760 151 VIII.
820 107 937 149 CAP.
968 109 1036 150 IV.
1417 109 1497 153 169

66 228 104 260 et
141 220 302 261 fideliter
343 233 491 272 operam
537 221 576 258 in
619 220 692 258 illis
736 217 936 273 purgandis
978 218 1293 271 emendandisque
1337 227 1494 271 ponunt.

65 276 188 315 Unius
219 278 315 315 enim
353 275 538 313 litterulae
568 283 729 314 erratum
768 274 952 313 interdum
985 288 1049 313 eas
1087 277 1196 314 etiam
1234 273 1499 314 eruditissimis

65 331 273 370 hominibus
303 330 457 369 offundit
476 330 667 376 tenebras,
700 338 752 376 ut,
784 337 954 381 tanquam
981 331 1017 368 in
1048 331 1151 368 illuni
1177 337 1284 368 nocte
1308 337 1499 377 errantes,

66 387 195 438 quovis
226 389 346 436 potius
375 386 605 436 perveniant,
638 399 743 436 quam
775 398 844 436 quo
872 385 1010 425 volunt.
1062 385 1171 433 Quod
1202 393 1239 423 et
1267 398 1380 436 saepe
1409 385 1502 423 alias

67 440 324 488 animadverti,
355 447 392 478 et
423 453 554 491 nuper,
585 454 665 478 eum
685 441 914 478 Platonicam
947 439 1115 478 Socratis
1145 441 1366 491 Apologiam
1400 439 1503 478 evol-

65 509 204 534 verem.
264 496 304 533 In
345 508 414 546 qua
453 508 533 532 cum
572 496 642 532 alia
683 502 835 546 peccata
863 508 883 532 a
915 494 1089 532 Marsilio
1130 494 1383 546 deprehendi,
1423 501 1501 533 tum

66 550 158 596 hoe,
190 550 285 601 quod
316 563 411 588 nunc
444 549 643 589 ostendere
675 550 832 588 institui.
890 549 987 587 Nam
1018 557 1142 587 cetera
1172 558 1228 588 est
1261 563 1328 587 cur
1359 550 1503 588 reiecta

66 606 102 643 in
142 603 239 643 aliud
279 612 421 655 tempus
460 605 583 642 velim.
642 605 702 643 Ad
732 608 848 655 ipsum
889 605 1002 655 igitur
1039 605 1135 642 illius
1173 606 1350 642 orationis
1391 605 1502 643 finem

66 660 118 697 ita
156 660 292 710 legitur
306 659 375 725 ᾗ·
437 657 601 699 Τοσόνδε
636 660 793 714 μέντοι
796 657 922 698 αὐτῶν
959 658 1111 726 δέομαι·
1154 656 1243 706 τοὺς
1279 658 1375 706 νῖεἴς
1413 674 1501 710 μου,

67 711 221 753 §netem
248 712 432 781 ηβησωσι,
458 712 736 782 τιμωρησασθε,
764 715 792 754 ὠ
823 712 934 766 ἄνδρε
939 730 969 761 ς,
989 711 1107 753 ταύτα
1129 717 1247 753 ταῦτα
1274 717 1502 763 λυποῦντας,

68 784 162 822 ειπερ
191 766 263 834 ἐγὼ
292 767 390 820 νμᾶς
413 768 596 818 ἐλύπουν,
634 767 699 810 ἐὰν
726 768 816 820 ὑμῖν
857 770 1022 808 δοκῶσιν
1049 766 1075 820 ἡ
1102 766 1301 822 χρημάτων
1333 766 1359 820 ἢ
1386 766 1504 809 ἄλλου

66 839 135 864 του
165 840 346 891 πορτεοον
381 825 660 876 ἐπιμελεῖσθαι,
702 822 727 876 ἡ
756 822 907 877 ἀρετῆς·
947 824 1010 863 καὶ
1045 821 1112 863 ἐαν
1149 825 1291 863 δοκῶσί
1312 840 1361 891 ‚u
1393 821 1505 873 εἶναι,

68 877 223 931 μηδὲν’
213 877 337 934 ὄντες,
378 877 586 950 ὀνειδίζετε
603 878 751 928 αὐτοῖς,
787 878 908 938 ὥςπερ
938 877 1010 931 ἐγὼ
1038 876 1151 930 ὑμῖν,
1189 878 1247 919 ὅτι
1278 876 1351 919 οὐκ
1379 878 1506 931 ἐπιμε-

69 938 222 974 λοῦνται
252 936 305 974 ὡν
335 936 412 983 δεῖ,
451 935 514 975 καὶ
545 935 690 975 οἴονταί
723 951 759 974 τι
795 939 909 983 εἰναι,
953 932 1057 980 ὄντες
1094 932 1251 982 οὐδενὸς
1286 931 1395 982 αξιοι.
1438 934 1506 973 καὶ

69 987 136 1029 ἐὰν
162 993 281 1029 ταῦτα
308 994 464 1058 ποιῆτε,
500 991 629 1030 δίκαια
654 987 861 1037 πεπονθὼς
890 986 961 1042 ἐγώ
992 989 1123 1040 ε’σομαι
1151 987 1219 1039 νφ’
1253 986 1362 1041 υμῶν
1391 986 1508 1036 αὐτός

68 1059 108 1084 τε
145 1043 209 1083 καὶ
243 1044 282 1084 οἵ
312 1045 417 1092 υἱεῖς.
493 1046 598 1093 Quae
636 1046 749 1083 verba
790 1047 840 1083 ita
879 1045 1071 1082 Marsilius
1109 1044 1292 1082 reddidit:
1350 1047 1507 1083 Tantam

70 1108 196 1138 tamen
226 1114 289 1138 vos
312 1114 473 1150 precor,
514 1115 534 1137 o
564 1102 657 1145 viri,
702 1108 746 1138 ut
769 1114 867 1138 meos
897 1114 1038 1150 qaoque
1054 1100 1186 1150 filios,
1227 1113 1307 1138 cum
1337 1101 1509 1137 adoleve-

72 1156 175 1199 rint,
206 1157 243 1192 εἰ
267 1157 353 1205 ipsi,
384 1157 559 1193 simililer
583 1162 694 1206 atque
722 1169 810 1206 ege,
837 1156 939 1193 vobis
967 1156 1113 1192 molesti
1135 1157 1226 1200 Sint,
1249 1157 1381 1204 poenis
1407 1156 1509 1192 simi-

70 1211 158 1248 liter
197 1208 397 1258 asperati-93
445 1213 669 1260 praesertim
703 1212 741 1247 si
776 1211 975 1247 videantur
1008 1209 1110 1246 vobis
1148 1211 1209 1246 vel
1242 1211 1506 1258 pecuniarum,

68 1266 131 1302 vel
155 1265 315 1302 alterius
343 1266 559 1315 cuiusquam
587 1267 649 1302 rei
674 1266 851 1302 maiorem
876 1276 984 1313 qnam
1014 1265 1165 1301 vt'rtzctz's
1185 1276 1314 1301 curam
1344 1264 1506 1302 habere.-

70 1327 183 1370 atqne
212 1321 250 1357 si
280 1320 402 1357 videri
434 1321 571 1364 velint,
608 1327 805 1370 putemne,
853 1332 893 1356 se
933 1319 1093 1356 ale‘cm‘us
1130 1332 1209 1356 esse
1244 1320 1385 1370 prelii,
1428 1332 1510 1357 cum

71 1376 210 1412 nullius
238 1376 335 1419 sint,
376 1375 461 1413 illos
488 1375 710 1425 obz'nrgete's‚
743 1374 1046 1424 quemadmodum
1087 1387 1156 1423 ego
1186 1387 1270 1411 vos.-
1309 1375 1410 1426 quod
1436 1387 1510 1412 non

71 1431 147 1467 illis
182 1430 416 1474 incumbant,
458 1430 590 1480 quibas
626 1439 681 1467 est
715 1429 1022 1468 incumbendum.-
1071 1442 1116 1466 ac
1150 1430 1386 1476 existiment,
1428 1442 1511 1467 cum

71 1485 209 1522 nullius
233 1486 354 1534 pyele'i
378 1486 474 1530 sint,
505 1498 544 1522 se
572 1486 718 1535 all'qmd
746 1497 839 1521 esse.
905 1484 1047 1533 Quodsi
1070 1485 1164 1521 leaeo
1181 1483 1378 1535 feceritis,
1411 1486 1511 1522 iusta

73 1551 96 1577 a
125 1538 227 1576 vobis
250 1552 388 1589 passus
413 1539 533 1590 fuero
566 1553 711 1589 egoque
748 1548 785 1576 et
812 1539 907 1590 file'le
970 1538 1012 1575 ln
1045 1538 1177 1588 quibus
1219 1538 1254 1576 id
1292 1539 1512 1577 admirabile

73 1601 182 1644 atque
209 1592 403 1631 absurdum
432 1593 600 1639 videtur,
644 1593 730 1643 quid
757 1594 804 1630 sit
834 1607 900 1630 eur
928 1588 1106 1630 Socrates
1138 1593 1184 1631 ab
1215 1594 1511 1632 Atheniensibus

73 1656 200 1700 petat,
233 1649 326 1685 lilios
357 1661 444 1686 suos
474 1649 659 1693 interfici,
702 1649 733 1685 si
763 1655 951 1699 paternam
985 1648 1169 1685 hominum
1198 1648 1513 1687 admonendorum

72 1711 110 1742 et
140 1703 427 1741 adiuvandorum
450 1702 772 1749 consuetudinem,
801 1702 861 1740 ubi
885 1703 1135 1749 adoleverint,
1162 1704 1365 1743 imitentur.
1414 1702 1514 1751 Quid

73 1758 202 1797 enim?
242 1753 419 1809 peccasse
449 1759 618 1796 fortassis
651 1759 723 1796 sibi
759 1760 838 1809 ipse
868 1757 1085 1804 videbatur,
1125 1758 1220 1808 quod
1252 1773 1333 1797 eam
1364 1758 1514 1798 vivendi

72 1815 168 1852 viam
198 1814 388 1852 insecutus
418 1813 550 1851 esset?
605 1813 763 1851 Minime
794 1815 969 1851 omnium.
1030 1813 1126 1851 Nam
1156 1827 1197 1852 se
1226 1815 1262 1852 in
1299 1827 1344 1853 eo
1376 1822 1413 1853 et
1441 1814 1513 1852 deo

74 1869 355 1919 obtemperasse
393 1868 562 1914 dixerat,
607 1876 644 1906 et
680 1869 869 1912 meritum,
912 1875 952 1905 ut
990 1881 1034 1906 ea
1074 1882 1204 1906 caussa
1243 1870 1280 1907 in
1320 1870 1513 1922 Prytaneo

75 1924 261 1962 aleretur:
309 1931 367 1969 et,
406 1925 437 1960 si
480 1925 553 1961 vita
587 1922 738 1961 daretur
776 1924 948 1974 longior,
992 1936 1148 1973 unquam
1185 1924 1295 1962 aliter
1331 1926 1515 1963 facturum

76 1986 246 2029 negarat.
307 1979 391 2026 Qua
428 1979 540 2029 igitur
577 1978 623 2016 de
661 1992 701 2016 rc
739 1980 819 2029 ipse
857 1991 899 2016 se
935 1979 1067 2016 merito
1106 1979 1251 2017 amabat
1288 1982 1515 2032 summisque

77 2034 226 2084 dignum
255 2033 457 2071 honoribus
491 2047 575 2071 vere
605 2034 854 2084 gloriabatur:
897 2033 980 2085 quid
1016 2041 1097 2071 erat
1125 2048 1304 2081 caussae,
1335 2049 1403 2074 cur
1433 2037 1514 2074 eius

77 2090 115 2127 in
145 2087 267 2125 studio
305 2090 446 2126 versari
487 2089 580 2125 lilios
612 2089 756 2126 nollet?
812 2088 889 2134 At,
931 2088 1030 2126 dicet
1065 2090 1224 2128 fortasse
1261 2091 1417 2142 aliquis,
1465 2092 1518 2129 ita

79 2143 222 2182 demum
255 2156 318 2182 eos
349 2144 394 2182 ah
425 2144 721 2182 Atheniensibus
751 2144 876 2181 ultimo
906 2144 1086 2194 supplicio
1111 2145 1206 2182 allici
1237 2147 1361 2196 eupit,
1404 2146 1436 2183 si
1465 2147 1519 2185 ita

78 2197 352 2250 reprehendant
380 2199 487 2245 alios,
512 2206 550 2236 ut
570 2200 718 2249 ipsimet
739 2200 886 2236 interim
916 2199 1021 2236 nihili
1051 2201 1123 2237 sint
1146 2200 1373 2253 aliarumque
1393 2214 1519 2240 rerum

78 2255 280 2300 maiorem,
330 2267 434 2304 quam
472 2256 640 2300 virtutis,
691 2267 816 2292 curam
856 2261 1000 2304 gerant.
1076 2255 1179 2293 Itane
1218 2256 1383 2307 quaeso?
1451 2256 1517 2295 Sic

80 2322 222 2360 quoque
261 2322 328 2347 eos
367 2316 484 2346 morte
522 2310 691 2357 multari,
736 2323 841 2360 quam
872 2308 1062 2347 admoneri
1100 2324 1143 2348 ac
1177 2313 1314 2361 corrigi
1355 2311 1518 2350 mavult?

78 2363 177 2402 Nam
209 2365 239 2401 si
270 2364 413 2401 diceret
442 2377 482 2402 se
510 2371 664 2415 petere,
695 2366 851 2415 primum
883 2372 923 2402 ut
952 2365 1059 2402 liberi
1092 2366 1171 2411 sui,
1213 2368 1243 2404 si
1271 2366 1354 2417 quid
1385 2380 1519 2418 pecca-

81 2426 180 2465 rent,
211 2418 577 2470 reprehenderentur
604 2427 713 2471 atque
738 2421 1020 2471 increparentur
1049 2419 1272 2471 diligenter:
1305 2422 1453 2468 deinde,
1486 2423 1519 2460 si

81 2473 297 2512 viderentur
324 2475 373 2511 ita
401 2474 608 2525 depravati,
638 2482 678 2513 ut
707 2476 844 2526 corrigi
877 2489 950 2512 non
980 2483 1147 2526 possent,
1181 2478 1256 2515 vita
1283 2479 1521 2528 privarentur

83 2528 265 2578 denique:
313 2543 385 2567 non
415 2530 633 2575 inhonesta,
676 2542 797 2581 neque
808 2505 959 2575 Daliena
998 2543 1179 2581 personae
1210 2533 1376 2570 Socratis
1417 2539 1521 2571 esset

82 2585 216 2624 oratio.
273 2583 348 2622 Sed
370 2591 408 2621 et
436 2585 548 2623 multa
567 2585 638 2623 alia
665 2587 836 2636 proferre
859 2598 1026 2637 possem,
1053 2587 1183 2637 quibus
1209 2588 1289 2626 eius
1310 2588 1520 2625 sententiae

84 2637 296 2678 absurditas
320 2636 394 2690 ἢ)
435 2639 718 2691 ostenderetur,
769 2641 844 2680 nisi
880 2642 996 2680 satius
1036 2640 1235 2690 ducerem,
1284 2643 1332 2681 iis
1374 2642 1523 2681 omissis

158 2771 182 2796 :⁴.:-
244 2776 263 2798 a
287 2791 294 2796 .
314 2768 367 2798 41.
387 2771 422 2799 Ε.
440 2771 486 2799 St.

161 2768 241 2853 ³2³2?
250 2776 426 2848 Bgarbarum
446 2819 650 2857 vocabulum,
673 2819 739 2851 vid.
758 2821 885 2851 Ruhnk.
905 2820 945 2851 ad
967 2821 1044 2858 Opp.
1066 2822 1153 2852 Tom.
1175 2823 1213 2852 11.
1233 2829 1304 2859 pag.
1325 2821 1395 2853 892.

1542 1870 1604 1902 178
