<?xml version="1.0" encoding="UTF-8"?>
<!DOCTYPE html PUBLIC "-//W3C//DTD XHTML 1.0 Transitional//EN"
    "http://www.w3.org/TR/xhtml1/DTD/xhtml1-transitional.dtd">
<html xmlns="http://www.w3.org/1999/xhtml" xml:lang="en" lang="en">
 <head>
  <title>
</title>
<meta http-equiv="Content-Type" content="text/html;charset=utf-8" />
  <meta name='ocr-system' content='tesseract 3.04.00' />
  <meta name='ocr-capabilities' content='ocr_page ocr_carea ocr_par ocr_line ocrx_word'/>
</head>
<body>
  <div class='ocr_page' id='page_1' title='image "./operaomniaexmssa03mureuoft/operaomniaexmssa03mureuoft_0454.png"; bbox 0 0 1778 3096; ppageno 0'>
   <div class='ocr_carea' id='block_1_1' title="bbox 287 139 1169 185">
    <p class='ocr_par' dir='ltr' id='par_1_1' title="bbox 287 139 1169 185">
     <span class='ocr_line' id='line_1_1' title="bbox 287 139 1169 185; baseline -0.003 0"><span class='ocrx_word' id='word_1_1' title='bbox 287 141 370 185; x_wconf 78' lang='lat'>368</span> <span class='ocrx_word' id='word_1_2' title='bbox 854 139 980 181; x_wconf 81' lang='lat' dir='ltr'><strong>VAR.</strong></span> <span class='ocrx_word' id='word_1_3' title='bbox 1012 140 1169 182; x_wconf 90' lang='lat' dir='ltr'><strong>LECT.</strong></span> 
     </span>
    </p>
   </div>
   <div class='ocr_carea' id='block_1_2' title="bbox 288 250 1739 694">
    <p class='ocr_par' dir='ltr' id='par_1_2' title="bbox 288 250 1739 694">
     <span class='ocr_line' id='line_1_2' title="bbox 289 250 1737 316; baseline -0.001 -22"><span class='ocrx_word' id='word_1_4' title='bbox 289 256 326 294; x_wconf 92' lang='lat' dir='ltr'>in</span> <span class='ocrx_word' id='word_1_5' title='bbox 356 252 463 292; x_wconf 90' lang='lat' dir='ltr'>domo</span> <span class='ocrx_word' id='word_1_6' title='bbox 478 251 526 305; x_wconf 44' lang='grc' dir='ltr'>ἦε)</span> <span class='ocrx_word' id='word_1_7' title='bbox 556 251 755 290; x_wconf 85' lang='lat' dir='ltr'>Pharisaei</span> <span class='ocrx_word' id='word_1_8' title='bbox 783 251 932 289; x_wconf 80' lang='lat' dir='ltr'><strong>cenanti</strong></span> <span class='ocrx_word' id='word_1_9' title='bbox 960 252 1145 289; x_wconf 90' lang='lat' dir='ltr'>communi</span> <span class='ocrx_word' id='word_1_10' title='bbox 1173 253 1333 291; x_wconf 90' lang='lat' dir='ltr'>omnium</span> <span class='ocrx_word' id='word_1_11' title='bbox 1364 250 1529 316; x_wconf 83' lang='lat' dir='ltr'>domino,</span> <span class='ocrx_word' id='word_1_12' title='bbox 1563 253 1737 304; x_wconf 83' lang='lat' dir='ltr'>ingressa</span> 
     </span>
     <span class='ocr_line' id='line_1_3' title="bbox 290 306 1735 360; baseline -0.002 -11"><span class='ocrx_word' id='word_1_13' title='bbox 290 317 417 356; x_wconf 88' lang='lat' dir='ltr'>esset,</span> <span class='ocrx_word' id='word_1_14' title='bbox 455 316 558 348; x_wconf 87' lang='lat' dir='ltr'>retro</span> <span class='ocrx_word' id='word_1_15' title='bbox 589 307 635 344; x_wconf 85' lang='lat' dir='ltr'>ad</span> <span class='ocrx_word' id='word_1_16' title='bbox 675 306 790 357; x_wconf 81' lang='lat' dir='ltr'>pedes</span> <span class='ocrx_word' id='word_1_17' title='bbox 830 307 947 358; x_wconf 87' lang='lat' dir='ltr'>ipsius</span> <span class='ocrx_word' id='word_1_18' title='bbox 976 307 1142 345; x_wconf 79' lang='lat' dir='ltr'><strong>stetisse.</strong></span> <span class='ocrx_word' id='word_1_19' title='bbox 1202 307 1335 360; x_wconf 81' lang='lat' dir='ltr'><strong>Neque</strong></span> <span class='ocrx_word' id='word_1_20' title='bbox 1373 309 1470 346; x_wconf 88' lang='lat' dir='ltr'>enim</span> <span class='ocrx_word' id='word_1_21' title='bbox 1513 307 1735 357; x_wconf 82' lang='lat' dir='ltr'>adveniens,</span> 
     </span>
     <span class='ocr_line' id='line_1_4' title="bbox 291 362 1735 415; baseline -0.001 -12"><span class='ocrx_word' id='word_1_22' title='bbox 291 367 365 403; x_wconf 86' lang='lat' dir='ltr'>ulla</span> <span class='ocrx_word' id='word_1_23' title='bbox 403 364 549 402; x_wconf 90' lang='lat' dir='ltr'>ratione</span> <span class='ocrx_word' id='word_1_24' title='bbox 590 363 770 400; x_wconf 79' lang='lat' dir='ltr'>maiorem</span> <span class='ocrx_word' id='word_1_25' title='bbox 815 362 929 400; x_wconf 89' lang='lat' dir='ltr'>animi</span> <span class='ocrx_word' id='word_1_26' title='bbox 975 362 1275 401; x_wconf 84' lang='lat' dir='ltr'>summissionem</span> <span class='ocrx_word' id='word_1_27' title='bbox 1315 364 1530 415; x_wconf 73' lang='lat' dir='ltr'>significare</span> <span class='ocrx_word' id='word_1_28' title='bbox 1573 371 1735 414; x_wconf 83' lang='lat' dir='ltr'>poterat,</span> 
     </span>
     <span class='ocr_line' id='line_1_5' title="bbox 291 417 1735 472; baseline -0.001 -14"><span class='ocrx_word' id='word_1_29' title='bbox 291 433 398 472; x_wconf 86' lang='lat' dir='ltr'>quam</span> <span class='ocrx_word' id='word_1_30' title='bbox 429 432 509 457; x_wconf 90' lang='lat' dir='ltr'>cum</span> <span class='ocrx_word' id='word_1_31' title='bbox 539 431 622 456; x_wconf 86' lang='lat' dir='ltr'>cum</span> <span class='ocrx_word' id='word_1_32' title='bbox 655 418 725 455; x_wconf 86' lang='lat' dir='ltr'>sihi</span> <span class='ocrx_word' id='word_1_33' title='bbox 755 417 986 456; x_wconf 84' lang='lat' dir='ltr'>nobilissima</span> <span class='ocrx_word' id='word_1_34' title='bbox 1017 418 1150 455; x_wconf 85' lang='lat' dir='ltr'>mulier</span> <span class='ocrx_word' id='word_1_35' title='bbox 1179 418 1297 457; x_wconf 88' lang='lat' dir='ltr'>locum</span> <span class='ocrx_word' id='word_1_36' title='bbox 1329 419 1492 469; x_wconf 82' lang='lat' dir='ltr'>delegit,</span> <span class='ocrx_word' id='word_1_37' title='bbox 1524 420 1586 471; x_wconf 87' lang='lat' dir='ltr'>qui</span> <span class='ocrx_word' id='word_1_38' title='bbox 1616 420 1735 458; x_wconf 89' lang='lat' dir='ltr'>servis</span> 
     </span>
     <span class='ocr_line' id='line_1_6' title="bbox 288 473 1737 527; baseline 0.001 -16"><span class='ocrx_word' id='word_1_39' title='bbox 288 475 442 527; x_wconf 81' lang='lat' dir='ltr'>pr·op1ie</span> <span class='ocrx_word' id='word_1_40' title='bbox 471 480 554 511; x_wconf 82' lang='lat' dir='ltr'>erat</span> <span class='ocrx_word' id='word_1_41' title='bbox 581 473 793 511; x_wconf 84' lang='lat' dir='ltr'>attributus.</span> <span class='ocrx_word' id='word_1_42' title='bbox 845 476 963 512; x_wconf 83' lang='lat' dir='ltr'><em>Stans</em></span> <span class='ocrx_word' id='word_1_43' title='bbox 991 481 1110 519; x_wconf 75' lang='lat' dir='ltr'>reem,</span> <span class='ocrx_word' id='word_1_44' title='bbox 1134 474 1186 510; x_wconf 82' lang='lat' dir='ltr'>ait</span> <span class='ocrx_word' id='word_1_45' title='bbox 1212 474 1254 512; x_wconf 93' lang='lat' dir='ltr'>S.</span> <span class='ocrx_word' id='word_1_46' title='bbox 1282 473 1405 513; x_wconf 91' lang='lat' dir='ltr'>Lucas</span> <span class='ocrx_word' id='word_1_47' title='bbox 1421 473 1518 526; x_wconf 52' lang='grc' dir='ltr'>Μ),</span> <span class='ocrx_word' id='word_1_48' title='bbox 1551 476 1603 513; x_wconf 81' lang='lat' dir='ltr'>ad</span> <span class='ocrx_word' id='word_1_49' title='bbox 1618 476 1737 525; x_wconf 81' lang='lat' dir='ltr'>pedes</span> 
     </span>
     <span class='ocr_line' id='line_1_7' title="bbox 289 528 1736 579; baseline -0.001 -11"><span class='ocrx_word' id='word_1_50' title='bbox 289 544 393 577; x_wconf 80' lang='lat' dir='ltr'>ems,</span> <span class='ocrx_word' id='word_1_51' title='bbox 434 530 603 568; x_wconf 76' lang='lat' dir='ltr'>lacrimis</span> <span class='ocrx_word' id='word_1_52' title='bbox 631 531 755 579; x_wconf 78' lang='lat' dir='ltr'>eoepet</span> <span class='ocrx_word' id='word_1_53' title='bbox 780 530 914 579; x_wconf 60' lang='lat' dir='ltr'>regare</span> <span class='ocrx_word' id='word_1_54' title='bbox 946 530 1063 579; x_wconf 73' lang='lat' dir='ltr'>pedes</span> <span class='ocrx_word' id='word_1_55' title='bbox 1089 542 1182 567; x_wconf 78' lang='lat' dir='ltr'>ems.</span> <span class='ocrx_word' id='word_1_56' title='bbox 1243 528 1391 568; x_wconf 80' lang='lat' dir='ltr'>Seneca</span> <span class='ocrx_word' id='word_1_57' title='bbox 1424 530 1518 568; x_wconf 87' lang='lat' dir='ltr'>libro</span> <span class='ocrx_word' id='word_1_58' title='bbox 1548 531 1659 569; x_wconf 86' lang='lat' dir='ltr'>tertio</span> <span class='ocrx_word' id='word_1_59' title='bbox 1690 529 1736 568; x_wconf 86' lang='lat' dir='ltr'>de</span> 
     </span>
     <span class='ocr_line' id='line_1_8' title="bbox 289 582 1739 637; baseline -0.001 -13"><span class='ocrx_word' id='word_1_60' title='bbox 289 585 495 624; x_wconf 86' lang='lat' dir='ltr'>Beneficiis</span> <span class='ocrx_word' id='word_1_61' title='bbox 509 582 635 637; x_wconf 58' lang='lat'>***):</span> <span class='ocrx_word' id='word_1_62' title='bbox 668 586 718 623; x_wconf 78' lang='lat' dir='ltr'>Ut</span> <span class='ocrx_word' id='word_1_63' title='bbox 735 586 899 635; x_wconf 76' lang='lat' dir='ltr'>primum</span> <span class='ocrx_word' id='word_1_64' title='bbox 929 585 1083 631; x_wconf 67' lang='lat' dir='ltr'>diluxit,</span> <span class='ocrx_word' id='word_1_65' title='bbox 1109 598 1254 630; x_wconf 77' lang='lat' dir='ltr'>servus,</span> <span class='ocrx_word' id='word_1_66' title='bbox 1285 587 1352 635; x_wconf 81' lang='lat' dir='ltr'>quz&#39;</span> <span class='ocrx_word' id='word_1_67' title='bbox 1374 589 1529 624; x_wconf 70' lang='lat' dir='ltr'>cenanti</span> <span class='ocrx_word' id='word_1_68' title='bbox 1553 587 1604 623; x_wconf 77' lang='lat' dir='ltr'>ad</span> <span class='ocrx_word' id='word_1_69' title='bbox 1623 586 1739 636; x_wconf 81' lang='lat' dir='ltr'>pedes</span> 
     </span>
     <span class='ocr_line' id='line_1_9' title="bbox 290 640 1736 694; baseline -0.002 -13"><span class='ocrx_word' id='word_1_70' title='bbox 290 648 465 688; x_wconf 76' lang='lat' dir='ltr'>steterat,</span> <span class='ocrx_word' id='word_1_71' title='bbox 491 647 645 686; x_wconf 80' lang='lat' dir='ltr'>narrat,</span> <span class='ocrx_word' id='word_1_72' title='bbox 671 653 768 691; x_wconf 84' lang='lat' dir='ltr'>quae</span> <span class='ocrx_word' id='word_1_73' title='bbox 795 641 895 677; x_wconf 76' lang='lat' dir='ltr'>inter</span> <span class='ocrx_word' id='word_1_74' title='bbox 917 653 1047 678; x_wconf 76' lang='lat' dir='ltr'>cenam</span> <span class='ocrx_word' id='word_1_75' title='bbox 1078 640 1206 678; x_wconf 71' lang='lat' dir='ltr'>ebrias</span> <span class='ocrx_word' id='word_1_76' title='bbox 1234 641 1408 679; x_wconf 67' lang='lat' dir='ltr'>(lca-isset.</span> <span class='ocrx_word' id='word_1_77' title='bbox 1454 641 1645 680; x_wconf 80' lang='lat' dir='ltr'>Martialis</span> <span class='ocrx_word' id='word_1_78' title='bbox 1660 640 1736 694; x_wconf 81' lang='lat'>†)·</span> 
     </span>
    </p>
   </div>
   <div class='ocr_carea' id='block_1_3' title="bbox 457 718 1394 825">
    <p class='ocr_par' dir='ltr' id='par_1_3' title="bbox 457 718 1394 825">
     <span class='ocr_line' id='line_1_10' title="bbox 457 718 1364 768; baseline -0.001 -12"><span class='ocrx_word' id='word_1_79' title='bbox 457 719 589 757; x_wconf 75' lang='lat' dir='ltr'>Omnia</span> <span class='ocrx_word' id='word_1_80' title='bbox 619 730 701 755; x_wconf 80' lang='lat' dir='ltr'>cum</span> <span class='ocrx_word' id='word_1_81' title='bbox 731 723 839 754; x_wconf 77' lang='lat' dir='ltr'>retro</span> <span class='ocrx_word' id='word_1_82' title='bbox 864 719 996 768; x_wconf 73' lang='lat' dir='ltr'>pueris</span> <span class='ocrx_word' id='word_1_83' title='bbox 1025 718 1182 756; x_wconf 70' lang='lat' dir='ltr'>obsonia</span> <span class='ocrx_word' id='word_1_84' title='bbox 1211 718 1364 765; x_wconf 78' lang='lat' dir='ltr'>tradas,</span> 
     </span>
     <span class='ocr_line' id='line_1_11' title="bbox 512 773 1394 825; baseline 0 -13"><span class='ocrx_word' id='word_1_85' title='bbox 512 774 590 812; x_wconf 78' lang='lat' dir='ltr'>Cur·</span> <span class='ocrx_word' id='word_1_86' title='bbox 617 786 693 811; x_wconf 81' lang='lat' dir='ltr'>non</span> <span class='ocrx_word' id='word_1_87' title='bbox 724 785 852 811; x_wconf 85' lang='lat' dir='ltr'>mensa</span> <span class='ocrx_word' id='word_1_88' title='bbox 882 773 954 811; x_wconf 76' lang='lat' dir='ltr'>te‘be‘</span> <span class='ocrx_word' id='word_1_89' title='bbox 971 776 1131 825; x_wconf 72' lang='lat' dir='ltr'>ponitur·</span> <span class='ocrx_word' id='word_1_90' title='bbox 1158 786 1182 812; x_wconf 87' lang='lat' dir='ltr'>a</span> <span class='ocrx_word' id='word_1_91' title='bbox 1202 773 1394 825; x_wconf 72' lang='lat' dir='ltr'>pedibus?</span> 
     </span>
    </p>
   </div>
   <div class='ocr_carea' id='block_1_4' title="bbox 786 916 1240 959">
    <p class='ocr_par' dir='ltr' id='par_1_4' title="bbox 786 916 1240 959">
     <span class='ocr_line' id='line_1_12' title="bbox 786 916 1240 959; baseline 0.004 -4"><span class='ocrx_word' id='word_1_92' title='bbox 786 916 1080 958; x_wconf 87' lang='lat' dir='ltr'><strong>CAPUT</strong></span> <span class='ocrx_word' id='word_1_93' title='bbox 1134 918 1240 959; x_wconf 90' lang='lat' dir='ltr'><strong>V11.</strong></span> 
     </span>
    </p>
   </div>
   <div class='ocr_carea' id='block_1_5' title="bbox 407 994 1618 1049">
    <p class='ocr_par' dir='ltr' id='par_1_5' title="bbox 407 994 1618 1049">
     <span class='ocr_line' id='line_1_13' title="bbox 407 994 1618 1049; baseline -0.002 -13"><span class='ocrx_word' id='word_1_94' title='bbox 407 996 603 1037; x_wconf 73' lang='lat' dir='ltr'>Aridaeus</span> <span class='ocrx_word' id='word_1_95' title='bbox 629 1001 667 1034; x_wconf 86' lang='lat' dir='ltr'>et</span> <span class='ocrx_word' id='word_1_96' title='bbox 693 995 952 1048; x_wconf 79' lang='lat' dir='ltr'>Apollodorus</span> <span class='ocrx_word' id='word_1_97' title='bbox 983 998 1153 1049; x_wconf 75' lang='lat' dir='ltr'>tyranni.</span> <span class='ocrx_word' id='word_1_98' title='bbox 1212 999 1360 1037; x_wconf 82' lang='lat' dir='ltr'>Seneca</span> <span class='ocrx_word' id='word_1_99' title='bbox 1386 994 1618 1035; x_wconf 77' lang='lat' dir='ltr'>emendatus.</span> 
     </span>
    </p>
   </div>
   <div class='ocr_carea' id='block_1_6' title="bbox 195 1086 1738 2102">
    <p class='ocr_par' dir='ltr' id='par_1_6' title="bbox 195 1086 1738 2102">
     <span class='ocr_line' id='line_1_14' title="bbox 288 1086 1736 1160; baseline -0.003 -13"><span class='ocrx_word' id='word_1_100' title='bbox 288 1086 507 1154; x_wconf 62' lang='lat' dir='ltr'>(Qu-Assum</span> <span class='ocrx_word' id='word_1_101' title='bbox 538 1119 586 1145; x_wconf 87' lang='lat' dir='ltr'>ex</span> <span class='ocrx_word' id='word_1_102' title='bbox 618 1119 676 1145; x_wconf 89' lang='lat' dir='ltr'>me</span> <span class='ocrx_word' id='word_1_103' title='bbox 705 1120 774 1158; x_wconf 88' lang='lat' dir='ltr'>per</span> <span class='ocrx_word' id='word_1_104' title='bbox 802 1107 999 1159; x_wconf 81' lang='lat' dir='ltr'>epistolam</span> <span class='ocrx_word' id='word_1_105' title='bbox 1029 1107 1139 1145; x_wconf 92' lang='lat' dir='ltr'>homo</span> <span class='ocrx_word' id='word_1_106' title='bbox 1168 1106 1363 1155; x_wconf 85' lang='lat' dir='ltr'>eruditus,</span> <span class='ocrx_word' id='word_1_107' title='bbox 1400 1107 1463 1160; x_wconf 91' lang='lat' dir='ltr'>qui</span> <span class='ocrx_word' id='word_1_108' title='bbox 1492 1119 1553 1145; x_wconf 87' lang='lat' dir='ltr'>mc</span> <span class='ocrx_word' id='word_1_109' title='bbox 1582 1111 1736 1144; x_wconf 83' lang='lat' dir='ltr'>auctore</span> 
     </span>
     <span class='ocr_line' id='line_1_15' title="bbox 287 1160 1737 1215; baseline -0.003 -12"><span class='ocrx_word' id='word_1_110' title='bbox 287 1165 472 1203; x_wconf 81' lang='lat' dir='ltr'>Senecam</span> <span class='ocrx_word' id='word_1_111' title='bbox 503 1162 670 1201; x_wconf 76' lang='lat' dir='ltr'>studiose</span> <span class='ocrx_word' id='word_1_112' title='bbox 699 1164 826 1214; x_wconf 83' lang='lat' dir='ltr'>legere</span> <span class='ocrx_word' id='word_1_113' title='bbox 858 1170 1062 1214; x_wconf 87' lang='lat' dir='ltr'>coeperat,</span> <span class='ocrx_word' id='word_1_114' title='bbox 1105 1177 1185 1201; x_wconf 87' lang='lat' dir='ltr'>cum</span> <span class='ocrx_word' id='word_1_115' title='bbox 1216 1163 1262 1201; x_wconf 83' lang='lat' dir='ltr'>ab</span> <span class='ocrx_word' id='word_1_116' title='bbox 1292 1177 1337 1201; x_wconf 94' lang='lat' dir='ltr'>eo</span> <span class='ocrx_word' id='word_1_117' title='bbox 1377 1164 1481 1215; x_wconf 90' lang='lat' dir='ltr'>prius</span> <span class='ocrx_word' id='word_1_118' title='bbox 1511 1174 1615 1199; x_wconf 88' lang='lat' dir='ltr'>more</span> <span class='ocrx_word' id='word_1_119' title='bbox 1645 1160 1737 1198; x_wconf 91' lang='lat' dir='ltr'>mul·</span> 
     </span>
     <span class='ocr_line' id='line_1_16' title="bbox 286 1216 1734 1270; baseline -0.003 -12"><span class='ocrx_word' id='word_1_120' title='bbox 286 1228 408 1258; x_wconf 89' lang='lat' dir='ltr'>torum</span> <span class='ocrx_word' id='word_1_121' title='bbox 439 1219 724 1265; x_wconf 81' lang='lat' dir='ltr'><strong>abhorruisset,</strong></span> <span class='ocrx_word' id='word_1_122' title='bbox 768 1220 830 1269; x_wconf 86' lang='lat' dir='ltr'>qui</span> <span class='ocrx_word' id='word_1_123' title='bbox 858 1220 1019 1256; x_wconf 85' lang='lat' dir='ltr'>fuissent</span> <span class='ocrx_word' id='word_1_124' title='bbox 1049 1231 1116 1257; x_wconf 86' lang='lat' dir='ltr'>rex</span> <span class='ocrx_word' id='word_1_125' title='bbox 1148 1218 1361 1257; x_wconf 87' lang='lat' dir='ltr'>Arrhideus</span> <span class='ocrx_word' id='word_1_126' title='bbox 1395 1225 1434 1256; x_wconf 91' lang='lat' dir='ltr'>et</span> <span class='ocrx_word' id='word_1_127' title='bbox 1463 1216 1734 1270; x_wconf 83' lang='lat' dir='ltr'>Apollodorus,</span> 
     </span>
     <span class='ocr_line' id='line_1_17' title="bbox 286 1271 1734 1327; baseline -0.003 -14"><span class='ocrx_word' id='word_1_128' title='bbox 286 1277 349 1327; x_wconf 90' lang='lat' dir='ltr'>qui</span> <span class='ocrx_word' id='word_1_129' title='bbox 380 1275 426 1312; x_wconf 81' lang='lat' dir='ltr'>ab</span> <span class='ocrx_word' id='word_1_130' title='bbox 457 1287 501 1312; x_wconf 89' lang='lat' dir='ltr'>eo</span> <span class='ocrx_word' id='word_1_131' title='bbox 534 1275 635 1312; x_wconf 86' lang='lat' dir='ltr'>inter</span> <span class='ocrx_word' id='word_1_132' title='bbox 665 1274 767 1311; x_wconf 87' lang='lat' dir='ltr'>feros</span> <span class='ocrx_word' id='word_1_133' title='bbox 798 1281 836 1311; x_wconf 91' lang='lat' dir='ltr'>et</span> <span class='ocrx_word' id='word_1_134' title='bbox 866 1273 1038 1311; x_wconf 75' lang='lat' dir='ltr'><strong>crudeles</strong></span> <span class='ocrx_word' id='word_1_135' title='bbox 1069 1275 1351 1312; x_wconf 87' lang='lat' dir='ltr'>nominarentur</span> <span class='ocrx_word' id='word_1_136' title='bbox 1365 1273 1465 1326; x_wconf 78' lang='lat'><strong>††).</strong></span> <span class='ocrx_word' id='word_1_137' title='bbox 1519 1271 1734 1322; x_wconf 84' lang='lat' dir='ltr'><strong>Respondi,</strong></span> 
     </span>
     <span class='ocr_line' id='line_1_18' title="bbox 286 1327 1733 1380; baseline -0.003 -12"><span class='ocrx_word' id='word_1_138' title='bbox 286 1331 332 1369; x_wconf 90' lang='lat' dir='ltr'>de</span> <span class='ocrx_word' id='word_1_139' title='bbox 360 1329 553 1368; x_wconf 90' lang='lat' dir='ltr'>Arrhideo</span> <span class='ocrx_word' id='word_1_140' title='bbox 584 1328 731 1380; x_wconf 85' lang='lat' dir='ltr'>quidem</span> <span class='ocrx_word' id='word_1_141' title='bbox 762 1335 803 1366; x_wconf 90' lang='lat' dir='ltr'>ut</span> <span class='ocrx_word' id='word_1_142' title='bbox 826 1327 1028 1375; x_wconf 76' lang='lat' dir='ltr'>dubitaret,</span> <span class='ocrx_word' id='word_1_143' title='bbox 1063 1329 1198 1366; x_wconf 86' lang='lat' dir='ltr'>factum</span> <span class='ocrx_word' id='word_1_144' title='bbox 1229 1342 1314 1367; x_wconf 90' lang='lat' dir='ltr'>esse</span> <span class='ocrx_word' id='word_1_145' title='bbox 1344 1329 1450 1380; x_wconf 86' lang='lat' dir='ltr'>culpa</span> <span class='ocrx_word' id='word_1_146' title='bbox 1479 1328 1733 1373; x_wconf 81' lang='lat' dir='ltr'>librariorum,</span> 
     </span>
     <span class='ocr_line' id='line_1_19' title="bbox 286 1382 1734 1437; baseline -0.003 -14"><span class='ocrx_word' id='word_1_147' title='bbox 286 1387 348 1437; x_wconf 90' lang='lat' dir='ltr'>qui</span> <span class='ocrx_word' id='word_1_148' title='bbox 364 1386 602 1424; x_wconf 72' lang='lat' dir='ltr'>Arrhideum</span> <span class='ocrx_word' id='word_1_149' title='bbox 623 1397 690 1434; x_wconf 84' lang='lat' dir='ltr'>pro</span> <span class='ocrx_word' id='word_1_150' title='bbox 713 1385 886 1423; x_wconf 72' lang='lat' dir='ltr'>Aridaeo</span> <span class='ocrx_word' id='word_1_151' title='bbox 916 1384 1174 1435; x_wconf 84' lang='lat' dir='ltr'>scripsissent.</span> <span class='ocrx_word' id='word_1_152' title='bbox 1220 1384 1357 1422; x_wconf 82' lang='lat' dir='ltr'>Fuisse</span> <span class='ocrx_word' id='word_1_153' title='bbox 1382 1391 1504 1422; x_wconf 89' lang='lat' dir='ltr'>autem</span> <span class='ocrx_word' id='word_1_154' title='bbox 1526 1382 1734 1421; x_wconf 89' lang='lat' dir='ltr'>Aridaeum</span> 
     </span>
     <span class='ocr_line' id='line_1_20' title="bbox 284 1439 1735 1489; baseline -0.002 -11"><span class='ocrx_word' id='word_1_155' title='bbox 284 1439 494 1478; x_wconf 77' lang='lat' dir='ltr'>Alexandri</span> <span class='ocrx_word' id='word_1_156' title='bbox 526 1439 660 1488; x_wconf 83' lang='lat' dir='ltr'>Magni</span> <span class='ocrx_word' id='word_1_157' title='bbox 689 1440 869 1485; x_wconf 86' lang='lat' dir='ltr'>fratrem,</span> <span class='ocrx_word' id='word_1_158' title='bbox 902 1452 948 1476; x_wconf 83' lang='lat' dir='ltr'>ex</span> <span class='ocrx_word' id='word_1_159' title='bbox 982 1439 1137 1489; x_wconf 83' lang='lat' dir='ltr'>ignobili</span> <span class='ocrx_word' id='word_1_160' title='bbox 1165 1440 1318 1477; x_wconf 86' lang='lat' dir='ltr'>muliere</span> <span class='ocrx_word' id='word_1_161' title='bbox 1345 1446 1488 1477; x_wconf 88' lang='lat' dir='ltr'>ortum:</span> <span class='ocrx_word' id='word_1_162' title='bbox 1517 1439 1623 1476; x_wconf 88' lang='lat' dir='ltr'>cuius</span> <span class='ocrx_word' id='word_1_163' title='bbox 1657 1450 1735 1475; x_wconf 91' lang='lat' dir='ltr'>me-</span> 
     </span>
     <span class='ocr_line' id='line_1_21' title="bbox 285 1492 1731 1546; baseline -0.001 -13"><span class='ocrx_word' id='word_1_164' title='bbox 285 1496 456 1534; x_wconf 85' lang='lat' dir='ltr'>minisset</span> <span class='ocrx_word' id='word_1_165' title='bbox 495 1501 532 1532; x_wconf 81' lang='lat' dir='ltr'>et</span> <span class='ocrx_word' id='word_1_166' title='bbox 568 1493 793 1531; x_wconf 84' lang='lat' dir='ltr'>Plutarchus</span> <span class='ocrx_word' id='word_1_167' title='bbox 837 1493 883 1531; x_wconf 88' lang='lat' dir='ltr'>ad</span> <span class='ocrx_word' id='word_1_168' title='bbox 919 1495 1027 1531; x_wconf 84' lang='lat' dir='ltr'>finem</span> <span class='ocrx_word' id='word_1_169' title='bbox 1067 1493 1276 1532; x_wconf 83' lang='lat' dir='ltr'>Alexandri</span> <span class='ocrx_word' id='word_1_170' title='bbox 1301 1494 1435 1546; x_wconf 75' lang='lat'><strong>†††).</strong></span> <span class='ocrx_word' id='word_1_171' title='bbox 1503 1492 1580 1532; x_wconf 81' lang='lat' dir='ltr'>Sed</span> <span class='ocrx_word' id='word_1_172' title='bbox 1620 1499 1657 1531; x_wconf 88' lang='lat' dir='ltr'>et</span> <span class='ocrx_word' id='word_1_173' title='bbox 1694 1494 1731 1532; x_wconf 87' lang='lat' dir='ltr'>in</span> 
     </span>
     <span class='ocr_line' id='line_1_22' title="bbox 285 1547 1730 1616; baseline -0.003 -27"><span class='ocrx_word' id='word_1_174' title='bbox 285 1550 574 1596; x_wconf 86' lang='lat' dir='ltr'>commentario,</span> <span class='ocrx_word' id='word_1_175' title='bbox 612 1551 713 1588; x_wconf 75' lang='lat' dir='ltr'>Num</span> <span class='ocrx_word' id='word_1_176' title='bbox 741 1550 888 1587; x_wconf 72' lang='lat' dir='ltr'>seniore</span> <span class='ocrx_word' id='word_1_177' title='bbox 910 1550 1084 1598; x_wconf 67' lang='lat' dir='ltr'>verenda</span> <span class='ocrx_word' id='word_1_178' title='bbox 1124 1551 1176 1587; x_wconf 77' lang='lat' dir='ltr'>stt</span> <span class='ocrx_word' id='word_1_179' title='bbox 1204 1549 1418 1598; x_wconf 75' lang='lat' dir='ltr'>respublica</span> <span class='ocrx_word' id='word_1_180' title='bbox 1433 1547 1516 1616; x_wconf 61' lang='lat'>³7⁵),</span> <span class='ocrx_word' id='word_1_181' title='bbox 1551 1549 1601 1586; x_wconf 81' lang='lat' dir='ltr'>ita</span> <span class='ocrx_word' id='word_1_182' title='bbox 1632 1549 1730 1598; x_wconf 85' lang='lat' dir='ltr'>legi.</span> 
     </span>
     <span class='ocr_line' id='line_1_23' title="bbox 284 1597 1736 1673; baseline -0.002 -28"><span class='ocrx_word' id='word_1_183' title='bbox 284 1606 364 1646; x_wconf 86' lang='grc' dir='ltr'>Καὶ</span> <span class='ocrx_word' id='word_1_184' title='bbox 390 1622 462 1660; x_wconf 79' lang='grc' dir='ltr'>γαρ</span> <span class='ocrx_word' id='word_1_185' title='bbox 490 1603 557 1644; x_wconf 83' lang='grc' dir='ltr'>καὶ</span> <span class='ocrx_word' id='word_1_186' title='bbox 578 1601 775 1656; x_wconf 83' lang='grc' dir='ltr'><em>Ἀριδαῖος</em></span> <span class='ocrx_word' id='word_1_187' title='bbox 796 1597 849 1655; x_wconf 75' lang='grc' dir='ltr'>ἦν</span> <span class='ocrx_word' id='word_1_188' title='bbox 876 1603 984 1653; x_wconf 84' lang='grc' dir='ltr'><em>νέος,</em></span> <span class='ocrx_word' id='word_1_189' title='bbox 1014 1603 1134 1673; x_wconf 77' lang='grc' dir='ltr'><em>γέρων</em></span> <span class='ocrx_word' id='word_1_190' title='bbox 1163 1602 1204 1643; x_wconf 79' lang='grc' dir='ltr'>δὲ</span> <span class='ocrx_word' id='word_1_191' title='bbox 1226 1601 1465 1671; x_wconf 77' lang='grc' dir='ltr'><em>Ἀντίγονος·</em></span> <span class='ocrx_word' id='word_1_192' title='bbox 1496 1600 1579 1643; x_wconf 80' lang='grc' dir='ltr'>ἀλλ’</span> <span class='ocrx_word' id='word_1_193' title='bbox 1616 1619 1636 1643; x_wconf 93' lang='grc' dir='ltr'><em>ο</em></span> <span class='ocrx_word' id='word_1_194' title='bbox 1666 1601 1736 1655; x_wconf 78' lang='grc' dir='ltr'>μὲν</span> 
     </span>
     <span class='ocr_line' id='line_1_24' title="bbox 284 1656 1735 1715; baseline -0.002 -14"><span class='ocrx_word' id='word_1_195' title='bbox 284 1661 438 1702; x_wconf 67' lang='grc' dir='ltr'><em>ἅπασαν</em></span> <span class='ocrx_word' id='word_1_196' title='bbox 467 1658 601 1713; x_wconf 78' lang='grc' dir='ltr'>ὀλίγου</span> <span class='ocrx_word' id='word_1_197' title='bbox 630 1661 710 1700; x_wconf 83' lang='grc' dir='ltr'><em>δεῖν</em></span> <span class='ocrx_word' id='word_1_198' title='bbox 737 1656 991 1715; x_wconf 79' lang='grc' dir='ltr'><em>κατεκτήσατο</em></span> <span class='ocrx_word' id='word_1_199' title='bbox 1019 1657 1090 1711; x_wconf 79' lang='grc' dir='ltr'>τὴν</span> <span class='ocrx_word' id='word_1_200' title='bbox 1110 1656 1259 1708; x_wconf 85' lang='grc' dir='ltr'><em>Ἀσίαν,</em></span> <span class='ocrx_word' id='word_1_201' title='bbox 1285 1675 1305 1699; x_wconf 95' lang='grc' dir='ltr'><em>ο</em></span> <span class='ocrx_word' id='word_1_202' title='bbox 1336 1659 1377 1699; x_wconf 77' lang='grc' dir='ltr'>δὲ</span> <span class='ocrx_word' id='word_1_203' title='bbox 1405 1657 1527 1713; x_wconf 82' lang='grc' dir='ltr'><strong><em>ὥςπερ</em></strong></span> <span class='ocrx_word' id='word_1_204' title='bbox 1554 1658 1617 1699; x_wconf 80' lang='grc' dir='ltr'>ἐπὶ</span> <span class='ocrx_word' id='word_1_205' title='bbox 1644 1671 1735 1710; x_wconf 85' lang='grc' dir='ltr'><em>σκη-</em></span> 
     </span>
     <span class='ocr_line' id='line_1_25' title="bbox 195 1711 1732 1785; baseline -0.003 -26"><span class='ocrx_word' id='word_1_206' title='bbox 195 1728 258 1759; x_wconf 77' lang='grc'>366</span> <span class='ocrx_word' id='word_1_207' title='bbox 284 1721 356 1769; x_wconf 83' lang='grc' dir='ltr'>νῆς</span> <span class='ocrx_word' id='word_1_208' title='bbox 386 1714 661 1785; x_wconf 78' lang='grc' dir='ltr'><em>δορυφόρημα,</em></span> <span class='ocrx_word' id='word_1_209' title='bbox 690 1712 826 1766; x_wconf 79' lang='grc' dir='ltr'><em>κωφὸν</em></span> <span class='ocrx_word' id='word_1_210' title='bbox 855 1716 908 1767; x_wconf 81' lang='grc' dir='ltr'>ἠν</span> <span class='ocrx_word' id='word_1_211' title='bbox 936 1711 1059 1766; x_wconf 79' lang='grc' dir='ltr'><em>ὄνομα</em></span> <span class='ocrx_word' id='word_1_212' title='bbox 1086 1715 1299 1767; x_wconf 81' lang='grc' dir='ltr'><em>βασιλείας,</em></span> <span class='ocrx_word' id='word_1_213' title='bbox 1329 1714 1395 1755; x_wconf 82' lang='grc' dir='ltr'>καὶ</span> <span class='ocrx_word' id='word_1_214' title='bbox 1423 1716 1630 1767; x_wconf 81' lang='grc' dir='ltr'><em>πρόςωπον</em></span> <span class='ocrx_word' id='word_1_215' title='bbox 1653 1711 1732 1754; x_wconf 82' lang='grc' dir='ltr'>υπὸ</span> 
     </span>
     <span class='ocr_line' id='line_1_26' title="bbox 283 1767 1733 1825; baseline -0.004 -12"><span class='ocrx_word' id='word_1_216' title='bbox 283 1777 362 1814; x_wconf 78' lang='grc' dir='ltr'>τῶν</span> <span class='ocrx_word' id='word_1_217' title='bbox 391 1770 450 1812; x_wconf 75' lang='grc' dir='ltr'>ἀεὶ</span> <span class='ocrx_word' id='word_1_218' title='bbox 478 1768 720 1825; x_wconf 77' lang='grc' dir='ltr'><em>κρατούντων</em></span> <span class='ocrx_word' id='word_1_219' title='bbox 746 1767 1061 1824; x_wconf 81' lang='grc' dir='ltr'><em>παροινούμενον.</em></span> <span class='ocrx_word' id='word_1_220' title='bbox 1111 1771 1324 1808; x_wconf 85' lang='lat' dir='ltr'>Philinnam</span> <span class='ocrx_word' id='word_1_221' title='bbox 1355 1771 1619 1808; x_wconf 67' lang='lat' dir='ltr'>salt-utriculam</span> <span class='ocrx_word' id='word_1_222' title='bbox 1641 1769 1733 1808; x_wconf 90' lang='lat' dir='ltr'>Ari-</span> 
     </span>
     <span class='ocr_line' id='line_1_27' title="bbox 285 1825 1734 1877; baseline -0.003 -10"><span class='ocrx_word' id='word_1_223' title='bbox 285 1828 370 1867; x_wconf 84' lang='lat' dir='ltr'>daei</span> <span class='ocrx_word' id='word_1_224' title='bbox 409 1835 563 1866; x_wconf 81' lang='lat' dir='ltr'>matrem</span> <span class='ocrx_word' id='word_1_225' title='bbox 606 1827 723 1864; x_wconf 89' lang='lat' dir='ltr'>fuisse</span> <span class='ocrx_word' id='word_1_226' title='bbox 762 1827 919 1877; x_wconf 85' lang='lat' dir='ltr'>legimus</span> <span class='ocrx_word' id='word_1_227' title='bbox 968 1825 1065 1877; x_wconf 89' lang='lat' dir='ltr'>apud</span> <span class='ocrx_word' id='word_1_228' title='bbox 1108 1826 1344 1863; x_wconf 75' lang='lat' dir='ltr'>Athenaeum</span> <span class='ocrx_word' id='word_1_229' title='bbox 1385 1826 1480 1863; x_wconf 85' lang='lat' dir='ltr'>libro</span> <span class='ocrx_word' id='word_1_230' title='bbox 1519 1827 1643 1864; x_wconf 83' lang='lat' dir='ltr'>tertio</span> <span class='ocrx_word' id='word_1_231' title='bbox 1668 1825 1734 1863; x_wconf 85' lang='lat' dir='ltr'>de-</span> 
     </span>
     <span class='ocr_line' id='line_1_28' title="bbox 284 1880 1733 1936; baseline -0.002 -14"><span class='ocrx_word' id='word_1_232' title='bbox 284 1886 381 1923; x_wconf 87' lang='lat' dir='ltr'>cimo</span> <span class='ocrx_word' id='word_1_233' title='bbox 397 1881 488 1936; x_wconf 34' lang='grc' dir='ltr'>ἢ).</span> <span class='ocrx_word' id='word_1_234' title='bbox 548 1882 769 1933; x_wconf 88' lang='lat' dir='ltr'>Apollodori</span> <span class='ocrx_word' id='word_1_235' title='bbox 811 1889 933 1920; x_wconf 88' lang='lat' dir='ltr'>autem</span> <span class='ocrx_word' id='word_1_236' title='bbox 973 1882 1124 1934; x_wconf 81' lang='lat' dir='ltr'>tyranni</span> <span class='ocrx_word' id='word_1_237' title='bbox 1173 1882 1397 1919; x_wconf 85' lang='lat' dir='ltr'>mentionem</span> <span class='ocrx_word' id='word_1_238' title='bbox 1435 1893 1521 1919; x_wconf 91' lang='lat' dir='ltr'>esse</span> <span class='ocrx_word' id='word_1_239' title='bbox 1559 1888 1598 1919; x_wconf 87' lang='lat' dir='ltr'>et</span> <span class='ocrx_word' id='word_1_240' title='bbox 1635 1880 1733 1932; x_wconf 86' lang='lat' dir='ltr'>apud</span> 
     </span>
     <span class='ocr_line' id='line_1_29' title="bbox 284 1936 1738 1989; baseline -0.003 -11"><span class='ocrx_word' id='word_1_241' title='bbox 284 1939 444 1978; x_wconf 90' lang='lat' dir='ltr'>eundem</span> <span class='ocrx_word' id='word_1_242' title='bbox 467 1938 724 1984; x_wconf 83' lang='lat' dir='ltr'>Plutarchum,</span> <span class='ocrx_word' id='word_1_243' title='bbox 758 1937 869 1985; x_wconf 85' lang='lat' dir='ltr'>libro,</span> <span class='ocrx_word' id='word_1_244' title='bbox 904 1951 975 1989; x_wconf 92' lang='lat' dir='ltr'>quo</span> <span class='ocrx_word' id='word_1_245' title='bbox 1008 1936 1185 1988; x_wconf 86' lang='lat' dir='ltr'>disputat,</span> <span class='ocrx_word' id='word_1_246' title='bbox 1216 1938 1440 1987; x_wconf 77' lang='lat' dir='ltr'>Plzz&#39;losoplzo</span> <span class='ocrx_word' id='word_1_247' title='bbox 1468 1950 1550 1974; x_wconf 75' lang='lat' dir='ltr'>cam</span> <span class='ocrx_word' id='word_1_248' title='bbox 1577 1939 1638 1981; x_wconf 69' lang='grc' dir='ltr'>ιἰἱς,</span> <span class='ocrx_word' id='word_1_249' title='bbox 1669 1938 1738 1986; x_wconf 77' lang='lat' dir='ltr'>qui</span> 
     </span>
     <span class='ocr_line' id='line_1_30' title="bbox 283 1989 1729 2045; baseline -0.003 -11"><span class='ocrx_word' id='word_1_250' title='bbox 283 2009 411 2034; x_wconf 77' lang='lat' dir='ltr'>rerum</span> <span class='ocrx_word' id='word_1_251' title='bbox 436 1996 662 2045; x_wconf 67' lang='lat' dir='ltr'>potiantur,</span> <span class='ocrx_word' id='word_1_252' title='bbox 703 1995 764 2033; x_wconf 85' lang='lat' dir='ltr'>vel</span> <span class='ocrx_word' id='word_1_253' title='bbox 787 1995 950 2032; x_wconf 64' lang='lat' dir='ltr'>maxime</span> <span class='ocrx_word' id='word_1_254' title='bbox 979 2006 1184 2031; x_wconf 74' lang='lat' dir='ltr'>sermonem</span> <span class='ocrx_word' id='word_1_255' title='bbox 1214 1992 1482 2045; x_wconf 77' lang='lat' dir='ltr'>conserendum</span> <span class='ocrx_word' id='word_1_256' title='bbox 1517 2006 1597 2030; x_wconf 81' lang='lat' dir='ltr'>esse</span> <span class='ocrx_word' id='word_1_257' title='bbox 1611 1989 1729 2044; x_wconf 32' lang='grc' dir='ltr'>Ἡψ),</span> 
     </span>
     <span class='ocr_line' id='line_1_31' title="bbox 285 2045 1732 2102; baseline -0.003 -13"><span class='ocrx_word' id='word_1_258' title='bbox 285 2057 324 2090; x_wconf 91' lang='lat' dir='ltr'>et</span> <span class='ocrx_word' id='word_1_259' title='bbox 352 2049 448 2102; x_wconf 86' lang='lat' dir='ltr'>apud</span> <span class='ocrx_word' id='word_1_260' title='bbox 474 2049 627 2087; x_wconf 84' lang='lat' dir='ltr'>Suidam</span> <span class='ocrx_word' id='word_1_261' title='bbox 657 2050 695 2088; x_wconf 92' lang='lat' dir='ltr'>in</span> <span class='ocrx_word' id='word_1_262' title='bbox 726 2062 818 2089; x_wconf 90' lang='lat' dir='ltr'>voce</span> <span class='ocrx_word' id='word_1_263' title='bbox 845 2045 1067 2102; x_wconf 83' lang='grc' dir='ltr'><em>Ἱερώνυμος</em></span> <span class='ocrx_word' id='word_1_264' title='bbox 1079 2047 1147 2102; x_wconf 77' lang='lat'><strong>†).</strong></span> <span class='ocrx_word' id='word_1_265' title='bbox 1207 2048 1329 2095; x_wconf 87' lang='lat' dir='ltr'>Haec,</span> <span class='ocrx_word' id='word_1_266' title='bbox 1361 2060 1569 2100; x_wconf 82' lang='lat' dir='ltr'>quanquam</span> <span class='ocrx_word' id='word_1_267' title='bbox 1597 2059 1732 2086; x_wconf 89' lang='lat' dir='ltr'>recon-</span> 
     </span>
    </p>
   </div>
   <div class='ocr_carea' id='block_1_7' title="bbox 283 2181 1731 2332">
    <p class='ocr_par' dir='ltr' id='par_1_7' title="bbox 283 2181 1731 2332">
     <span class='ocr_line' id='line_1_32' title="bbox 359 2181 1731 2221; baseline -0.001 -9"><span class='ocrx_word' id='word_1_268' title='bbox 359 2185 404 2221; x_wconf 63' lang='grc' dir='ltr'>εῑε)</span> <span class='ocrx_word' id='word_1_269' title='bbox 435 2184 476 2214; x_wconf 94' lang='lat' dir='ltr'>A.</span> <span class='ocrx_word' id='word_1_270' title='bbox 497 2185 622 2213; x_wconf 83' lang='lat' dir='ltr'>Mureto</span> <span class='ocrx_word' id='word_1_271' title='bbox 642 2182 794 2217; x_wconf 71' lang='lat' dir='ltr'>scriptum</span> <span class='ocrx_word' id='word_1_272' title='bbox 814 2181 956 2210; x_wconf 82' lang='lat' dir='ltr'>videtur:</span> <span class='ocrx_word' id='word_1_273' title='bbox 989 2188 1057 2210; x_wconf 83' lang='lat' dir='ltr'>cum</span> <span class='ocrx_word' id='word_1_274' title='bbox 1084 2181 1116 2209; x_wconf 79' lang='lat' dir='ltr'>in</span> <span class='ocrx_word' id='word_1_275' title='bbox 1136 2182 1257 2209; x_wconf 80' lang='lat' dir='ltr'>domum</span> <span class='ocrx_word' id='word_1_276' title='bbox 1277 2181 1457 2216; x_wconf 78' lang='lat' dir='ltr'>Pharisaei,</span> <span class='ocrx_word' id='word_1_277' title='bbox 1489 2182 1618 2210; x_wconf 78' lang='lat' dir='ltr'>cenante</span> <span class='ocrx_word' id='word_1_278' title='bbox 1644 2188 1731 2210; x_wconf 86' lang='lat' dir='ltr'>com-</span> 
     </span>
     <span class='ocr_line' id='line_1_33' title="bbox 284 2219 1729 2254; baseline -0.004 -1"><span class='ocrx_word' id='word_1_279' title='bbox 284 2225 369 2253; x_wconf 73' lang='lat' dir='ltr'>mum·</span> <span class='ocrx_word' id='word_1_280' title='bbox 389 2225 448 2252; x_wconf 82' lang='lat' dir='ltr'>etc.</span> <span class='ocrx_word' id='word_1_281' title='bbox 488 2223 526 2250; x_wconf 90' lang='lat' dir='ltr'>D.</span> <span class='ocrx_word' id='word_1_282' title='bbox 547 2223 585 2250; x_wconf 82' lang='lat' dir='ltr'><strong>R.</strong></span> <span class='ocrx_word' id='word_1_283' title='bbox 606 2238 643 2242; x_wconf 98' lang='lat'><strong>—</strong></span> <span class='ocrx_word' id='word_1_284' title='bbox 682 2221 760 2249; x_wconf 77' lang='lat' dir='ltr'>Mihi</span> <span class='ocrx_word' id='word_1_285' title='bbox 787 2220 865 2247; x_wconf 81' lang='lat' dir='ltr'>nihil</span> <span class='ocrx_word' id='word_1_286' title='bbox 893 2220 1077 2247; x_wconf 79' lang='lat' dir='ltr'>mutandum</span> <span class='ocrx_word' id='word_1_287' title='bbox 1098 2219 1242 2252; x_wconf 66' lang='lat' dir='ltr'>videtur,</span> <span class='ocrx_word' id='word_1_288' title='bbox 1272 2219 1333 2247; x_wconf 78' lang='lat' dir='ltr'>nisi</span> <span class='ocrx_word' id='word_1_289' title='bbox 1354 2220 1495 2247; x_wconf 77' lang='lat' dir='ltr'>coenanti</span> <span class='ocrx_word' id='word_1_290' title='bbox 1518 2219 1550 2247; x_wconf 89' lang='lat' dir='ltr'>in</span> <span class='ocrx_word' id='word_1_291' title='bbox 1570 2221 1729 2254; x_wconf 75' lang='lat' dir='ltr'>coenante,</span> 
     </span>
     <span class='ocr_line' id='line_1_34' title="bbox 285 2256 1729 2294; baseline -0.004 -2"><span class='ocrx_word' id='word_1_292' title='bbox 285 2266 318 2292; x_wconf 84' lang='lat' dir='ltr'>et</span> <span class='ocrx_word' id='word_1_293' title='bbox 338 2262 385 2291; x_wconf 83' lang='lat' dir='ltr'>sic</span> <span class='ocrx_word' id='word_1_294' title='bbox 405 2260 679 2294; x_wconf 81' lang='lat' dir='ltr'>distinguendum:</span> <span class='ocrx_word' id='word_1_295' title='bbox 709 2265 793 2293; x_wconf 77' lang='lat' dir='ltr'>cum,</span> <span class='ocrx_word' id='word_1_296' title='bbox 815 2259 847 2284; x_wconf 83' lang='lat' dir='ltr'>in</span> <span class='ocrx_word' id='word_1_297' title='bbox 867 2258 956 2284; x_wconf 78' lang='lat' dir='ltr'>domo</span> <span class='ocrx_word' id='word_1_298' title='bbox 977 2257 1139 2284; x_wconf 77' lang='lat' dir='ltr'>Phar-isaei</span> <span class='ocrx_word' id='word_1_299' title='bbox 1158 2260 1305 2285; x_wconf 76' lang='lat' dir='ltr'>coenante</span> <span class='ocrx_word' id='word_1_300' title='bbox 1325 2260 1384 2286; x_wconf 83' lang='lat' dir='ltr'>etc.</span> <span class='ocrx_word' id='word_1_301' title='bbox 1423 2256 1494 2285; x_wconf 80' lang='lat' dir='ltr'>Vid.</span> <span class='ocrx_word' id='word_1_302' title='bbox 1514 2257 1591 2286; x_wconf 73' lang='lat' dir='ltr'><strong>Luc.</strong></span> <span class='ocrx_word' id='word_1_303' title='bbox 1610 2264 1679 2292; x_wconf 79' lang='lat' dir='ltr'>cap.</span> <span class='ocrx_word' id='word_1_304' title='bbox 1700 2257 1729 2286; x_wconf 84' lang='grc'><strong>7.</strong></span> 
     </span>
     <span class='ocr_line' id='line_1_35' title="bbox 283 2294 1490 2332; baseline -0.005 -3"><span class='ocrx_word' id='word_1_305' title='bbox 283 2307 316 2330; x_wconf 87' lang='grc' dir='ltr'>ν.</span> <span class='ocrx_word' id='word_1_306' title='bbox 337 2301 388 2329; x_wconf 83' lang='grc'><strong>37.</strong></span> <span class='ocrx_word' id='word_1_307' title='bbox 411 2306 454 2327; x_wconf 86' lang='lat' dir='ltr'>ex</span> <span class='ocrx_word' id='word_1_308' title='bbox 473 2305 559 2327; x_wconf 82' lang='lat' dir='ltr'>vers,</span> <span class='ocrx_word' id='word_1_309' title='bbox 578 2298 667 2332; x_wconf 84' lang='lat' dir='ltr'>vulg.</span> <span class='ocrx_word' id='word_1_310' title='bbox 706 2297 754 2324; x_wconf 90' lang='lat' dir='ltr'>De</span> <span class='ocrx_word' id='word_1_311' title='bbox 774 2302 809 2324; x_wconf 85' lang='lat' dir='ltr'>re</span> <span class='ocrx_word' id='word_1_312' title='bbox 828 2294 866 2324; x_wconf 80' lang='lat' dir='ltr'>cs.</span> <span class='ocrx_word' id='word_1_313' title='bbox 888 2295 1026 2324; x_wconf 81' lang='lat' dir='ltr'>Turneb.</span> <span class='ocrx_word' id='word_1_314' title='bbox 1045 2295 1185 2325; x_wconf 83' lang='lat' dir='ltr'>Advers.</span> <span class='ocrx_word' id='word_1_315' title='bbox 1205 2296 1287 2325; x_wconf 87' lang='lat' dir='ltr'><strong>XVI.</strong></span> <span class='ocrx_word' id='word_1_316' title='bbox 1307 2297 1337 2325; x_wconf 84' lang='lat'><strong>5.</strong></span> <span class='ocrx_word' id='word_1_317' title='bbox 1376 2296 1490 2324; x_wconf 78' lang='lat' dir='ltr'><strong>FAEsl.</strong></span> 
     </span>
    </p>
   </div>
   <div class='ocr_carea' id='block_1_8' title="bbox 359 2344 1239 2483">
    <p class='ocr_par' dir='ltr' id='par_1_8' title="bbox 359 2344 1230 2483">
     <span class='ocr_line' id='line_1_36' title="bbox 359 2344 691 2383; baseline -0.003 -10"><span class='ocrx_word' id='word_1_318' title='bbox 359 2348 427 2383; x_wconf 64' lang='grc' dir='ltr'>εζε-εὶε]</span> <span class='ocrx_word' id='word_1_319' title='bbox 447 2353 516 2382; x_wconf 81' lang='lat' dir='ltr'>cap.</span> <span class='ocrx_word' id='word_1_320' title='bbox 538 2346 567 2374; x_wconf 84' lang='grc'><strong>7.</strong></span> <span class='ocrx_word' id='word_1_321' title='bbox 590 2352 620 2373; x_wconf 92' lang='lat' dir='ltr'><strong>v.</strong></span> <span class='ocrx_word' id='word_1_322' title='bbox 639 2344 691 2373; x_wconf 82' lang='lat'><strong>38.</strong></span> 
     </span>
     <span class='ocr_line' id='line_1_37' title="bbox 361 2392 762 2431; baseline 0 -9"><span class='ocrx_word' id='word_1_323' title='bbox 361 2396 454 2431; x_wconf 61' lang='lat'>*::·=“.:-³::-)</span> <span class='ocrx_word' id='word_1_324' title='bbox 475 2396 528 2426; x_wconf 85' lang='lat' dir='ltr'>lib.</span> <span class='ocrx_word' id='word_1_325' title='bbox 547 2396 602 2424; x_wconf 85' lang='lat'><strong>111.</strong></span> <span class='ocrx_word' id='word_1_326' title='bbox 622 2400 691 2428; x_wconf 81' lang='lat' dir='ltr'>cap.</span> <span class='ocrx_word' id='word_1_327' title='bbox 712 2392 762 2422; x_wconf 88' lang='grc'><strong>27.</strong></span> 
     </span>
     <span class='ocr_line' id='line_1_38' title="bbox 360 2437 1239 2483; baseline -0.008 -9"><span class='ocrx_word' id='word_1_328' title='bbox 360 2444 408 2483; x_wconf 46' lang='grc' dir='ltr'>ἦ)</span> <span class='ocrx_word' id='word_1_329' title='bbox 428 2444 536 2480; x_wconf 77' lang='lat' dir='ltr'>Epigr.</span> <span class='ocrx_word' id='word_1_330' title='bbox 556 2443 611 2472; x_wconf 82' lang='lat' dir='ltr'>lib.</span> <span class='ocrx_word' id='word_1_331' title='bbox 632 2444 684 2471; x_wconf 87' lang='lat'><strong>111.</strong></span> <span class='ocrx_word' id='word_1_332' title='bbox 705 2442 755 2470; x_wconf 89' lang='grc'><strong>23.</strong></span> <span class='ocrx_word' id='word_1_333' title='bbox 793 2439 933 2468; x_wconf 61' lang='grc' dir='ltr'>ἱνοὶῐὶιις</span> <span class='ocrx_word' id='word_1_334' title='bbox 953 2437 1081 2473; x_wconf 79' lang='lat' dir='ltr'>scripsit</span> <span class='ocrx_word' id='word_1_335' title='bbox 1101 2440 1239 2474; x_wconf 77' lang='lat' dir='ltr'>opsonia.</span> 
     </span>
    </p>
   </div>
   <div class='ocr_carea' id='block_1_9' title="bbox 286 2485 1729 2603">
    <p class='ocr_par' dir='ltr' id='par_1_9' title="bbox 286 2485 1728 2603">
     <span class='ocr_line' id='line_1_39' title="bbox 362 2485 1728 2532; baseline -0.004 -11"><span class='ocrx_word' id='word_1_336' title='bbox 362 2491 437 2532; x_wconf 77' lang='lat'>††)</span> <span class='ocrx_word' id='word_1_337' title='bbox 459 2493 497 2521; x_wconf 88' lang='lat' dir='ltr'>de</span> <span class='ocrx_word' id='word_1_338' title='bbox 518 2491 625 2521; x_wconf 78' lang='lat' dir='ltr'>Renes.</span> <span class='ocrx_word' id='word_1_339' title='bbox 644 2491 699 2520; x_wconf 91' lang='lat' dir='ltr'><strong>IV.</strong></span> <span class='ocrx_word' id='word_1_340' title='bbox 719 2491 770 2518; x_wconf 89' lang='grc'><strong>31.</strong></span> <span class='ocrx_word' id='word_1_341' title='bbox 810 2488 857 2519; x_wconf 80' lang='lat' dir='ltr'><strong>Cf.</strong></span> <span class='ocrx_word' id='word_1_342' title='bbox 880 2487 953 2516; x_wconf 88' lang='lat' dir='ltr'>ibid.</span> <span class='ocrx_word' id='word_1_343' title='bbox 974 2489 1042 2516; x_wconf 89' lang='lat' dir='ltr'><strong>V11.</strong></span> <span class='ocrx_word' id='word_1_344' title='bbox 1066 2488 1113 2516; x_wconf 86' lang='lat'><strong>19.</strong></span> <span class='ocrx_word' id='word_1_345' title='bbox 1151 2489 1190 2516; x_wconf 87' lang='lat' dir='ltr'>de</span> <span class='ocrx_word' id='word_1_346' title='bbox 1210 2490 1262 2515; x_wconf 83' lang='lat' dir='ltr'>Ira</span> <span class='ocrx_word' id='word_1_347' title='bbox 1280 2486 1360 2515; x_wconf 63' lang='lat'>115</span> <span class='ocrx_word' id='word_1_348' title='bbox 1379 2486 1450 2522; x_wconf 83' lang='grc'><strong>(4).</strong></span> <span class='ocrx_word' id='word_1_349' title='bbox 1483 2485 1603 2515; x_wconf 83' lang='lat' dir='ltr'>Mureti</span> <span class='ocrx_word' id='word_1_350' title='bbox 1623 2487 1728 2518; x_wconf 82' lang='lat' dir='ltr'>schol.</span> 
     </span>
     <span class='ocr_line' id='line_1_40' title="bbox 288 2525 1729 2567; baseline -0.005 -6"><span class='ocrx_word' id='word_1_351' title='bbox 288 2533 366 2567; x_wconf 70' lang='lat' dir='ltr'>Ono.</span> <span class='ocrx_word' id='word_1_352' title='bbox 388 2534 476 2560; x_wconf 85' lang='lat' dir='ltr'>Tom.</span> <span class='ocrx_word' id='word_1_353' title='bbox 497 2532 550 2559; x_wconf 89' lang='lat'><strong>111.</strong></span> <span class='ocrx_word' id='word_1_354' title='bbox 571 2537 642 2565; x_wconf 81' lang='lat' dir='ltr'>pag.</span> <span class='ocrx_word' id='word_1_355' title='bbox 660 2529 700 2557; x_wconf 69' lang='lat'>14</span> <span class='ocrx_word' id='word_1_356' title='bbox 721 2531 753 2557; x_wconf 90' lang='lat' dir='ltr'>et</span> <span class='ocrx_word' id='word_1_357' title='bbox 768 2528 817 2556; x_wconf 84' lang='lat'><strong>22.</strong></span> <span class='ocrx_word' id='word_1_358' title='bbox 846 2526 909 2555; x_wconf 88' lang='lat' dir='ltr'>Cic.</span> <span class='ocrx_word' id='word_1_359' title='bbox 929 2526 970 2554; x_wconf 79' lang='lat' dir='ltr'>de</span> <span class='ocrx_word' id='word_1_360' title='bbox 990 2527 1061 2554; x_wconf 73' lang='lat' dir='ltr'>Nat.</span> <span class='ocrx_word' id='word_1_361' title='bbox 1081 2527 1175 2553; x_wconf 86' lang='lat' dir='ltr'>Deor.</span> <span class='ocrx_word' id='word_1_362' title='bbox 1197 2526 1249 2553; x_wconf 79' lang='lat' dir='ltr'>lib</span> <span class='ocrx_word' id='word_1_363' title='bbox 1268 2526 1320 2552; x_wconf 85' lang='grc' dir='ltr'><strong>ΙΙΙ.</strong></span> <span class='ocrx_word' id='word_1_364' title='bbox 1340 2531 1408 2558; x_wconf 77' lang='lat' dir='ltr'>cap.</span> <span class='ocrx_word' id='word_1_365' title='bbox 1423 2525 1473 2552; x_wconf 79' lang='lat'><strong>33.</strong></span> <span class='ocrx_word' id='word_1_366' title='bbox 1495 2525 1525 2560; x_wconf 92' lang='grc'>5.</span> <span class='ocrx_word' id='word_1_367' title='bbox 1539 2526 1589 2554; x_wconf 77' lang='grc'><strong>82.</strong></span> <span class='ocrx_word' id='word_1_368' title='bbox 1618 2525 1729 2556; x_wconf 81' lang='lat' dir='ltr'>lustin.</span> 
     </span>
     <span class='ocr_line' id='line_1_41' title="bbox 286 2562 1666 2603; baseline -0.005 -4"><span class='ocrx_word' id='word_1_369' title='bbox 286 2571 342 2600; x_wconf 74' lang='lat' dir='ltr'>lin.</span> <span class='ocrx_word' id='word_1_370' title='bbox 362 2570 416 2599; x_wconf 87' lang='lat' dir='ltr'>IX.</span> <span class='ocrx_word' id='word_1_371' title='bbox 436 2575 505 2603; x_wconf 83' lang='lat' dir='ltr'>cap.</span> <span class='ocrx_word' id='word_1_372' title='bbox 525 2568 556 2597; x_wconf 86' lang='grc'><strong>8.</strong></span> <span class='ocrx_word' id='word_1_373' title='bbox 590 2568 678 2596; x_wconf 85' lang='lat' dir='ltr'>Curt.</span> <span class='ocrx_word' id='word_1_374' title='bbox 698 2565 751 2594; x_wconf 79' lang='lat' dir='ltr'>lib.</span> <span class='ocrx_word' id='word_1_375' title='bbox 771 2566 807 2593; x_wconf 89' lang='lat' dir='ltr'>X.</span> <span class='ocrx_word' id='word_1_376' title='bbox 828 2571 895 2598; x_wconf 78' lang='lat' dir='ltr'>cap.</span> <span class='ocrx_word' id='word_1_377' title='bbox 918 2564 967 2592; x_wconf 93' lang='grc'><strong>17.</strong></span> <span class='ocrx_word' id='word_1_378' title='bbox 1000 2564 1127 2592; x_wconf 87' lang='lat' dir='ltr'>Aelian.</span> <span class='ocrx_word' id='word_1_379' title='bbox 1148 2564 1223 2593; x_wconf 81' lang='lat' dir='ltr'>Var.</span> <span class='ocrx_word' id='word_1_380' title='bbox 1244 2564 1326 2592; x_wconf 81' lang='lat' dir='ltr'>Hist.</span> <span class='ocrx_word' id='word_1_381' title='bbox 1345 2562 1402 2591; x_wconf 76' lang='lat' dir='ltr'>lin.</span> <span class='ocrx_word' id='word_1_382' title='bbox 1421 2563 1504 2592; x_wconf 81' lang='lat' dir='ltr'><strong>XIV.</strong></span> <span class='ocrx_word' id='word_1_383' title='bbox 1524 2569 1594 2598; x_wconf 73' lang='lat' dir='ltr'>cap.</span> <span class='ocrx_word' id='word_1_384' title='bbox 1614 2563 1666 2593; x_wconf 83' lang='lat'><strong>41.</strong></span> 
     </span>
    </p>
   </div>
   <div class='ocr_carea' id='block_1_10' title="bbox 289 2612 1728 2901">
    <p class='ocr_par' dir='ltr' id='par_1_10' title="bbox 289 2612 1728 2901">
     <span class='ocr_line' id='line_1_42' title="bbox 362 2612 968 2657; baseline -0.007 -11"><span class='ocrx_word' id='word_1_385' title='bbox 362 2616 464 2657; x_wconf 74' lang='lat'>†††)</span> <span class='ocrx_word' id='word_1_386' title='bbox 483 2623 554 2652; x_wconf 84' lang='lat' dir='ltr'>cap.</span> <span class='ocrx_word' id='word_1_387' title='bbox 574 2616 624 2644; x_wconf 90' lang='grc'><strong>77.</strong></span> <span class='ocrx_word' id='word_1_388' title='bbox 646 2616 731 2643; x_wconf 86' lang='lat' dir='ltr'>extr.</span> <span class='ocrx_word' id='word_1_389' title='bbox 754 2620 826 2649; x_wconf 83' lang='lat' dir='ltr'>pag.</span> <span class='ocrx_word' id='word_1_390' title='bbox 846 2612 916 2641; x_wconf 81' lang='grc'><strong>707.</strong></span> <span class='ocrx_word' id='word_1_391' title='bbox 934 2612 968 2642; x_wconf 88' lang='lat' dir='ltr'>C.</span> 
     </span>
     <span class='ocr_line' id='line_1_43' title="bbox 364 2655 1728 2719; baseline -0.006 -18.845"><span class='ocrx_word' id='word_1_392' title='bbox 364 2672 407 2708; x_wconf 55' lang='grc' dir='ltr'>ἐκ)</span> <span class='ocrx_word' id='word_1_393' title='bbox 437 2677 516 2717; x_wconf 83' lang='lat' dir='ltr'>cap.</span> <span class='ocrx_word' id='word_1_394' title='bbox 529 2671 578 2699; x_wconf 85' lang='lat'><strong>15.</strong></span> <span class='ocrx_word' id='word_1_395' title='bbox 591 2674 674 2719; x_wconf 78' lang='lat' dir='ltr'>nag.</span> <span class='ocrx_word' id='word_1_396' title='bbox 691 2668 761 2697; x_wconf 76' lang='grc'><strong>791.</strong></span> <span class='ocrx_word' id='word_1_397' title='bbox 777 2669 812 2697; x_wconf 83' lang='grc' dir='ltr'><strong>Ε.</strong></span> <span class='ocrx_word' id='word_1_398' title='bbox 837 2665 890 2695; x_wconf 85' lang='lat' dir='ltr'>ubi</span> <span class='ocrx_word' id='word_1_399' title='bbox 909 2666 949 2695; x_wconf 83' lang='lat' dir='ltr'>ab</span> <span class='ocrx_word' id='word_1_400' title='bbox 968 2664 1042 2694; x_wconf 83' lang='lat' dir='ltr'>aliis</span> <span class='ocrx_word' id='word_1_401' title='bbox 1067 2663 1288 2700; x_wconf 77' lang='lat' dir='ltr'>distinguitur:</span> <span class='ocrx_word' id='word_1_402' title='bbox 1317 2657 1381 2695; x_wconf 76' lang='grc' dir='ltr'>ἐπὶ</span> <span class='ocrx_word' id='word_1_403' title='bbox 1404 2658 1538 2703; x_wconf 83' lang='grc' dir='ltr'><em>σκηνῆς</em></span> <span class='ocrx_word' id='word_1_404' title='bbox 1560 2655 1728 2706; x_wconf 85' lang='grc' dir='ltr'><em>δορυφό-</em></span> 
     </span>
     <span class='ocr_line' id='line_1_44' title="bbox 289 2704 787 2759; baseline -0.012 -13"><span class='ocrx_word' id='word_1_405' title='bbox 289 2725 388 2759; x_wconf 79' lang='grc' dir='ltr'><em>ρημα</em></span> <span class='ocrx_word' id='word_1_406' title='bbox 412 2706 560 2756; x_wconf 79' lang='grc' dir='ltr'><em>κωφόν,</em></span> <span class='ocrx_word' id='word_1_407' title='bbox 585 2722 630 2752; x_wconf 86' lang='grc' dir='ltr'>ην</span> <span class='ocrx_word' id='word_1_408' title='bbox 658 2704 787 2753; x_wconf 71' lang='grc' dir='ltr'>ὄνομα.</span> 
     </span>
     <span class='ocr_line' id='line_1_45' title="bbox 362 2760 976 2802; baseline -0.008 -6"><span class='ocrx_word' id='word_1_409' title='bbox 362 2767 432 2802; x_wconf 57' lang='grc' dir='ltr'>ῠὶῑ--Σῠ</span> <span class='ocrx_word' id='word_1_410' title='bbox 455 2772 527 2802; x_wconf 74' lang='lat' dir='ltr'>pag.</span> <span class='ocrx_word' id='word_1_411' title='bbox 547 2765 619 2794; x_wconf 85' lang='grc'><strong>578.</strong></span> <span class='ocrx_word' id='word_1_412' title='bbox 634 2765 676 2793; x_wconf 92' lang='lat' dir='ltr'>A.</span> <span class='ocrx_word' id='word_1_413' title='bbox 696 2762 734 2792; x_wconf 81' lang='lat' dir='ltr'>cf.</span> <span class='ocrx_word' id='word_1_414' title='bbox 755 2768 827 2799; x_wconf 83' lang='lat' dir='ltr'>pag.</span> <span class='ocrx_word' id='word_1_415' title='bbox 847 2761 920 2790; x_wconf 77' lang='lat'><strong>557.</strong></span> <span class='ocrx_word' id='word_1_416' title='bbox 941 2760 976 2791; x_wconf 88' lang='lat' dir='ltr'>C.</span> 
     </span>
     <span class='ocr_line' id='line_1_46' title="bbox 362 2813 699 2850; baseline -0.003 -8"><span class='ocrx_word' id='word_1_417' title='bbox 362 2814 457 2850; x_wconf 50' lang='lat' dir='ltr'>*zze-za)</span> <span class='ocrx_word' id='word_1_418' title='bbox 480 2821 550 2849; x_wconf 83' lang='lat' dir='ltr'>pag.</span> <span class='ocrx_word' id='word_1_419' title='bbox 572 2813 643 2841; x_wconf 84' lang='grc'><strong>778.</strong></span> <span class='ocrx_word' id='word_1_420' title='bbox 663 2813 699 2841; x_wconf 81' lang='grc' dir='ltr'><strong>Ε.</strong></span> 
     </span>
     <span class='ocr_line' id='line_1_47' title="bbox 364 2860 944 2901; baseline -0.007 -9"><span class='ocrx_word' id='word_1_421' title='bbox 364 2862 410 2901; x_wconf 50' lang='grc' dir='ltr'>ἡ)</span> <span class='ocrx_word' id='word_1_422' title='bbox 431 2865 520 2893; x_wconf 81' lang='lat' dir='ltr'>Tom.</span> <span class='ocrx_word' id='word_1_423' title='bbox 540 2863 577 2892; x_wconf 89' lang='lat'>11.</span> <span class='ocrx_word' id='word_1_424' title='bbox 598 2868 671 2897; x_wconf 79' lang='lat' dir='ltr'>pag.</span> <span class='ocrx_word' id='word_1_425' title='bbox 692 2861 763 2891; x_wconf 79' lang='lat'><strong>103.</strong></span> <span class='ocrx_word' id='word_1_426' title='bbox 783 2860 832 2890; x_wconf 85' lang='lat' dir='ltr'>ed.</span> <span class='ocrx_word' id='word_1_427' title='bbox 852 2860 944 2890; x_wconf 76' lang='lat' dir='ltr'>Kust.</span> 
     </span>
    </p>
   </div>
  </div>
 </body>
</html>
