1726 3106
497 138 598 177 ΜΒ.
632 138 726 179 VII.
785 137 904 177 CAP.
939 137 1048 178 VIII.
1420 134 1496 174 1423

59 251 170 288 multa
204 251 240 287 in
271 263 316 288 eo
348 247 528 286 laudanda
558 261 667 295 esse,
711 255 750 286 ut
783 248 945 295 nemini,
986 261 1033 286 ne
1058 247 1304 286 infantissimo
1330 243 1496 297 quidem,

58 307 119 357 qui
149 319 231 344 eum
261 306 453 343 celebrare
483 305 707 351 instituerit,
742 303 875 342 deesse
904 305 1023 355 possit
1049 303 1185 344 oratio.

544 435 827 474 CAPUT
885 434 1016 475 VIII.

62 516 226 552 Conatus
264 515 490 552 emendanda·
515 515 607 552 duos
638 515 740 552 locos
767 527 788 550 e
814 515 924 551 tertio
953 513 1049 551 libro
1078 513 1300 551 Aristotelis
1327 511 1373 549 de
1400 511 1500 550 Arte

699 570 859 607 dicendi.

59 647 259 705 SUMML’M
297 666 457 706 studium
499 666 678 706 adhibere
709 667 874 714 debent,
914 668 1123 719 quicunque
1164 663 1301 716 aliquid
1340 662 1500 702 dicendo

58 722 286 775 persuadere
323 723 573 769 meditamini,
629 724 665 761 in
696 724 777 774 ipso
817 723 968 760 dicendi
1008 721 1166 760 artificio
1206 718 1424 758 occultando
1463 725 1502 756 et

58 778 284 829 obtegendo.
343 778 487 817 Natura
527 780 624 816 euim
662 786 912 830 comparatum
952 785 1033 826 est,
1072 784 1112 814 ut
1141 777 1289 814 facilius
1319 774 1502 812 assentia-

59 847 142 872 mur
169 835 239 880 iis,
272 834 333 885 qui
362 834 427 880 ita,
461 835 513 872 uti
545 841 697 872 naturae
726 836 885 884 impetus
916 834 1011 879 fer‚t
1044 833 1143 883 loqui
1173 831 1360 877 videntur,
1393 842 1502 892 quam

59 889 163 936 illis,
196 903 218 927 a
247 889 379 941 quibus
410 890 612 927 naturalem
643 890 744 927 illum
777 902 925 927 cuisum
955 896 1036 927 arte
1066 887 1221 939 quadam
1251 886 1391 924 inflecti
1422 884 1504 935 opi-

60 957 204 984 namur.
282 944 431 982 Etenim
478 945 675 991 veritatis,
737 951 776 982 ut
820 945 870 982 ait
908 941 1197 995 Euripides*),
1251 941 1406 992 simplex
1443 946 1504 978 est

60 1000 196 1038 oratio.
255 1000 339 1046 Quo
369 1001 421 1045 lit,
455 1007 509 1046 ut,
534 1001 747 1063 quicunque
777 999 822 1037 ab
853 1000 915 1037 illa
937 999 1096 1037 niturali
1123 997 1359 1049 simplicitate
1381 994 1504 1033 disce-

61 1054 176 1100 dunt,
219 1056 368 1092 veniant
397 1055 503 1092 nobis
532 1055 569 1092 in
599 1056 876 1105 suspicionem,
915 1055 1020 1106 quasi
1052 1054 1228 1104 decipere
1258 1065 1325 1090 nos
1356 1064 1399 1089 ae
1429 1051 1505 1088 cir-

61 1110 313 1148 cumseiibere
361 1111 572 1147 moliantur.
657 1110 859 1161 Sapienter
907 1111 1021 1161 igitur
1069 1123 1088 1146 a
1125 1107 1274 1145 dicendi
1314 1106 1504 1157 magistris

60 1166 311 1216 praecipitur,
367 1178 480 1201 summ
487 1179 542 1202 im
588 1172 706 1202 artem
745 1167 781 1202 in
823 1171 904 1203 arte
921 1141 1212 1202 &dissimulanda
1254 1163 1361 1199 sitam
1400 1173 1502 1199 esse.

60 1219 171 1267 Quod
201 1219 430 1258 Aristoteles
470 1221 563 1257 libro
594 1218 790 1286 tei-1i0**)
823 1220 880 1256 his
910 1220 1035 1257 verbis
1067 1219 1282 1269 complexus
1310 1223 1391 1254 est:
1429 1212 1504 1254 Διό

60 1275 123 1314 δεῖ
140 1272 351 1314 λανθάνειν
371 1275 591 1323 ποιοῦντας,
617 1274 682 1313 καὶ
711 1290 761 1326 μη
793 1274 920 1313 δοκεῖν
948 1273 1068 1327 λέγειν
1095 1271 1384 1337 πεπλασμένως,
1409 1267 1505 1310 ἄλλοι

59 1327 305 1380 πεφυκότως·
344 1333 455 1369 τοῦτο
492 1327 563 1383 γὰρ
602 1327 798 1378 πιθανὸν,
835 1329 956 1369 ἐκεῖνο
993 1328 1032 1368 δὲ
1070 1326 1306 1368 τούναντίον.
1353 1342 1406 1373 ως
1430 1322 1505 1379 γὰρ

59 1383 157 1438 πρὸς
186 1383 481 1452 ἐπιβουλεύοντα
511 1383 789 1437 ὄιαβάλλονται.
848 1385 956 1432 Quae
985 1386 1098 1423 verba
1129 1396 1321 1435 exponens
1343 1383 1504 1433 optimus

61 1442 307 1505 inteiMpietum
338 1439 455 1479 aitss'*
458 1439 522 1492 ⁶),
552 1441 705 1479 verbum
736 1437 1002 1504 διαβάλλονται
1032 1441 1106 1477 alio
1136 1439 1293 1490 quodam
1314 1437 1420 1476 modo
1443 1450 1506 1475 ac-

61 1498 160 1548 cipi,
201 1510 305 1547 quam
350 1496 554 1547 plerunque
592 1497 722 1535 soleat.
790 1496 883 1533 Cum
922 1497 1021 1534 enim
1056 1491 1330 1546 διαβαλλεσθαι
1367 1494 1505 1531 usitate

63 1551 210 1589 dicatur
236 1565 303 1602 pro
342 1565 410 1597 co,
450 1551 545 1602 quod
576 1559 634 1588 cst
664 1552 856 1589 criminari
895 1559 958 1589 aut
995 1551 1238 1596 calumniari,
1279 1550 1339 1588 hic
1379 1549 1506 1587 valere

62 1607 186 1652 idem,
220 1605 316 1657 quod
350 1607 443 1643 male
475 1607 598 1643 animo
627 1606 782 1643 affectos
814 1619 914 1644 esse.
975 1605 1060 1656 Ego
1090 1612 1241 1653 autem,
1281 1603 1378 1656 quod
1408 1604 1508 1641 hona

61 1663 177 1713 ipsius
218 1662 326 1699 venia
367 1661 501 1698 dietum
538 1663 614 1707 sit,
656 1674 838 1711 nunquam
879 1660 916 1698 id
953 1662 1105 1699 verbum
1151 1674 1233 1698 eam
1260 1662 1334 1699 vim
1366 1660 1507 1697 habere

62 1718 245 1755 arbitror:
280 1729 399 1767 neque
431 1729 521 1754 sane
549 1729 594 1753 eo
624 1717 730 1762 loco,
779 1730 885 1767 quem
917 1717 997 1767 ipse
1029 1730 1076 1754 ex
1107 1716 1309 1753 Plutarcho
1339 1715 1506 1766 protulit,

66 1772 358 1810 declarationem
398 1772 494 1809 illam
536 1772 609 1808 ullo
650 1771 758 1809 modo
796 1772 1006 1809 confirmari
1047 1778 1149 1822 puto.
1220 1771 1351 1808 Potius
1384 1777 1507 1808 autem

64 1827 288 1866 crediderim
307 1855 320 1873 -,
361 1834 523 1864 erratum
554 1840 639 1866 esse
671 1841 691 1865 a
724 1828 914 1873 librariis,
956 1827 1017 1878 qui
1047 1823 1314 1878 διαβάλλονται
1345 1826 1508 1876 scripse-

65 1884 163 1928 rint,
199 1896 280 1920 cum
314 1882 551 1919 scribendum
585 1890 688 1920 esset
717 1883 1018 1934 διευλαβοῦνται.
1075 1883 1134 1920 Ac
1166 1896 1212 1920 ne
1243 1881 1331 1919 illud
1360 1881 1508 1944 quidem

65 1938 207 1989 pigebit
241 1937 472 1976 admonerze
520 1938 629 1988 paulo
668 1951 777 1988 supra
818 1952 928 1984 eum,
971 1950 1078 1988 quem
1109 1937 1218 1975 modo
1249 1938 1506 1982 recitavimus,

64 1995 210 2039 locum,
249 1993 309 2030 ubi
350 1993 386 2030 in
426 1993 583 2043 vulgatis
626 1993 729 2030 libris
762 1994 925 2044 legitur,
968 1992 1010 2032 ἐν
1041 1991 1081 2032 δὲ
1112 1997 1192 2040 τοῖς
1219 1997 1351 2044 ψιλοῖς
1379 1988 1509 2045 λόγοις

63 2051 190 2103 πολλῷ
225 2045 437 2095 ἐλάττοσιν,
478 2049 566 2085 mihi
597 2049 743 2099 quidem
775 2048 971 2099 legendum
1004 2048 1154 2095 videri,
1195 2047 1237 2089 ἐν
1266 2047 1307 2088 δὲ
1331 2052 1413 2094 τοῖς
1441 2056 1508 2097 ψι-

64 2107 144 2150 λοῖς
164 2090 298 2167 λόγοις
324 2107 451 2158 πολλῷ
485 2101 623 2143 ἐλάττω
654 2104 749 2143 εισίν
761 2103 826 2156 ᾧ).
888 2104 972 2155 Ipsa
1002 2106 1100 2142 enim
1134 2105 1316 2143 orationis
1348 2101 1508 2144 ἀκολου-

63 2160 156 2206 θία,
187 2160 258 2196 nisi
289 2159 394 2197 valde
423 2146 555 2206 Pallor,
589 2160 699 2198 alitei
729 2167 900 2198 constare
932 2173 1004 2198 non
1035 2167 1172 2212 potest.

140 2328 183 2364 ³1³)
203 2327 368 2357 Phoeniss.
396 2334 427 2355 v.
449 2327 510 2354 472
538 2327 598 2362 (ai.
624 2326 726 2361 469.)
760 2317 902 2357 ἁπλοῦς
934 2315 952 2352 ὁ
983 2320 1105 2365 μῦθος
1135 2319 1195 2361 τῆς
1227 2316 1399 2362 ἀληθείας
1423 2318 1508 2363 ἔφυ.

65 2367 253 2396 Ammianus
281 2366 458 2394 Marcellin.
488 2365 541 2392 lib.
569 2365 650 2393 XIV.
682 2371 749 2399 cap.
781 2366 829 2394 10.
876 2366 1020 2393 Veritatis
1046 2367 1126 2393 enim
1153 2366 1312 2394 absolutus
1337 2371 1440 2393 sermo
1470 2371 1508 2392 ac

65 2411 186 2437 semper
213 2404 259 2431 est
284 2404 426 2436 simplex.
472 2404 557 2431 Idem
583 2402 638 2431 lib.
658 2403 756 2431 xvss.
778 2410 845 2438 cap.
865 2405 895 2432 5.
937 2404 1014 2438 Quia
1040 2404 1135 2439 iyc'tur
1160 2404 1304 2432 veritatis
1331 2403 1432 2431 oratio
1453 2409 1508 2431 so-

65 2443 130 2470 luta
149 2448 215 2469 esse
233 2442 319 2469 debet
339 2442 368 2468 et
386 2441 494 2468 libera.

140 2499 208 2535 διε-κε)
229 2506 297 2534 cap.
319 2500 347 2528 2.
368 2507 430 2528 non
449 2501 544 2535 longe
564 2501 604 2529 ab
624 2499 691 2530 init.

180 2558 233 2593 ἐἶθ
254 2558 273 2586 i.
294 2566 321 2587 e.
341 2559 377 2587 P.
400 2559 558 2589 Vicimius
579 2566 650 2595 pag.
664 2560 735 2590 462.
755 2559 819 2589 ima
840 2560 886 2589 ed.
911 2561 1001 2591 1548.
1041 2561 1088 2591 Cf.
1108 2568 1206 2596 supra
1226 2563 1265 2590 11.
1287 2561 1315 2589 1.
1353 2559 1509 2589 Attamen

68 2561 325 2640 ὃιαβαλλονται
361 2603 486 2633 videtur
525 2604 651 2632 defendi
688 2612 803 2643 posse,
843 2604 889 2634 ita
925 2609 960 2635 ut
993 2605 1169 2642 accipiatur
1204 2614 1261 2642 pro
1296 2596 1508 2632 cadumum.

66 2646 179 2673 FAESL
200 2656 236 2662 —
275 2642 449 2675 vulgatam
470 2645 576 2671 tuetur
596 2643 774 2672 Bekkerus.

143 2700 188 2739 †]
209 2702 297 2729 Haec
317 2699 434 2729 Mureti
454 2701 630 2729 emendum
652 2702 760 2730 mullis
781 2702 917 2740 placuit,
946 2701 1010 2731 vid.
1032 2702 1141 2731 Vateri
1162 2701 1356 2732 Animadvzs
1377 2701 1410 2732 ln
1430 2702 1509 2731 Arl-

69 2747 331 2783 stot.pag.142.
358 2747 527 2777 Bekkerus
547 2739 610 2773 ἕλε’
613 2749 732 2775 neom
751 2747 905 2778 intactum
928 2747 1066 2784 reliquit.

1536 1441 1595 1471 151
