1778 3096
537 147 642 191 LIB.
671 147 786 188 XVI.
846 144 964 185 CAP.
994 144 1085 186 XV.
1450 145 1529 188 381

98 259 183 297 huic
212 258 386 304 chartae3
417 257 448 295 si
477 255 563 307 quid
588 258 684 296 forte
706 259 743 296 in
767 257 823 296 cis
853 258 979 304 inerit,
1010 254 1107 308 quod
1131 255 1265 308 aliquis
1292 268 1365 293 non
1395 256 1529 295 invitus

96 314 208 366 legat.
268 314 412 352 Versus
440 312 478 349 hi
509 320 615 350 suntz

262 380 478 429 Quicunque
505 392 624 429 regno
640 378 757 429 fidit,
787 384 826 415 et
853 390 991 427 magna
1017 383 1152 426 potens

256 435 483 472 Dominatm·
512 436 600 472 (mla
615 463 627 480 ,
658 446 727 471 nec
757 434 851 470 leves
877 433 1003 469 timuit
1027 432 1131 477 deos,

256 490 507 538 Animumque
535 489 646 526 rebus
672 488 862 525 credulum
889 487 999 524 laetis
1025 487 1144 532 dedit,

255 544 320 581 Me
347 545 474 582 videat
496 551 533 582 et
564 550 620 590 te,
658 544 785 582 Troia.

95 605 196 655 Quid
224 615 346 646 autem
379 615 437 646 est
467 610 503 646 in
532 609 643 646 rebus
666 608 849 653 humanis,
880 606 940 644 cui
969 605 1101 652 fidere,
1133 619 1278 657 quoque
1306 607 1375 644 niti
1400 605 1532 658 aliquis

93 663 233 713 possit,
269 665 299 701 si
332 676 378 701 ne
407 677 523 714 regno
553 663 698 714 quidem
729 663 819 700 satis
852 668 929 699 tuto
958 661 1112 698 fiditur?
1164 661 1216 698 Et
1245 669 1366 699 tamen
1393 674 1438 699 ne
1468 676 1534 712 po-

94 718 383 756 tentissimorum
418 718 564 769 quidem
605 731 733 767 regum
772 717 915 755 stabilis
953 723 990 754 et
1019 717 1090 753 fixa
1129 717 1276 754 fortuna
1307 723 1375 754 est.
1438 716 1533 763 Quis

94 773 193 810 enim
230 785 299 810 rex
334 773 484 810 Priamo
520 775 705 824 potentior
741 779 803 810 aut
839 770 970 822 perdiu
1007 772 1229 809 fortunatior
1272 771 1424 808 fuerat?
1480 770 1534 809 At

93 834 218 865 aetate
249 828 442 865 confectus
482 829 611 866 ineas
648 827 778 865 incidit
809 827 1062 871 calamitates,
1103 839 1196 877 quae
1238 833 1275 864 et
1316 833 1534 877 perpetuam

93 883 271 933 quasique
300 883 507 921 restibilem
539 886 727 934 poetarum
763 882 926 932 ingeniis
956 881 1145 919 scribendi
1175 887 1341 931 segetem
1383 894 1426 918 ac
1457 894 1535 918 ma-

92 937 225 974 teriam
265 938 617 984 subministrarunt,
661 945 699 975 et
728 937 773 975 ab
802 935 1071 988 A1·istoteie*)
1116 949 1231 987 prope
1268 937 1304 973 in
1344 936 1534 986 proverbii

92 990 176 1029 loco
206 994 457 1032 nominantur.
516 992 638 1030 Recte
670 993 785 1043 igitur
823 999 861 1029 et
894 992 1085 1041 sapienter
1113 991 1229 1028 Solon
1260 992 1295 1028 in
1326 992 1389 1028 ilio
1418 991 1535 1029 nobili

93 1058 283 1093 sermone,
315 1061 422 1098 quem
451 1061 533 1086 cum
564 1047 708 1086 Croeso
739 1047 915 1085 hahuisse
945 1046 1201 1097 dicitur*=v÷),
1233 1047 1416 1084 neminem
1447 1046 1536 1083 bea-

90 1107 168 1138 tum
198 1103 324 1140 vocari
353 1102 490 1141 debere
517 1104 683 1149 censuit,
717 1116 822 1154 quam
854 1101 916 1139 diu
947 1102 1111 1139 viveret:
1156 1109 1193 1139 et
1224 1101 1321 1152 quod
1347 1102 1383 1139 in
1415 1102 1535 1151 longi-

92 1155 220 1194 tudine
256 1158 433 1207 temporiS
471 1155 591 1197 πολλὰ
619 1157 687 1209 μέν
712 1157 816 1198 ἐστιν
843 1156 956 1196 ἰδέειν
982 1153 1029 1195 τὰ
1056 1173 1107 1208 μη
1138 1171 1195 1202 τις
1228 1155 1374 1205 ἐθέλει,
1413 1152 1537 1195 πολλὰ

92 1209 134 1250 δὲ
171 1211 236 1250 καὶ
269 1211 442 1252 παθέειν.
497 1214 629 1251 Multis
659 1214 778 1260 enim,
820 1220 859 1250 ut
896 1213 933 1249 iu
970 1211 1101 1250 eodem
1145 1212 1207 1249 illo
1248 1224 1419 1249 sermone
1457 1218 1532 1258 est,

91 1279 246 1316 magnas
286 1280 378 1330 opes
408 1267 455 1305 ad
490 1275 634 1318 tempus
675 1269 864 1306 concessit
892 1266 1022 1312 Deus,
1063 1279 1156 1317 quos
1194 1273 1323 1317 postea
1353 1266 1534 1303 radicitus

91 1322 326 1372 exstirpavit.
395 1322 509 1375 quue
551 1323 717 1362 Croesus
751 1335 897 1388 quotque
940 1323 1019 1374 ipse
1057 1329 1234 1373 cxpeitus
1275 1328 1354 1359 est.
1409 1322 1470 1372 qui
1512 1333 1535 1359 e

91 1378 244 1415 summis
282 1377 411 1429 opibus
448 1392 660 1431 summaque
691 1379 856 1430 potentia
885 1391 930 1415 eo
960 1376 1108 1415 tandem
1136 1377 1338 1429 perductus
1366 1384 1450 1421 est,
1493 1383 1535 1414 ut

93 1439 223 1482 captus
269 1446 291 1470 a
331 1433 433 1485 Cyio
482 1448 608 1486 parum
658 1436 833 1502 afuerit,
872 1434 959 1484 quin
1004 1433 1110 1471 *ivus
1156 1440 1388 1470 cremaretur
1410 1428 1529 1499 †**).

93 1487 295 1555 Sapienter
323 1490 433 1527 etiam
464 1490 678 1528 Herodotus
692 1490 767 1543 †):
805 1486 833 1540 ἦ
861 1486 1084 1541 ἄνθρωπείη
1121 1485 1343 1538 εὐδαιμονίη
1380 1483 1535 1537 οὐδαμᾶ

92 1540 135 1581 ἔν
161 1539 292 1597 τῶϋτῷ
321 1559 364 1594 με
350 1542 432 1584 ἔ.νει
490 1544 542 1582 Et
571 1545 616 1583 ob
645 1545 682 1582 id
711 1546 819 1582 Plato
834 1543 918 1597 ††)
948 1544 1115 1582 homiues
1146 1555 1231 1582 esse
1257 1542 1403 1581 dicebat
1427 1545 1534 1583 θεῶν

92 1584 308 1652 ἀθύρματα.
365 1599 427 1638 Ex
455 1614 526 1652 quo
555 1600 709 1638 Plautus
724 1598 858 1653 †††)‚

254 1666 457 1726 Enimuero
483 1667 527 1704 de
549 1680 619 1705 nos
647 1667 811 1704 homines
839 1671 882 1703 ut
900 1665 1005 1716 pilas
1035 1664 1188 1704 habent.

254 1726 353 1769 Ῥεῖα
380 1721 489 1782 μὲν
459 1727 547 1799 γὰρ
576 1728 721 1782 βριάει,
751 1729 818 1782 ῥέα
850 1729 891 1769 δὲ
914 1727 1102 1799 βριάοντα
1130 1727 1314 1782 χαλέπτει,

254 1782 353 1824 Ῥεῖα
383 1783 418 1825 δ’
451 1783 626 1838 ἀρίζηλον
654 1784 832 1852 μινύθει,
861 1785 927 1825 καὶ
954 1783 1096 1837 ἄδηλον
1125 1784 1223 1834 ἀέξει

259 1837 359 1888 Ζεὺς
387 1838 701 1895 ὑψιβρεμέτης,
691 1857 736 1890 ος
764 1838 951 1895 ὑπέρτατα
980 1839 1136 1893 δωματοι
1159 1841 1272 1890 ναίει,

93 1906 145 1944 ait
171 1905 364 1944 Hesiodus
378 1906 444 1959 Ὅ.

170 1999 334 2045 {t-JEmic.
355 2000 394 2029 ad
415 2000 533 2029 Nicom.
553 2000 609 2030 lib.
629 2001 654 2048 ¹;
673 2007 743 2036 cap.
764 2002 815 2031 11.
845 1994 876 2029 εἰ
899 1993 931 2028 δ’
961 1991 1102 2049 οὕτως,
1117 1992 1245 2032 ἅθλιος
1264 1992 1337 2040 μὲν
1359 1992 1535 2028 οὐδέποτε

94 2036 223 2083 γένοιτ’
249 2035 297 2072 ἀν
322 2036 339 2071 ὃ
369 2035 577 2084 εὐδαίμων,
613 2037 657 2073 οὐ
679 2039 754 2084 μὴν
776 2037 958 2086 μακάριός
982 2051 1046 2086 γε,
1080 2036 1126 2075 ἂν
1148 2042 1438 2086 Πριαμικαῐς
1466 2036 1536 2073 τύ-

90 2095 203 2153 Xan-<g-
197 2085 499 2162 ἑὲῗενρίιέιέῧέτοᾱοϊ.
519 2127 572 2156 111).
593 2130 616 2158 1.
638 2135 706 2165 cap.
726 2129 777 2158 32.
816 2131 865 2159 De
884 2131 945 2159 hoc
964 2129 1121 2165 colloquio
1148 2129 1185 2159 cf.
1206 2135 1288 2164 quae
1314 2127 1468 2158 annotavi
1493 2128 1536 2157 ad

93 2165 227 2195 Luciam
247 2167 340 2195 Char
360 2173 430 2201 pag.
452 2167 501 2195 21.

222 2204 354 2238 ·)'··Vid.
375 2204 523 2232 Herodot.
543 2203 597 2232 lib.
617 2205 641 2232 1.
661 2211 730 2238 can.
752 2204 802 2233 86.
842 2206 991 2233 Formula
1014 2212 1127 2239 parum
1152 2205 1240 2232 abest
1265 2211 1331 2239 seq.
1352 2203 1440 2238 quin,
1471 2209 1536 2238 qua

95 2214 206 2269 11111111·
206 2218 374 2275 Muretus,
397 2248 526 2276 prorsus
546 2241 725 2269 reiicienda.
765 2242 835 2271 Vid.
857 2244 1035 2273 Frotscher.
1056 2243 1097 2271 ad
1117 2241 1262 2278 Quinctil.
1283 2243 1336 2270 111).
1357 2242 1393 2271 X.
1415 2247 1484 2277 cap.
1505 2242 1536 2270 1.

95 2278 128 2314 5.
151 2278 219 2307 130
241 2285 313 2313 pag.
336 2261 403 2307 11⁷3.
436 2278 563 2307 Krebsii
582 2279 748 2308 Antibarb.
768 2286 839 2314 pag.
859 2280 931 2309 348.

199 2321 216 2356 J
236 2321 289 2350 lib.
310 2322 333 2350 1.
353 2328 422 2356 cap.
441 2323 472 2350 5.

169 2319 245 2402 tini-j
267 2365 306 2392 de
326 2365 422 2398 legg.
442 2363 496 2392 lib.
517 2364 584 2392 v.11
605 2371 677 2399 pag.
697 2364 768 2393 803.
790 2364 824 2393 C.
844 2365 889 2393 St.
923 2354 1124 2405 ἄνθρωπον
1153 2380 1206 2392 ...
1237 2359 1329 2392 θεοῦ
1363 2370 1396 2391 τι
1428 2359 1536 2391 παῖ-

97 2415 235 2458 γνιον
261 2400 353 2438 εἶναι
385 2406 704 2455 μειιηχανημένον.
749 2409 796 2439 ef.
818 2410 872 2438 lib.
893 2412 916 2440 Ι.
945 2419 1015 2446 pag.
1037 2410 1109 2441 614.
1129 2412 1168 2439 D
1197 2406 1325 2448 ῧαῦαα
1351 2403 1422 2448 μὲν
1449 2403 1537 2437 ἐκω-

100 2461 187 2484 στον
212 2451 317 2503 ημῶν
342 2447 566 2492 ηγησώιιεθα
591 2450 663 2482 τῶν
686 2443 785 2487 ζώων
808 2450 935 2492 ’)εἷον,
961 2452 1028 2483 εἴτε
1054 2447 1100 2486 ὡς
1124 2450 1357 2493 παίγνιον
1387 2448 1536 2484 ἐκεινων

99 2498 171 2530 εἴτε
197 2492 244 2532 ὠς
266 2493 409 2540 σπουδῆ
432 2496 502 2527 τινὶ
528 2489 750 2536 ξυνεστηκός.
798 2499 846 2528 cf.
867 2502 947 2528 Mur
970 2501 1089 2529 comm.
1117 2498 1148 2526 in
1176 2500 1258 2528 Plat.
1289 2500 1327 2528 de
1348 2501 1427 2533 ssep.
1457 2500 1538 2535 opp.

100 2548 190 2576 Tem.
210 2546 262 2573 111.
288 2551 359 2579 pag.
380 2544 453 2573 534.
493 2544 626 2573 Veteies
653 2546 758 2572 autem
779 2544 980 2572 Grammatici
1002 2543 1114 2573 Graeci
1144 2537 1295 2584 ἄθυρμα
1329 2543 1490 2585 κρεῖττον
1513 2537 1536 2582 ἢ

99 2589 274 2629 παίγνιον
298 2590 463 2626 dicebant,
494 2589 547 2623 qui
569 2589 846 2617 Grammaticorum
875 2596 961 2617 error
981 2589 1013 2617 in
1033 2596 1149 2617 novum
1180 2597 1319 2618 errorem
1350 2590 1447 2618 traxit
1467 2592 1538 2619 Mu-

99 2638 219 2671 retum,
251 2642 323 2663 nam
350 2632 448 2663 ’λεών
475 2626 671 2674 ἀθύρματα
698 2637 783 2671 apud
809 2637 975 2665 Platonem
1004 2644 1067 2665 non
1094 2637 1252 2671 leguntur.
1291 2636 1362 2666 xid.
1391 2636 1538 2666 Pierson.

99 2677 141 2707 ad
159 2678 258 2715 moer.
278 2674 374 2703 Attic.
394 2682 468 2710 pag.
488 2674 518 2703 4.
539 2676 587 2704 ed.
607 2682 708 2705 meae.

176 2717 277 2756 †††)
305 2717 430 2753 captiv.
450 2719 577 2753 Prolog.
604 2725 636 2747 v.
656 2719 706 2747 22.
744 2719 848 2755 Vulgo
873 2719 999 2754 legitur:
1027 2720 1195 2750 Enimvero
1215 2721 1248 2749 αι·
1266 2725 1324 2748 nos
1344 2720 1433 2756 quasi
1458 2719 1538 2755 pilas

98 2758 234 2787 homines
251 2757 370 2784 habent.

175 2799 220 2834 ³2³)
240 2792 340 2848 Ἕργ.
363 2793 425 2826 καὶ
445 2790 527 2838 Ἱ-Ῑιι.
555 2805 586 2826 v.
612 2798 633 2826 5
658 2805 727 2833 sqq.
772 2797 867 2828 Initio
895 2806 977 2828 nunc
1006 2799 1154 2829 scribitur
1181 2807 1201 2829 3
1231 2798 1391 2835 Spohnio,
1426 2802 1540 2830 Goett-

100 2843 219 2881 lingio,
255 2844 297 2873 al.
321 2836 398 2874 Ῥέα
423 2824 495 2882 μὲνι
523 2836 595 2883 γὰρ
623 2835 740 2883 βριάει
766 2846 826 2873 cet.
878 2844 1001 2874 Deinde
1028 2849 1101 2882 post
1128 2839 1222 2881 ἀέξει
1249 2846 1376 2876 additur
1404 2853 1539 2878 versus.

1555 379 1619 409 400
