1726 3106
195 141 250 185 76
759 140 886 181 VAR.
919 140 1074 180 LECT.

411 246 663 302 Ἐσκεψᾶμκην
691 248 754 299 δὲ,
783 250 921 304 καίπερ
949 251 991 291 ἐν
1020 254 1195 291 κακοῖσιν
1222 268 1290 302 ων,

419 304 496 357 Μὴ
527 306 671 345 δειλίαν
699 302 807 356 όφλω
833 305 930 355 τιν’,
960 303 1123 346 ἐκλιπὼν
1154 321 1272 357 φαος

424 365 518 407 Ταῖς
543 365 761 429 συμφοραῖς
790 358 861 414 γὰρ
891 360 991 409 ’ὅςτις
1022 359 1091 413 οὐχ
1115 358 1332 412 ὑφίσταται,

421 414 520 455 Οὐδ’
555 413 697 469 ανδρὸς
726 413 774 455 ἂν
802 415 962 457 δύναιθ’
998 414 1212 469 υποστῆναι
1239 417 1358 469 βέλος.

124 497 164 526 81
198 491 275 531 Sed
324 498 362 531 ct
399 491 496 544 apud
533 492 748 531 Martialem
787 495 935 532 memini
972 507 1056 532 esse
1102 493 1344 545 Epigramma
1379 493 1558 546 quoddam
1602 495 1638 532 in

196 549 292 587 haue
321 549 572 597 sententiam,
604 549 708 586 cuius
743 549 837 587 haec
868 550 1034 588 clausula
1062 556 1120 586 est
1136 550 1205 597 *):

360 626 484 665 Rebus
512 628 550 664 iu
582 628 752 665 adversis
771 626 896 678 facile
925 634 984 665 est
1012 633 1249 665 contemnere
1276 629 1404 666 vitam.

415 683 588 720 Fortiter
615 683 679 721 z'lle
697 682 833 734 facit,
864 684 932 733 qui
956 684 1071 721 miser
1105 696 1185 721 esse
1209 690 1353 734 potest.

706 802 991 844 CAPUT
1047 805 1132 844 111.

344 880 545 919 Cor-reclus
576 881 767 919 Cz‘eerom's
797 883 902 920 loeus
929 896 950 920 e
979 883 1075 922 lc’bro
1105 884 1217 921 lertio
1247 883 1292 920 de
1319 880 1498 932 Legibus.

192 961 275 1017 DE
303 979 502 1017 tribunicia
531 987 717 1030 potestate
743 981 851 1031 longa
882 988 921 1019 et
946 982 1099 1032 copiosa
1127 989 1186 1020 est
1214 981 1415 1033 disputatio
1445 977 1542 1030 apud
1572 975 1639 1015 Ci-

193 1047 370 1075 ceronem
409 1035 474 1074 lib.
510 1035 581 1073 111.
624 1035 670 1074 de
699 1035 967 1089 Legibusm).
1025 1037 1123 1075 Nam
1164 1050 1246 1075 eum
1286 1038 1385 1074 illam
1417 1035 1468 1082 Q.
1501 1034 1639 1072 Cicero

191 1091 410 1143 pestiferam
441 1097 480 1128 et
510 1092 703 1129 exitiosam
735 1105 820 1129 esse
850 1091 1031 1138 dixisse13
1075 1091 1308 1143 respondens
1338 1091 1495 1129 Marcus
1527 1089 1639 1126 multa

193 1148 231 1185 ei
270 1146 359 1183 vitia
393 1146 517 1183 inesse
546 1160 616 1183 non
649 1155 787 1198 negat,
828 1146 894 1184 sed
931 1161 1025 1198 quae
1056 1155 1178 1185 tamen
1209 1148 1316 1185 facile
1348 1151 1640 1197 compensentur

192 1201 364 1254 pluribus
401 1208 438 1238 et
477 1202 678 1239 maioribus
708 1203 839 1240 bonis:
884 1215 929 1240 eo
960 1204 1140 1249 maxime,
1181 1202 1277 1254 quod
1320 1202 1411 1239 nibil
1440 1214 1483 1238 ea
1513 1199 1638 1237 utilius

193 1257 352 1307 cogitari
393 1258 554 1306 potuerit
586 1257 632 1294 ad
662 1257 807 1308 plebem
838 1271 918 1295 cum
949 1259 1113 1308 patribus
1144 1259 1179 1295 in
1210 1257 1411 1296 eoncordia
1440 1256 1637 1293 continen-

194 1312 293 1350 dam.
354 1311 449 1348 Tum
479 1311 685 1350 dissolvens
716 1326 784 1359 ea,
817 1327 910 1364 quae
935 1314 1121 1360 Quinctus
1151 1312 1332 1351 adversus
1363 1324 1444 1350 eam
1474 1310 1637 1355 dixerat,

193 1369 245 1405 ita
286 1367 469 1418 loquitur:
511 1371 570 1405 At
596 1369 668 1405 duo
704 1368 1065 1420 Grueelu'ficeruut.
1126 1371 1176 1407 Et
1200 1376 1359 1418 praeter
1387 1380 1472 1412 eos,
1509 1377 1639 1416 quam-

192 1425 249 1461 vis
278 1435 472 1459 enumeres
501 1424 637 1460 multos
666 1425 777 1469 lieet,
809 1437 889 1461 eum
921 1425 1010 1461 deni
1038 1431 1290 1461 crearentur.-
1321 1424 1443 1460 nullos
1473 1423 1512 1458 iu
1540 1421 1645 1458 omni

192 1479 372 1516 memoria
408 1479 576 1527 reperies
603 1480 838 1528 perniciosos
877 1479 1072 1516 tribunos.-
1108 1480 1226 1524 leves,
1271 1480 1381 1516 etlam
1422 1490 1497 1514 non
1526 1476 1640 1513 bonos

181 1532 358 1585 sortasse
390 1533 536 1582 plures.
596 1534 742 1571 Invidia
775 1534 919 1583 quidem
958 1546 1121 1571 summus
1156 1535 1249 1571 ordo
1280 1539 1402 1571 earet.
1465 1530 1542 1569 Sed
1573 1530 1641 1568 ha-

192 1589 257 1626 bet
286 1587 575 1635 dubitationem,
614 1587 701 1638 quid
740 1589 788 1625 sit
817 1587 912 1638 quod
942 1587 1079 1626 Cicero
1108 1590 1183 1634 ait,
1220 1601 1302 1627 eum
1342 1589 1434 1625 deni
1460 1599 1638 1625 crearen-

193 1650 270 1682 tur.
331 1643 386 1680 Ita
415 1644 512 1680 enim
544 1643 666 1693 loqui,
699 1643 803 1694 quasi
824 1642 917 1681 'deni
950 1645 1071 1682 creari
1100 1644 1304 1690 desierint,
1334 1641 1494 1681 videtur.
1553 1640 1639 1678 Ne-

193 1711 265 1750 que
311 1699 468 1744 melius,
509 1699 695 1749 aliquanto
727 1700 837 1736 etiam
875 1698 1064 1745 (leterius,
1106 1699 1280 1744 videtur,
1323 1697 1420 1749 quod
1447 1695 1639 1735 Adrianus

192 1753 393 1792 Turnebus
423 1754 576 1804 scripsit
592 1751 711 1805 ἦὬῗῖἵξ),
745 1755 807 1804 qui
838 1754 955 1791 locum
979 1754 1075 1792 hunc
1095 1756 1144 1792 ita
1166 1753 1305 1792 edidit:
1336 1756 1396 1792 At
1418 1753 1490 1790 duo
1515 1753 1640 1790 Grae-

193 1810 260 1848 et'zz'
281 1808 476 1860 suerunt?
514 1815 554 1847 et
580 1816 739 1859 praeter
775 1823 857 1855 eos,
899 1812 1065 1860 quamvis
1103 1823 1298 1848 enumeres
1334 1810 1495 1858 multos,
1532 1809 1634 1846 lieet.

197 1866 287 1903 Cum
329 1865 419 1902 dem'
451 1871 655 1910 creantur,
694 1866 817 1902 nullos
856 1866 893 1902 in
933 1867 1035 1903 omne·
1066 1867 1245 1903 memoria
1283 1871 1356 1902 etc.
1416 1862 1534 1910 Quasi
1569 1862 1639 1900 ali-

193 1918 341 1970 quando
379 1918 465 1956 deni
505 1927 710 1965 creentur,
752 1919 952 1970 aliquando
979 1921 1103 1970 aliquo
1133 1921 1205 1958 alio
1235 1932 1412 1957 numero:
1453 1925 1512 1965 et,
1552 1929 1636 1955 cum

193 1974 281 2012 deni
311 1981 509 2020 creantur,
541 1981 616 2011 tum
647 1974 736 2011 nulli
770 1975 972 2025 perniciosi
1005 1977 1256 2026 reperiantur.
1316 1972 1427 2021 Quod
1457 1974 1489 2011 si
1519 1978 1635 2019 esset,

194 2042 266 2068 nae
307 2029 498 2066 mirificam
537 2030 598 2067 ille
626 2030 699 2066 vim
730 2043 905 2067 numerus
936 2030 1144 2068 habuisset.
1204 2031 1289 2080 Ego
1317 2028 1522 2068 addendam
1553 2040 1639 2078 par-

193 2085 343 2122 ticulam
377 2082 518 2136 nou-1⁴)
551 2091 589 2121 et
618 2091 732 2121 totum
761 2084 881 2122 locum
912 2086 962 2122 ita
983 2086 1179 2136 legendum
1201 2093 1312 2136 puto:
1341 2087 1400 2123 At
1420 2085 1494 2121 duo
1519 2086 1638 2122 Grae-

194 2141 260 2178 elze'
281 2139 464 2191 fuerunt.
533 2141 587 2176 Et
619 2146 779 2189 praeter
821 2153 885 2177 eos
925 2143 1092 2190 quamvis
1128 2153 1319 2178 enumeres
1357 2141 1492 2177 multos
1531 2139 1634 2182 lieet,

193 2209 276 2234 eum
314 2196 406 2232 deni
440 2201 632 2231 creentur.
692 2196 777 2232 Non
813 2196 935 2232 nullos
972 2197 1012 2232 in
1051 2197 1152 2233 omni
1176 2197 1353 2233 memoria
1399 2201 1474 2232 etc.
1542 2191 1638 2230 Illud

193 2251 311 2297 enim,
339 2252 399 2289 At
423 2249 496 2286 duo
529 2247 888 2299 Graeelzz'ficerunt,
921 2252 1025 2300 quasi
1050 2264 1097 2288 ex
1128 2250 1279 2297 Quincti
1310 2262 1471 2301 persona
1497 2247 1637 2285 Cicero

194 2304 299 2344 dicit.
359 2303 508 2342 Deinde
542 2303 773 2354 respondens
813 2305 865 2341 ait
908 2319 981 2342 non
1023 2318 1088 2343 eos
1126 2313 1265 2343 tantum
1303 2305 1467 2355 proferri
1503 2315 1634 2355 posse,

193 2373 323 2398 verum
365 2360 476 2397 etiam
520 2371 647 2396 eorum
692 2359 833 2397 similes
873 2362 1039 2410 quamvis
1070 2361 1217 2398 multos.
1276 2360 1410 2411 Neque
1440 2358 1477 2396 id
1505 2360 1638 2399 mirum

194 2428 305 2462 esse,
352 2427 434 2452 cum
476 2413 565 2452 deni
607 2421 797 2453 creentur.
862 2413 1014 2454 Etenim
1050 2417 1087 2454 in
1128 2423 1231 2454 tanto
1266 2428 1420 2454 numero
1467 2428 1551 2462 non,
1580 2419 1640 2452 est

269 2572 313 2607 -:::-)
334 2571 387 2600 lib.
407 2572 459 2600 XI.
482 2569 583 2605 epigr.
603 2570 655 2599 56.
693 2569 789 2599 Editt.
809 2569 989 2599 Martialis.-
1009 2571 1116 2600 Rebus
1134 2571 1167 2600 in
1186 2571 1333 2608 angustis.

269 2619 334 2655 -:::--:::-)
356 2626 425 2654 cap.
450 2618 496 2647 10.
519 2619 551 2653 εξ.
573 2618 624 2645 24.

279 2669 329 2695 ’ἐῢ-ι
323 2666 454 2701 “x-JVid.
476 2665 545 2694 eius
566 2665 645 2700 Opn.
666 2665 714 2694 ed.
735 2666 867 2702 Argent.
889 2667 976 2694 Tom.
997 2668 1020 2694 1.
1043 2673 1113 2702 pag.
1138 2667 1246 2696 178.1.
1269 2668 1318 2696 18.
1356 2669 1469 2696 FAESI.

269 2713 315 2752 †)
336 2716 519 2747 perperam.
557 2713 638 2743 Vide
659 2715 811 2742 Goerenz
839 2715 879 2742 ad
906 2716 935 2743 h.
957 2716 977 2743 l
1007 2715 1058 2749 qui
1079 2715 1124 2743 sic
1144 2715 1236 2750 legit.
1266 2717 1309 2743 At
1327 2716 1387 2744 duo
1411 2715 1545 2743 Gracchi
1561 2712 1634 2748 fue-

194 2752 279 2782 runt.
300 2766 337 2772 —
377 2753 420 2780 Et
445 2751 570 2784 praeter
597 2758 652 2779 eos
677 2753 814 2796 quamvis
842 2759 1002 2780 enumeres
1021 2754 1132 2781 multos
1152 2754 1240 2790 licet,
1272 2761 1363 2788 quum
1382 2754 1455 2782 deni
1474 2753 1632 2787 eremum,

195 2790 298 2817 nullos
324 2790 356 2816 in
384 2789 466 2816 omni
484 2790 632 2817 memoria
657 2790 796 2823 reperies
812 2790 1007 2824 perniciosos
1026 2792 1183 2819 tribunos:
1212 2792 1313 2827 letes,
1341 2792 1432 2819 etiam
1457 2797 1519 2818 non
1539 2791 1635 2816 bonos

195 2826 353 2862 fortasse,
374 2827 490 2860 plures.
531 2827 652 2854 Invidia
672 2827 792 2861 quidem
811 2829 976 2861 cet‚1‹]g0
997 2832 1102 2856 tamen
1121 2831 1266 2857 creentur
1285 2828 1442 2863 praefero.
1467 2830 1576 2858 FAEsi.
1597 2840 1632 2847 —

198 2863 356 2894 oremus:
377 2870 446 2893 eum
463 2864 534 2894 dem·
553 2865 714 2903 creentuffi
735 2865 900 2895 nonnullos
919 2866 953 2894 in
971 2867 1053 2895 emm·
1071 2867 1218 2897 memoria
1237 2868 1297 2896 etc.
