1778 3096
156 1440 218 1470 458

237 155 319 197 434
803 152 926 190 VAR.
960 152 1111 190 LECT.

239 262 284 302 In
313 276 405 302 voce
434 269 621 302 mercatus
636 259 682 315 ἥ)
715 261 830 300 verba
851 260 1037 299 Varronis
1070 260 1139 299 hoe
1170 261 1302 300 modo:
1339 262 1412 302 Ubi
1435 268 1510 300 tum
1535 263 1685 300 comitia

242 319 445 366 habebant,
477 320 533 357 ibi
552 332 650 356 nune
665 318 725 369 fic
750 325 951 356 mercatus.
1002 317 1149 355 Versus
1169 316 1329 368 Turpilii
1362 318 1430 356 hoc
1461 316 1570 355 modo
1585 314 1683 370 **):

412 396 614 435 Consilium
643 395 713 433 hoe
742 396 845 446 cepi.-
886 396 1035 432 litteras
1063 395 1151 432 misi
1175 395 1227 431 ad
1252 407 1374 433 senem

408 453 610 496 Nostrum,
639 463 817 501 proeesse
845 449 952 488 nobis
981 463 1030 488 ea:
1058 450 1245 487 sententia

410 508 684 546 Mereaturam.

244 586 288 624 In
317 583 433 623 verbo
461 579 660 634 capi***)
693 596 764 620 non
795 580 904 619 video
935 594 1005 631 quo
1035 581 1162 618 colore
1193 579 1398 618 defendere
1427 581 1687 632 negligentiam

246 654 348 679 suam
387 639 555 691 possint,
611 639 671 689 qni
712 650 753 674 se
790 636 903 673 Nonii
950 636 1212 673 emendatores
1260 637 1421 687 professi
1463 637 1563 686 passi
1606 643 1691 674 sunt

245 696 360 735 verba
401 693 598 732 Ciceronis
636 695 685 730 ita
722 693 818 742 legi:
864 693 947 730 Non
975 705 1124 742 possum
1157 693 1299 729 adduci
1336 698 1375 729 et
1407 694 1595 742 suscipere
1627 705 1691 741 pe-

246 753 382 790 cuniae
406 756 577 800 captum.-
625 761 707 786 cum
737 747 795 784 vel
830 759 944 784 caeco
975 747 1208 797 perspicuum
1240 748 1307 792 sit,
1350 746 1567 796 legendum:
1607 749 1690 785 Nou

239 819 394 858 possum
422 805 583 850 adduci,
625 811 666 841 ut
694 804 863 853 suspicer·
895 808 930 840 te
967 803 1129 852 pecunia
1167 810 1331 853 captum.
1392 801 1435 840 ln
1471 801 1587 840 verbo
1625 803 1692 840 eli·

247 860 402 914 dere-1⁴)
432 861 542 911 lego:
583 859 751 898 Lucilius
782 860 914 907 Satyr.
948 858 1013 896 lib.
1048 856 1096 894 11.

884 936 1110 985 impuratum
1142 935 1242 972 hune

412 993 455 1031 In
473 991 617 1044 fauces
648 991 820 1035 invasse,
855 991 1088 1040 animamque
1117 991 1260 1027 elisisse
1289 990 1360 1027 illi.

248 1068 324 1109 Sed
355 1076 393 1107 et
422 1067 510 1106 illud
544 1068 654 1106 nimis
684 1079 836 1104 crassae
863 1080 907 1105 ac
938 1068 1092 1118 supinae
1126 1067 1380 1117 negligentiae
1410 1072 1490 1111 est,
1533 1062 1628 1116 quod
1658 1064 1696 1102 in

246 1125 362 1164 verbo
384 1124 579 1177 offendere
593 1121 677 1176 ††)
699 1122 911 1160 Plautinum
937 1135 1084 1161 versum
1108 1123 1158 1160 ita
1179 1122 1418 1173 depravatum
1440 1120 1693 1171 reliquerunt:

302 1205 361 1241 Eo
381 1215 484 1240 more
508 1199 819 1252 eoepergesactum
842 1201 1043 1238 adveniens
1065 1200 1300 1238 tenebrosum
1323 1198 1469 1252 offendi
1487 1199 1694 1236 dominum.-

247 1293 330 1319 cum
359 1280 397 1317 in
426 1278 595 1316 omnibus
629 1277 905 1328 exemplaribus
931 1276 1116 1315 Plautinis
1149 1283 1252 1314 recte
1280 1277 1441 1326 legatur,

301 1358 358 1395 Eo
387 1369 490 1394 more
518 1362 711 1406 exspertem
743 1361 778 1393 te
796 1353 950 1405 saetam
982 1356 1183 1393 adveniens
1213 1353 1360 1406 offendi
1384 1354 1544 1390 domum.

247 1434 291 1473 In
323 1446 414 1473 voce
444 1446 618 1483 spurcum
633 1431 750 1484 †††)
782 1444 914 1470 versus
946 1431 1094 1469 Afranii
1124 1432 1174 1468 ita
1205 1429 1384 1481 legendos
1414 1430 1606 1480 suspicor:

415 1512 445 1548 0
473 1510 631 1559 dignum
647 1508 833 1560 saeuius,
864 1509 1141 1553 adolescentes,
1171 1509 1239 1557 qui
1263 1509 1440 1557 optimas,

412 1567 514 1603 Bene
544 1566 804 1602 convenientes
831 1564 1108 1613 concordesque
1138 1576 1220 1600 cum
1249 1564 1356 1607 viris,

411 1622 575 1670 Repente
603 1620 737 1657 viduas
754 1617 889 1670 saciat
916 1620 1101 1669 spurcitia
1131 1625 1171 1656 et
1192 1617 1362 1669 probris.

247 1696 300 1735 Et
327 1711 411 1735 mox
441 1697 477 1734 in
508 1696 635 1735 verbis
666 1696 852 1735 Varronis
881 1697 1072 1742 lictorem,
1103 1708 1175 1733 non
1208 1696 1401 1734 lectorem.
1454 1692 1568 1744 Piget
1593 1692 1698 1744 plura

248 1751 402 1792 addere.
462 1752 520 1790 Ita
546 1752 636 1790 mihi
665 1765 737 1804 quo
768 1752 874 1803 plura
903 1757 1011 1798 sunt,
1044 1764 1089 1789 eo
1120 1751 1274 1789 minoris
1306 1749 1493 1789 videntur.

764 1886 1050 1926 CAPUT
1106 1887 1187 1927 XI.

323 1967 536 2017 Principem
571 1965 715 2016 legibus
743 1967 904 2004 solutum
935 1966 1116 2016 quomodo
1146 1966 1433 2016 intelligendum
1461 1966 1533 2011 sit,
1574 1977 1625 2002 ex

544 2023 703 2059 Platone
729 2022 984 2073 disputatum,
1018 2022 1087 2071 qui
1111 2028 1149 2059 et
1176 2022 1404 2071 corrigitur.

249 2100 443 2157 Imaona
473 2119 557 2156 olim
587 2125 625 2156 et
651 2120 864 2170 perniciosa
887 2121 1125 2172 plurimorum
1154 2121 1298 2158 animos
1325 2125 1527 2170 occuparat
1554 2118 1694 2169 opinio,

250 2174 288 2213 id
318 2174 464 2212 demum
503 2175 560 2211 ins
592 2186 699 2220 esse,
743 2174 839 2226 quod
870 2176 960 2214 utile
1002 2177 1101 2214 foret
1139 2176 1362 2227 potentioriz
1408 2187 1524 2225 eaque
1556 2173 1697 2211 diserte

325 2309 370 2345 ae)
391 2315 463 2344 pag.
485 2309 555 2338 212.
578 2309 626 2338 ed.
647 2310 742 2337 Mete.
783 2308 867 2338 Edit.
889 2309 959 2344 Bip.
980 2316 1052 2345 pag.
1073 2309 1144 2338 308.
1166 2310 1305 2338 sumtum
1391 2310 1452 2338 ubi.

326 2357 395 2392 *³415
425 2363 496 2392 pag.
526 2357 646 2385 eadem.
693 2356 813 2385 Nonius
840 2358 994 2392 Merceri,
1026 2359 1208 2392 Stephanus
1239 2359 1382 2393 (Fragm.
1410 2359 1492 2392 poet.
1520 2358 1597 2385 vett.
1627 2356 1697 2384 Lat.

251 2401 325 2430 pag.
346 2395 438 2430 30⁰.)
469 2397 502 2423 et
522 2395 659 2423 Botulus
687 2395 796 2430 (Poet.
824 2395 894 2424 Lat.
924 2397 1015 2425 scen.
1043 2397 1170 2430 Fragm.
1199 2396 1270 2425 vol.
1291 2397 1329 2425 11.
1357 2402 1428 2431 pag.
1447 2394 1519 2430 88.)
1549 2393 1700 2422 exhibent

251 2433 419 2469 prodesse,
441 2439 504 2460 non
522 2439 678 2466 processe.

327 2481 420 2515 *ss-*J
442 2487 512 2515 pag.
532 2480 602 2508 253.
620 2480 670 2508 ed.
685 2482 785 2509 Mero.
812 2478 974 2509 Ciceronis
990 2482 1090 2510 verba
1103 2482 1251 2517 leguntur
1261 2481 1397 2516 Philipp.
1414 2481 1437 2508 1.
1453 2486 1523 2514 cap.
1538 2480 1583 2508 13.
1604 2478 1698 2515 §.3:3.

254 2526 374 2594 ΡΑΕΞ-ι)
394 2534 467 2564 pag.
487 2527 558 2557 291.
579 2528 628 2556 ed.
649 2529 745 2557 Mete.
764 2528 950 2557 inimatum.
986 2529 1040 2559 Sic
1059 2529 1156 2559 etiam
1172 2530 1271 2559 Lucil.
1288 2529 1412 2564 Reliqq.
1433 2529 1480 2558 ed.
1496 2529 1595 2558 nous.
1612 2529 1650 2558 11.
1668 2527 1699 2560 4.

331 2612 406 2652 ††)
426 2620 498 2649 pag.
519 2612 590 2641 359.
611 2612 662 2641 ed.
682 2615 779 2643 Mero.
818 2613 890 2642 Vid.
910 2614 1015 2643 Plaut.
1036 2614 1192 2649 Amphitr.
1213 2617 1251 2644 Π.
1272 2615 1302 2650 2,
1323 2615 1374 2644 81.
1414 2615 1477 2649 Ap.
1498 2616 1594 2643 Mero.
1613 2615 1700 2642 tene—

254 2653 380 2680 brosum
408 2652 496 2680 uncis
523 2651 695 2688 inclusum,
727 2654 759 2680 et
786 2652 868 2680 domi
894 2659 949 2686 pro
975 2653 1129 2681 dommum
1158 2653 1320 2689 seriptum.
1358 2652 1455 2688 Apud
1474 2653 1622 2682 Plautum
1648 2651 1698 2680 ed.

253 2690 363 2720 Lamb.
384 2692 416 2718 et
437 2690 567 2718 Taubm.
589 2689 688 2726 domi,
711 2697 775 2717 non
794 2691 923 2717 domum.
963 2691 1074 2718 FAx-281.

330 2735 431 2777 †††)
452 2743 522 2774 pag.
537 2736 608 2766 394.
627 2737 675 2765 ed.
691 2739 788 2766 Mero.
817 2737 951 2767 Bothius
963 2739 1052 2767 Poet.
1070 2740 1160 2768 scen.
1174 2739 1244 2768 Lat.
1260 2741 1386 2775 Fragm.
1401 2739 1474 2770 Vol.
1491 2740 1531 2768 11.
1547 2745 1619 2775 pag.
1629 2738 1698 2769 165.

532 2785 558 2813 0
577 2785 701 2822 diynum
718 2785 863 2820 facinus!
891 2786 1101 2815 adulescentes
1121 2789 1272 2825 optumas,

531 2823 606 2851 bene
625 2824 836 2852 convenientes
854 2824 885 2852 et
902 2825 1072 2852 concordes
1091 2832 1159 2853 cum
1177 2825 1265 2864 viris,

530 2861 655 2895 repente
672 2861 782 2890 viduas
797 2860 898 2897 faciat
915 2862 1080 2896 spurcities
1096 2863 1208 2898 patr-is.
