1778 3096
153 1925 214 1957 481

229 111 313 155 456
791 109 924 153 VAR.
955 109 1111 150 LECT.

231 232 268 264 et
296 223 359 275 qui
393 223 546 262 laborat
578 220 756 273 podagra
769 218 842 273 θ’),
884 226 990 259 certe
1025 234 1097 258 non
1137 220 1187 258 ita
1224 219 1390 267 laborat,
1431 228 1472 259 ut
1507 220 1674 270 Marius,

232 293 316 318 cum
345 287 452 318 aestu
475 290 608 328 magno
637 276 798 314 ducebat
822 289 972 327 agmen.
1024 274 1100 314 Sed
1125 276 1230 314 cuius
1259 278 1379 328 potius
1402 278 1438 315 in
1471 277 1566 316 hane
1594 291 1675 316 rem

233 348 341 387 quam
382 336 502 385 ipsius
541 332 742 370 Ciceronis
781 332 995 369 testimonio
1034 329 1209 369 utamur?
1271 331 1366 369 Eius
1411 333 1525 384 igitur
1562 334 1678 372 verba

232 398 318 429 sunt
347 403 368 428 e
398 387 561 427 secundo
592 387 638 425 de
664 386 821 425 Finibus
837 386 940 438 **):
978 390 1090 437 Quos,
1125 387 1182 424 dii
1207 388 1449 434 immortales,
1481 390 1560 436 ille,
1593 403 1677 428 eum

231 459 358 484 omnes
387 452 497 483 artus
525 444 664 481 ardere
690 443 924 488 viderentur,
955 444 1151 481 cruciatus
1175 442 1428 494 perferebat?
1456 458 1525 482 nee
1553 451 1677 483 tamen

232 503 347 539 miser
377 513 479 545 esse,
522 500 610 550 quia
640 511 818 537 summum
849 499 891 536 εἰ]
919 499 1054 536 malum
1085 511 1159 536 non
1191 504 1297 543 erat,
1341 501 1592 537 tantummodo
1623 502 1679 538 la-

232 557 406 593 boriosus
435 555 649 593 videbatur.
708 552 846 592 Nonne
877 567 982 600 eum,
1023 554 1084 604 qui
1115 553 1274 590 maximo
1313 551 1441 591 dolore
1472 556 1678 602 cruciatur,

233 611 460 650 laboriosum
490 609 628 648 vocat?
672 608 813 648 Videat
845 621 953 660 erg0,
981 609 1012 646 si
1043 609 1112 645 hoe
1142 609 1290 645 nomine
1319 609 1355 645 in
1387 609 1555 648 Graecos
1583 612 1682 649 volet

233 679 320 704 esse
351 665 503 712 durior,
551 678 597 703 ne
630 676 789 702 caussae
819 677 907 702 suae
946 665 1108 701 securim
1146 664 1226 701 talis
1269 676 1312 700 ac
1343 670 1465 702 tantus
1502 674 1679 716 patronus

233 722 377 772 infligat
391 718 512 773 ΜΕᾗ).
572 720 720 759 Facere
759 720 796 757 in
825 732 871 757 eo
902 732 1047 770 quoque
1077 719 1166 756 mihi
1199 717 1345 757 videtur
1380 720 1543 768 iniuste,
1584 720 1682 772 quod

224 777 513 822 *accubationem
545 777 732 827 epularem
750 774 801 827 †)
844 776 977 812 melius
1007 788 1029 812 a
1058 774 1205 812 Latinis
1246 775 1474 821 convivium,
1520 789 1627 827 quam
1660 790 1683 815 a

234 832 394 870 Graecis
423 828 655 871 σύνδειπνον
681 837 744 869 aut
768 827 981 881 συμπόσιον
1010 831 1193 868 nominari
1214 829 1366 867 iudicat.
1419 829 1561 868 Contra
1583 832 1682 870 enim

233 887 432 939 appellatio
461 887 599 925 Latina
636 886 777 924 habere
816 885 997 937 quandam
1032 886 1338 936 intemperantiae
1371 885 1683 935 significationem

233 943 404 981 videtur:
449 944 553 994 quasi
580 950 654 980 tum
689 941 835 980 demum
866 942 990 980 vivant
1022 941 1216 987 homines,
1249 954 1329 978 curn
1361 941 1482 978 eibum
1514 942 1682 992 capiunt,

235 1011 355 1050 neque
385 999 432 1036 sit
462 1000 562 1037 inter
593 1012 677 1044 eos,
708 1004 969 1048 praeterquam
998 998 1034 1034 in
1068 997 1201 1047 epulis,
1227 996 1299 1033 ulla
1329 997 1428 1033 vitae
1457 998 1681 1036 communio.

233 1053 287 1092 At
318 1054 458 1092 Graeci
496 1068 572 1093 una
600 1055 724 1092 vivere
765 1052 893 1090 dicent
922 1065 988 1090 eos
1027 1053 1162 1098 etiam,
1205 1053 1267 1102 qui
1300 1052 1452 1102 negotia
1488 1066 1555 1090 sua
1585 1053 1686 1092 inter

235 1123 276 1147 se
309 1110 606 1156 communicant,
648 1109 709 1159 qui
747 1108 883 1146 crebro
922 1122 994 1146 una
1028 1114 1136 1152 sunt,
1183 1107 1244 1157 qui
1281 1120 1353 1144 una
1393 1107 1570 1154 militant,
1612 1122 1686 1148 una

234 1165 564 1216 philosophantur:
603 1165 814 1202 convictum
844 1163 1004 1214 denique
1037 1163 1159 1200 multis
1189 1163 1272 1199 aliis
1302 1163 1337 1199 in
1368 1162 1481 1200 rebus
1510 1177 1617 1214 quam
1648 1166 1685 1202 in

234 1221 320 1258 vino
350 1228 387 1258 et
417 1221 536 1271 epulis
567 1220 802 1270 intelligent:
848 1233 920 1256 non
953 1226 991 1256 ut
1020 1217 1168 1262 Latini,
1202 1218 1264 1268 qui
1294 1218 1606 1272 eonvz'vet·e††)‚
1648 1227 1688 1258 ut

234 1275 306 1313 hoc
343 1275 457 1313 verbo
487 1283 592 1321 utar,
631 1288 696 1312 eos
731 1274 876 1311 demum
907 1273 1054 1319 dieunt,
1096 1274 1157 1323 qui
1187 1286 1260 1310 una
1301 1280 1470 1324 tanquam
1501 1273 1548 1312 ad
1587 1274 1686 1313 idem

235 1343 420 1382 praesepe
450 1337 674 1381 pascuntur,
716 1330 821 1380 quasi
855 1330 945 1367 nihil
976 1330 1024 1366 sit
1058 1327 1155 1366 aliud
1186 1329 1304 1378 συζῆν
1343 1341 1449 1378 quam
1486 1328 1687 1383 συγχορτά,

235 1385 515 1438 ζεσνθαιῨ-ῨῨ).
560 1385 785 1435 Elegantius
809 1384 879 1431 illi,
905 1385 967 1435 qui
997 1382 1096 1421 aliud
1125 1396 1209 1421 esse
1234 1383 1408 1421 viderunt
1436 1398 1511 1422 una
1537 1386 1685 1433 bibere,

236 1440 335 1478 aliud
374 1453 447 1478 uua
486 1442 630 1479 vivere.
699 1440 830 1490 Itaque
872 1441 1169 1477 communionem
1213 1439 1402 1488 epularum
1446 1440 1493 1477 ab
1531 1453 1599 1487 eo,
1649 1449 1690 1480 ut

236 1495 360 1534 Varro
398 1493 533 1547 ait*)‚
577 1495 756 1546 coagulo,
799 1507 870 1545 quo
910 1494 1081 1532 convivia
1118 1494 1381 1539 continentur,
1424 1496 1686 1535 nominarunt:

236 1552 337 1589 vitae
367 1551 668 1588 coniunctionem
701 1549 748 1587 ad
778 1550 848 1587 alia
875 1549 1048 1599 graviora
1079 1555 1117 1586 et
1147 1549 1265 1598 magis
1296 1549 1396 1586 seria
1428 1560 1686 1590 reservarunt.

237 1606 347 1645 Haec
385 1607 416 1644 si
448 1607 508 1645 eui
541 1605 788 1644 confidentius
823 1603 962 1642 dixisse
1002 1603 1184 1641 adversus
1221 1602 1421 1642 Ciceronis
1463 1608 1689 1646 sententiam

237 1661 416 1706 videbor,
456 1662 622 1712 cogitet,
654 1674 761 1712 quam
790 1660 903 1698 multa
933 1660 979 1697 ab
1010 1672 1056 1697 eo
1086 1658 1267 1696 adversus
1292 1659 1508 1706 Platonem,
1540 1662 1689 1701 Aristo-

237 1718 367 1762 telem,
393 1717 693 1768 Theophrastum
726 1716 891 1766 aliosque
919 1723 1067 1753 veteres
1097 1713 1194 1752 dicta
1224 1715 1314 1753 sint.
1359 1714 1566 1767 Numquam
1597 1718 1691 1757 haee

240 1773 300 1811 vel
332 1771 582 1811 dissentiendi
610 1773 669 1811 vel
699 1772 843 1823 ingenii
879 1769 1084 1810 exercendi
1114 1770 1268 1808 libertas
1307 1770 1346 1808 in
1377 1770 1514 1810 litteris
1547 1773 1691 1826 vitupe-

240 1835 321 1867 rata
352 1835 426 1866 est.

765 1904 1052 1945 CAPUT
1116 1906 1169 1946 V.

428 1986 689 2038 Xenophontis
719 1986 823 2023 loeus
851 1991 988 2035 quarto
1016 1983 1246 2024 Anabaseos'
1272 1986 1506 2026 emendatus.

240 2053 373 2112 Arm)
402 2073 693 2125 Xenophontem
724 2073 821 2111 libro
849 2080 980 2123 quarto
1010 2071 1233 2112 Anabaseos
1249 2073 1327 2127 *ἢ
1362 2075 1527 2123 Graeci,
1559 2075 1691 2126 quibus

241 2137 417 2181 praeerat
439 2131 520 2180 ipse
546 2129 775 2180 Xenophon,
809 2142 890 2166 eum
922 2130 960 2165 in
990 2130 1172 2166 Armenia
1204 2137 1241 2167 et
1270 2131 1394 2167 multis
1423 2130 1507 2167 aliis
1536 2130 1692 2169 difficul-

241 2185 378 2222 tatibus
410 2186 614 2222 conflictati
652 2190 781 2222 essent
810 2190 849 2221 et
877 2196 996 2234 paene
1028 2184 1285 2235 obriguissent
1313 2198 1356 2222 ae
1390 2186 1692 2235 conglaciassent

242 2240 410 2291 frigore,
443 2241 614 2291 nivisque
643 2240 679 2279 vi
706 2245 848 2277 tantum
879 2253 953 2276 non
982 2239 1104 2277 obruti
1133 2253 1178 2278 ae
1210 2241 1344 2292 sepulti
1374 2241 1524 2288 foreut3
1566 2242 1691 2292 iguem

318 2327 362 2364 δῖε)
384 2327 526 2357 Martial.
546 2326 653 2363 Epigr.
673 2328 697 2355 1.
717 2326 769 2363 99,
792 2325 821 2354 1.

317 2376 386 2412 ³:³³3)
405 2383 475 2411 cap.
495 2377 546 2405 28.
567 2377 650 2404 extr.
689 2373 737 2404 Cf.
758 2373 895 2410 Philipp.
916 2375 968 2403 XI.
989 2374 1019 2403 4.
1040 2373 1108 2403 init.

316 2425 411 2460 *ek-22³]
433 2425 497 2455 Cic.
519 2432 573 2459 pro
594 2425 702 2453 Plane.
724 2430 793 2457 cap.
815 2423 863 2451 29.
887 2423 919 2458 ς.
942 2422 992 2452 70.
1029 2424 1125 2458 Quam
1145 2423 1225 2451 enim
1245 2423 1291 2452 z‘llz·
1311 2424 1428 2452 iudices
1515 2425 1692 2458 ,qravz‘orem

240 2464 411 2498 potuerunt
428 2464 476 2491 ret·
493 2463 636 2497 publicae
656 2462 795 2497 ἐπηέρθη
811 2463 942 2490 securim
963 2462 1022 2490 cet.
1063 2461 1110 2490 Cf.
1132 2462 1184 2490 Or.
1204 2469 1262 2496 pro
1283 2464 1364 2490 Mur.
1385 2469 1454 2496 cap.
1477 2462 1528 2490 24.
1548 2463 1615 2492 init.

241 2549 286 2578 VI
319 2509 364 2549 -Η
392 2510 447 2577 (31f5
461 2511 501 2540 de
521 2512 646 2540 Senect.
669 2516 740 2546 cap.
761 2510 811 2539 13.
832 2509 864 2545 S.
884 2509 935 2538 45.
973 2510 1023 2538 De
1052 2508 1155 2538 forma
1179 2511 1340 2538 accubatio
1367 2509 1434 2539 vid.
1460 2517 1560 2546 supra
1579 2511 1621 2540 ad
1639 2512 1693 2541 lib.

288 2570 296 2578 .
316 2555 385 2583 cap.
449 2571 456 2577 .

319 2595 393 2634 ††)
414 2596 471 2625 Bis
491 2595 608 2630 legitur
627 2597 689 2624 hoe
708 2594 886 2629 significatu
906 2595 991 2629 apud
1007 2595 1266 2635 Quinctilianum‚
1289 2597 1368 2626 Inst.
1390 2596 1443 2625 Or.
1462 2595 1516 2625 lib.
1531 2597 1555 2625 1.
1576 2603 1644 2632 cap.
1661 2597 1692 2626 6.

243 2634 277 2670 3.
298 2634 349 2663 44.
371 2636 402 2663 et
422 2634 477 2663 iio.
499 2635 566 2663 vn.
588 2640 656 2669 cap.
677 2634 707 2663 3.
728 2635 760 2669 5.
781 2635 831 2662 31.
871 2634 995 2662 mer.

319 2685 419 2725 †††)
440 2688 578 2716 Verbum
599 2686 737 2722 simplex
762 2678 1004 2725 χορτάζεσθαι
1032 2686 1063 2714 et
1083 2684 1198 2714 adiect.
1219 2678 1418 2727 σύγχορῐος
1445 2685 1478 2715 in
1499 2687 1690 2716 Graecorum

243 2731 334 2761 libris
354 2731 508 2769 legimus,
531 2724 844 2775 συγχορτάζεσθαι
864 2737 885 2760 a
905 2733 1026 2760 Mureto
1046 2733 1209 2761 novatum.

319 2785 363 2820 κε)
384 2791 436 2820 ap.
455 2785 535 2814 Non.
552 2786 575 2813 1.
598 2785 668 2813 115.
689 2790 762 2819 pag.
783 2784 834 2812 28.
855 2783 904 2812 ed.
924 2784 1021 2812 Merc.

320 2837 387 2874 aa)
408 2844 476 2874 cap.
498 2835 528 2865 4.
549 2835 582 2872 S.
597 2836 646 2865 13.
682 2835 729 2864 lbi
750 2831 872 2867 σύειον
892 2843 912 2865 a
932 2833 1161 2864 recentioribus
1182 2834 1358 2865 editoribus
1377 2836 1530 2865 mutatum
1551 2842 1611 2865 non
1633 2838 1689 2865 est.
