1778 3096
190 1112 250 1141 381

289 115 372 158 304
854 118 985 158 VAR.
1017 119 1172 160 LECT.

290 227 389 323 {quod
431 229 538 313 puaulo
574 234 659 280 post
693 229 885 280 sequitur,
942 228 1127 282 colloquio
1162 230 1402 292 Ctesiphouis
1443 241 1483 272 et
1513 233 1630 287 Syri,
1673 235 1736 275 uhi

305 297 326 323 e
357 291 430 322 itur
506 299 515 322 τ

329 299 353 336 g
456 285 567 389 glane
595 362 678 388 eum
705 362 879 388 maxume
908 352 1034 402 operis
1063 353 1210 404 alz'quz'd
1223 354 1366 405 faeere
1393 356 1522 404 credo,

287 440 444 480 prorsus
474 425 672 479 legendum
703 434 777 474 est,
804 429 916 467 Nune
945 442 1027 467 eum
1055 443 1255 468 maoeume:
1285 443 1356 482 quo
1384 431 1492 471 modo
1522 440 1561 471 ct
1581 431 1736 472 Plautus

288 489 327 521 et
356 481 494 521 Cicero
525 490 563 521 et
589 482 739 521 Seneca
769 491 805 521 et
833 484 989 522 Tacitus
1019 491 1057 523 et
1089 485 1154 523 alii
1187 485 1348 536 optimae
1388 496 1499 526 notae
1529 489 1735 540 scriptores

287 551 402 589 saepe
432 539 545 577 locuti
575 545 673 577 sunt.
734 538 846 587 *Quod
875 546 1022 587 autem,
1055 554 1139 579 cum
1170 540 1392 580 adolescens
1419 545 1539 592 patri,
1579 545 1640 596 qui
1670 557 1735 582 vo-

287 593 448 644 luptates
485 607 571 632 suas
609 594 655 632 ab
694 607 740 632 eo
784 595 956 645 impediri
995 596 1133 642 nollet,
1179 595 1388 636 triduanam
1403 597 1481 653 Μ)
1516 606 1735 653 perpetuam

286 648 544 688 lassitudinem
575 657 750 702 precatus
779 657 905 697 esset,
939 651 1090 689 subiicit
1120 651 1258 704 SyruS,

449 729 510 767 Ita
527 728 636 778 fiat,
667 735 707 766 et
733 730 827 766 istoc·
854 729 893 766 sz‘
917 729 1009 780 quid
1026 731 1130 780 potis
1157 736 1215 768 est
1237 732 1402 769 rectius.-

283 810 358 842 tum
390 803 495 843 Ctesi
509 805 570 843 Jllo

498 820 510 857 ¹
575 833 588 852 ³
1060 865 1143 902 Ita.-
1175 877 1262 902 nam
1292 864 1390 902 hune
1418 864 1513 902 diem

337 917 481 955 Misere
498 918 609 955 nimis
623 922 864 968 perpetuum,
890 923 935 956 ut
954 919 1074 969 coepi,
1102 921 1211 970 cupio
1235 921 1272 958 in
1293 921 1438 958 laetitia
1455 919 1597 969 degere
1609 915 1729 970 ***).·

280 991 401 1031 videri
440 994 478 1032 in
513 1006 559 1032 eo
596 1001 745 1045 poterat
786 996 896 1046 poe'ta
939 1009 1010 1033 non
1052 997 1143 1034 satis
1183 995 1344 1047 diligens
1386 994 1560 1034 servandi
1603 993 1731 1034 decori

281 1049 423 1096 fuisse,
463 1050 525 1100 qui
554 1049 723 1102 improbo
753 1063 883 1096 servo,
926 1064 999 1088 non
1037 1051 1320 1099 lassitudinem,
1361 1051 1426 1090 sed
1465 1058 1622 1089 mortem
1651 1049 1732 1088 De-

281 1117 388 1142 meae
427 1107 619 1155 precanti,
672 1106 873 1156 ingenuum
920 1105 1198 1146 adolescentem
1241 1108 1510 1146 assentientem
1555 1106 1728 1146 fecisset.

281 1159 358 1198 Sed
390 1167 505 1198 totum
541 1161 652 1199 huius
692 1161 765 1199 loci
795 1161 992 1199 artificium
1033 1163 1277 1202 subtilissime
1311 1164 1458 1214 aperuit
1493 1161 1730 1212 elegantissi-

276 1228 358 1253 mus
397 1216 734 1255 Grammaticorum
777 1216 972 1255 Donatus:
1025 1219 1087 1268 qui
1124 1219 1240 1256 verba
1280 1219 1373 1256 baec
1417 1217 1560 1256 duobus
1607 1215 1727 1254 modis

276 1271 394 1321 accipi
436 1285 548 1322 posse
585 1271 772 1310 ostendit:
815 1285 969 1323 quorum
1009 1275 1150 1311 utrovis
1187 1274 1307 1324 posito
1347 1273 1408 1320 id,
1452 1271 1550 1324 quod
1589 1273 1727 1323 alioqui

276 1330 409 1376 poe'tae
441 1327 552 1364 obiici
584 1334 755 1378 poterat,
793 1326 967 1365 diluatur.
1031 1327 1110 1366 Aut
1139 1330 1238 1366 enim
1269 1329 1488 1379 negabimus
1520 1335 1675 1366 mortem
1705 1340 1728 1365 a

276 1382 377 1432 Syro
407 1382 588 1432 intelligi,
623 1395 744 1432 neque
776 1383 872 1420 illum
901 1382 1098 1434 quidquam
1128 1383 1227 1422 aliud
1258 1385 1405 1435 precari
1438 1383 1622 1429 dicemus,
1652 1383 1727 1420 nisi

275 1443 316 1473 ut
344 1435 389 1473 ad
429 1436 519 1474 illud
554 1436 716 1475 triduum
751 1437 887 1489 aliquid
922 1446 1122 1488 praeterea
1155 1438 1333 1486 addatur,
1376 1441 1496 1490 sitque
1536 1439 1726 1490 aliquanto

275 1491 424 1540 longior
457 1491 661 1530 lassitudo:
704 1499 791 1538 aut,
834 1493 865 1529 si
894 1500 1051 1531 mortem
1085 1494 1298 1543 significare
1329 1495 1468 1541 voluit,
1508 1493 1605 1545 quod
1635 1493 1725 1532 mibi

275 1546 423 1598 quidem
453 1547 489 1585 in
522 1560 657 1593 serm,
690 1555 728 1586 et
758 1549 794 1585 in
824 1549 890 1585 tali
921 1560 1031 1585 servo
1060 1549 1304 1586 verisimilius
1333 1548 1501 1595 videtur,
1538 1548 1722 1596 dicemus,

275 1616 387 1648 eum,
420 1616 503 1641 cum
533 1603 596 1641 illa
627 1602 771 1641 (liceret
800 1610 840 1641 et
866 1605 984 1650 istoc,
1021 1605 1175 1655 siquid
1194 1607 1298 1655 potis
1326 1612 1383 1643 est
1411 1606 1573 1651 rectius,
1614 1617 1726 1643 aver·

272 1659 368 1696 tisse
398 1671 440 1697 se
469 1672 490 1697 a
520 1658 775 1710 Ctesiphone,
818 1660 869 1696 ita
904 1666 940 1696 ut
969 1659 1014 1697 ab
1050 1672 1096 1697 eo
1136 1673 1208 1697 non
1246 1659 1453 1698 audiretur.
1512 1659 1627 1698 Prior
1661 1660 1723 1698 illa

273 1715 458 1764 expositio
497 1715 617 1752 sicui
649 1716 768 1765 magis
798 1714 1036 1766 probabitur,
1078 1716 1174 1753 istoc
1213 1729 1285 1753 non
1325 1723 1452 1753 sextus
1482 1728 1593 1754 casus
1631 1716 1720 1762 erit,

273 1768 342 1807 sed
369 1768 584 1808 adverbium
623 1772 810 1821 antiquum
841 1783 908 1821 pro
939 1771 1050 1809 istuc.
1111 1769 1163 1808 Et
1193 1769 1287 1808 haec
1318 1771 1464 1822 quidem
1493 1783 1541 1808 ex
1569 1770 1722 1809 Donato

271 1825 404 1862 hausta
429 1832 536 1863 sunt:
582 1825 650 1864 sed
684 1826 843 1877 intelligi
873 1838 920 1863 ex
948 1839 993 1864 eo
1029 1840 1102 1864 non
1137 1833 1301 1877 queunt,
1340 1827 1416 1875 *nisi
1450 1826 1565 1865 verba
1603 1827 1721 1877 ipsius

271 1881 376 1932 prius
408 1880 605 1919 emendata
635 1882 788 1920 fuerint.
848 1880 1030 1932 Legenda
1061 1882 1176 1932 igitur
1203 1889 1289 1919 sunt
1317 1881 1363 1919 ad
1396 1881 1494 1920 hunc
1521 1880 1689 1920 modum:

382 1938 436 1975 Et
461 1938 557 1975 istoc
584 1938 622 1975 si
658 1939 750 1988 quid
778 1939 883 1988 potis
920 1944 981 1975 est
1003 1940 1159 1977 rectius.
1220 1939 1332 1976 Deest
1368 1937 1494 1976 addi.
1553 1939 1653 1976 Nam
1684 1937 1724 1975 si

271 1996 427 2030 mortem
463 1993 722 2043 signfiem‘et,
762 2006 837 2031 non
875 1995 1113 2041 conveniret,
1156 1994 1428 2032 adolescentem
1464 1994 1535 2031 z’ta
1571 1993 1715 2031 dz'eere.

272 2048 434 2085 Vz'detnr
463 2060 556 2097 ergo
587 2050 674 2098 plus
703 2051 879 2099 temporis
910 2056 1059 2100 optasse
1087 2049 1278 2099 languori.
1341 2050 1416 2088 Vel
1438 2055 1484 2086 et
1517 2049 1644 2087 istoc
1677 2049 1723 2085 εἰ

270 2103 384 2153 quid
405 2104 535 2153 potis
562 2110 634 2141 est
659 2105 865 2150 rectius,
895 2112 938 2142 ut
963 2106 1151 2142 moriatur
1179 2105 1337 2142 scillcet.
1388 2105 1444 2143 Et
1464 2104 1535 2142 hoc
1560 2116 1717 2141 aversus

268 2171 400 2196 servus
427 2157 535 2196 debet
562 2159 714 2196 dicere.-
745 2172 792 2196 ne
821 2160 1037 2197 indecorum
1062 2160 1310 2197 adolescentes
1334 2171 1523 2210 personae
1549 2160 1615 2204 sit,
1646 2160 1716 2196 ita

269 2214 435 2251 (lenisse.-
465 2215 632 2263 quamvis
659 2215 844 2252 eiusmodi
865 2215 1120 2253 adolescentes
1149 2215 1334 2253 inducant
1364 2215 1521 2261 Comici,
1551 2220 1595 2253 ut
1614 2215 1716 2253 Nae-

267 2270 350 2307 vius
378 2270 415 2306 z'n
453 2269 638 2307 Trz'basz‘lo
653 2267 723 2322 †),

378 2348 479 2385 Deos
508 2359 670 2397 quaeso,
700 2353 743 2385 ut
769 2347 939 2386 adimant
971 2353 1011 2385 et
1030 2354 1181 2398 patrem
1210 2354 1251 2386 et
1277 2354 1436 2386 matrem
1462 2359 1576 2385 meos.

267 2421 381 2462 Haud
420 2425 543 2474 magni
582 2425 693 2475 pretii
731 2424 823 2463 haec
861 2438 977 2472 esse,
1020 2424 1118 2463 dieat
1159 2424 1321 2477 aliquis?
1376 2423 1511 2463 Licet:
1557 2436 1629 2475 ego
1666 2435 1712 2462 ea

342 2533 385 2567 ἐκ)
413 2534 549 2568 Adelph.
571 2535 624 2563 lv.
647 2535 680 2570 1,
703 2534 732 2563 2.
772 2535 862 2564 Nunc
880 2537 1040 2571 receptum
1060 2542 1129 2565 cuni.
1148 2542 1309 2570 maxume,
1338 2541 1402 2570 qua
1421 2534 1461 2563 de
1481 2533 1618 2563 formula
1644 2532 1711 2563 vid.

266 2572 460 2600 Boetticheri
482 2573 559 2600 Lex.
581 2572 684 2602 Tacit.
706 2579 777 2608 pag.
800 2573 860 2602 135
879 2581 926 2608 sq.

342 2620 410 2655 aaa)
431 2621 625 2650 Vocabulum
645 2624 696 2651 est
715 2621 858 2651 cadentis
876 2621 1068 2652 Latinitatis.
1101 2623 1234 2653 Mallem
1252 2621 1437 2657 scripsisset
1455 2622 1599 2651 Muretus
1617 2620 1710 2650 triam

265 2657 384 2686 dierum
403 2658 622 2689 lassitudinem.

340 2707 435 2742 {ek-22³]
455 2707 535 2736 Cum
554 2707 700 2737 Bentleio
719 2708 911 2738 recentiores
930 2709 1072 2739 editores
1092 2709 1192 2739 verba
1210 2710 1491 2744 transposuerunt:

487 2755 586 2784 Nimis
604 2758 715 2786 misere
734 2758 839 2795 cupio,
861 2760 894 2787 ut
912 2759 1015 2796 coepi,
1036 2760 1218 2794 perpetuum
1236 2758 1269 2786 in
1287 2758 1405 2786 laetitia
1423 2758 1546 2793 deffere.

342 2799 387 2839 †)
407 2802 456 2831 De
476 2803 536 2831 hac
555 2804 669 2833 Naevii
691 2805 814 2839 fabula,
843 2813 926 2842 quae
945 2808 985 2836 ah
1005 2808 1079 2836 aliis
1099 2807 1247 2836 scribitur
1269 2807 1448 2837 Tribaselus
1466 2808 1499 2837 et
1517 2804 1703 2841 Triphaaus,

266 2839 332 2869 vid.
354 2842 446 2870 Both.
466 2842 506 2870 ad
527 2843 617 2872 Poet.
638 2845 728 2873 scen.
749 2844 853 2874 Latin.
872 2847 998 2881 Fragm.
1018 2847 1087 2877 Vol.
1107 2848 1145 2877 11.
1167 2853 1237 2882 pag.
1258 2846 1299 2876 20
1317 2853 1366 2881 S‘l·
