1726 3106
489 127 592 167 LIB.
621 124 693 166 IX.
754 122 874 165 CAP.
901 121 1015 164 XIV.
1396 120 1479 162 205

40 243 118 282 nia.
177 241 274 281 Nam
309 238 363 278 de'
387 238 642 276 tintinnabulis
657 234 703 289 ἦ)
741 247 890 286 semper
928 231 1051 278 idem,
1089 230 1185 283 quod
1215 230 1278 269 ille
1308 229 1476 279 tradidit,

41 311 258 336 senseram:
304 303 342 334 et
377 301 526 347 practer
565 294 683 331 locum
720 291 892 330 Zonarac
932 289 1113 327 habebam
1142 288 1253 326 alium
1282 300 1330 325 ex
1357 287 1482 326 Pseu-

41 353 127 392 dolo
141 351 212 404 Ἠ“)
228 368 239 390 2

40 427 182 468 Pseud.
213 429 293 467 Iam
323 427 384 464 liic
413 438 495 465 ero.
557 425 694 463 Verum
735 429 848 460 extra
877 427 1030 471 portam
1060 421 1217 459 Metiam
1253 420 1480 458 currendum

869 483 928 513 est
949 477 1074 525 prius.

40 535 165 576 Calid.
208 535 308 587 Quid
333 533 403 572 eo?
439 530 581 571 Pseud.
613 532 755 571 Lanios
782 531 867 569 inde
895 542 1090 567 accersam
1118 530 1213 567 duos
1239 542 1324 567 cam
1352 528 1483 568 tz’ntin-

867 584 1031 623 nahelis.

204 645 348 684 Eadem
378 644 451 680 dao
478 654 621 692 greges
648 642 842 690 virgarum
871 641 957 678 inde
983 640 1187 677 ulmearmn
1218 639 1411 689 adegere.-

210 701 259 738 Ut
288 699 398 736 hodie
427 698 479 735 ad
509 698 713 734 litationem
742 696 828 733 haic
856 701 1034 745 suppetat
1057 696 1178 732 satias
1206 695 1298 732 Iovi.

202 756 246 794 In
274 755 411 792 malam
441 765 592 790 crucem
622 752 708 789 istic
739 751 809 788 ibit
836 752 1005 801 Iuppiter
1035 750 1218 788 lenonz'as.

39 835 192 875 EtenIm
234 841 340 873 extra
365 841 508 885 portani
538 832 697 871 Metiam
727 832 916 871 habitabat
943 831 1141 870 carnifex:
1183 838 1221 868 et
1249 831 1300 869 ibi
1331 829 1483 869 combu-

41 891 219 931 rebantur
248 889 432 928 cadavcra
457 887 727 926 damnatorum.
787 887 896 927 Unde
926 888 963 925 in
992 886 1132 924 Casina
1148 883 1277 938 ***):

149 969 259 1008 Illam
290 968 422 1018 edepol
447 967 575 1004 videre
605 967 800 1004 ardentem
833 972 870 1004 te
897 971 1012 1003 extra
1034 971 1188 1015 portam
1218 965 1375 1003 llletiam

154 1025 277 1062 Credo
307 1029 456 1061 ecastor
483 1023 589 1059 velle.

39 1101 152 1140 Nunc
194 1101 310 1150 igitur
344 1099 452 1138 haec.
519 1097 606 1136 Alia
643 1097 827 1150 posthac,
877 1103 918 1135 ut
955 1095 1115 1149 quidque
1151 1102 1353 1143 occurret,
1395 1108 1482 1148 pro-

40 1157 220 1195 feremus.

525 1282 810 1324 CAPUT
860 1281 988 1323 XIV.

305 1363 342 1402 E
373 1363 566 1401 Ciceronis
594 1362 836 1401 Academicis
862 1361 1079 1399 emendatus
1107 1361 1222 1399 loeus.

43 1442 198 1501 Locus
234 1468 292 1500 est
321 1461 521 1499 Ciceronis
557 1459 603 1499 ad
634 1461 742 1499 finem
771 1460 857 1498 libri
889 1460 997 1512 primi
1026 1458 1340 1499 Academicarum
1372 1473 1485 1512 quae-

44 1517 295 1570 &ionum-1⁴),
334 1516 555 1567 depravatus
595 1517 656 1554 ille
686 1515 832 1566 quidem
866 1516 903 1553 in
935 1516 1103 1553 omnibus
1132 1516 1252 1563 libris,
1286 1515 1352 1554 sed
1378 1518 1484 1554 cuius

44 1575 99 1611 ita
129 1573 250 1610 facilis
282 1571 493 1610 emendatio
524 1577 605 1617 est,
637 1578 677 1608 ut
703 1571 765 1608 diu
795 1572 958 1622 piguerit
988 1584 1045 1609 me
1075 1584 1157 1609 eam
1186 1573 1223 1610 in
1252 1572 1395 1610 litteras
1423 1584 1485 1609 re-

44 1630 172 1673 ferre,
216 1639 298 1665 cuin
328 1633 517 1678 putarem,
556 1627 608 1663 ita
645 1626 813 1663 obtusum
841 1627 1025 1663 neminem
1057 1626 1161 1673 fore,
1202 1628 1289 1678 quin
1320 1640 1400 1665 eam
1430 1628 1485 1664 fa-

44 1684 114 1721 cile
144 1682 305 1727 videret,
339 1683 370 1719 si
400 1681 582 1732 paululum
612 1681 770 1718 animum
801 1680 1027 1718 adverteret.
1086 1682 1197 1720 Nunc
1217 1696 1297 1719 cum
1320 1682 1482 1728 videam,

43 1751 166 1789 neque
212 1737 398 1774 hominem
445 1735 756 1781 eruditissimum,
805 1736 1042 1782 Turnebum,
1085 1738 1146 1788 qui
1195 1738 1356 1788 eleganti
1394 1750 1485 1776 sane

44 1793 314 1838 commentario
343 1792 478 1829 librum
510 1792 609 1828 illum
637 1792 835 1828 illustravit
853 1791 954 1843 ††)‚
988 1804 1107 1841 neque
1128 1793 1238 1838 alios,
1270 1793 1330 1844 qui
1354 1800 1486 1844 postea

45 1848 272 1887 Ciceronem
312 1860 334 1885 a
370 1860 436 1893 se,
476 1853 516 1883 ut
552 1847 623 1896 ipsi
654 1847 798 1897 quidem
832 1847 1008 1897 putabant
1038 1847 1139 1899 (nam
1170 1846 1256 1899 quid
1286 1849 1486 1899 praestite-

45 1905 136 1949 rint,
157 1901 405 1953 videbimus),
432 1901 664 1939 emendatum
690 1901 887 1939 ediderunt
901 1901 1036 1954 ’ἦῆ-ᾧ),
1062 1902 1259 1953 quidquam
1287 1902 1333 1941 de
1351 1902 1486 1941 mendo

46 1960 259 2009 cogitasse,
299 1957 472 1994 indicabo
509 1970 591 1994 euni
630 1964 668 1994 et
703 1957 894 2008 purgabo,
938 1971 984 1995 ne
1015 1957 1152 1995 diutius
1184 1958 1324 1996 macula
1355 1959 1417 1996 illa
1448 1960 1487 1996 in

46 2020 120 2051 tam
152 2013 265 2064 polito
293 2013 476 2064 scriptore
506 2011 674 2051 haereat.
735 2012 864 2050 Verba
892 2019 1038 2058 autem,
1070 2025 1163 2064 quae
1195 2012 1299 2061 dico,
1330 2013 1489 2052 Cicero-

47 2070 106 2107 nis
136 2068 230 2106 haec
261 2074 371 2105 sunt:
408 2070 497 2105 Cam
524 2070 701 2113 Zenone,
729 2069 905 2118 inquam,
945 2075 989 2105 ut
1015 2070 1250 2119 accepimus,
1289 2071 1489 2108 Arcesilas

46 2124 124 2162 sibi
149 2137 253 2161 omne
282 2129 471 2160 certamen
501 2124 678 2166 instituit,
707 2136 780 2160 non
804 2123 1018 2172 pertinacia
1051 2130 1118 2162 aut
1143 2126 1268 2162 Studio
1297 2126 1485 2171 vincendi,

47 2186 92 2218 ut
117 2180 212 2216 milii
238 2172 382 2228 quidem
411 2179 581 2222 videtur,
610 2178 679 2215 sed
706 2190 834 2215 earum
861 2191 988 2215 rerum
1018 2179 1271 2225 obscuritate,
1315 2193 1410 2230 qaae
1437 2181 1490 2218 ad

48 2234 317 2284 confessionem
358 2234 609 2282 ignorationis
639 2233 885 2270 adduxerant
910 2235 1133 2279 Socratem,
1173 2236 1293 2273 velati
1317 2242 1489 2273 (efflantes

49 2291 259 2334 Socratem,
292 2289 563 2333 Democritum,
594 2290 887 2337 Anaaeagoram,
919 2290 1190 2339 Empedoclem,
1223 2303 1347 2327 omnes
1364 2303 1488 2341 paene

49 2351 213 2390 veteres,
253 2344 321 2394 qai
355 2344 455 2381 m'lzz'l
480 2345 660 2393 cognosci
667 2372 683 2390 ,
719 2344 818 2382 nillil
836 2345 1005 2395 percipi,
1045 2346 1144 2383 m’ltz'l
1174 2346 1273 2383 sciri
1288 2359 1402 2396 posse
1431 2346 1489 2383 di-

126 2518 170 2555 2,:-)
192 2520 317 2548 Trucul.
336 2519 389 2548 IV.
409 2517 448 2560 ἓξ,
465 2517 498 2560 18.
538 2516 610 2561 Via.
632 2518 767 2547 Turneb.
787 2519 981 2550 Adversarr.
1001 2520 1022 2551 1.
1044 2527 1071 2551 c,
1092 2521 1125 2551 et
1144 2520 1200 2552 lib.
1219 2521 1331 2551 xxiil.
1352 2520 1401 2552 10.
1440 2518 1489 2551 Cf.

51 2558 178 2589 Hieron.
199 2557 324 2592 Magius
344 2557 383 2585 de
403 2555 621 2585 tintinnabulis
641 2562 708 2591 cap.
732 2558 780 2586 11.

125 2607 173 2632 ³3³1:-
213 2606 236 2633 1.
255 2605 276 2633 3
314 2604 366 2633 97.

126 2604 219 2688 ·’))
239 2626 334 2689 11.'6,
357 2652 386 2680 2.
406 2651 460 2681 ubi
478 2651 533 2681 alii
554 2659 623 2681 cum
643 2653 776 2682 Grutero
796 2655 883 2684 recte
904 2654 1004 2683 vellet.

127 2700 173 2740 †)
194 2708 261 2736 cap.
286 2701 332 2729 12.
355 2700 387 2734 §-
407 2699 458 2728 44.

129 2748 202 2789 ‘ii-J
223 2749 285 2793 §ed
314 2747 389 2776 vide
409 2747 479 2777 eius
500 2749 579 2784 ΟΜ).
599 2750 686 2779 Tom.
707 2751 730 2779 1.
750 2757 822 2786 pag.
843 2751 894 2781 95.
923 2750 976 2779 ubi
996 2751 1037 2780 ad
1060 2751 1141 2780 hanc
1160 2749 1276 2780 Mureti
1295 2749 1491 2781 emendatio-

53 2795 126 2819 nem
145 2789 284 2822 respicit.
322 2788 433 2815 FAESL

130 2834 232 2876 †††)
251 2835 306 2866 Ad
324 2834 512 2866 Lambinum
532 2836 612 2866 haec
629 2836 793 2874 spectant,
813 2835 905 2866 cuius
925 2835 1000 2868 vide
1018 2835 1159 2867 Praefat.
1179 2842 1251 2873 pag.
1270 2836 1301 2866 3.

1510 1098 1575 1129 215
