1726 3106
119 2079 183 2110 146

202 140 282 182 1:55
763 141 885 180 VAR.
920 141 1073 181 LECT.

368 250 565 291 ῙΙέποιθτι.
625 250 772 290 Πελίου
800 248 838 291 δ’
871 248 1013 303 ἐχθρός
1040 251 1119 292 ἔστί
1145 269 1211 304 μοι
1239 251 1369 306 δόμος,

354 305 501 374 Κρέων
529 320 579 346 τε.
641 303 801 354 Τούτοις
823 303 861 346 δ’
893 305 1059 360 ὁρκιοισι
1088 307 1156 358 μὲν
1183 310 1318 364 ζυγεὶς,

354 359 544 427 ’Ἄγουσιν
569 357 616 400 οὗ
645 365 771 416 μεθῇς
798 358 848 402 ἂν
873 361 916 402 ἐκ
938 362 1054 430 γαίης
1078 362 1152 414 ἐμέ.

364 414 513 470 Λόγοις
540 414 583 456 δὲ
611 403 778 485 συμβὰς,
806 417 872 457 καὶ
899 421 1007 458 θεῶν
1035 415 1240 470 ἀνώμοτος,

369 472 489 520 Φίλος
500 469 631 540 γένοι’
665 470 714 512 ἂν
741 470 1122 541 κᾶπικηρυκεύμασιν

369 524 455 567 Οὐκ
481 524 530 566 ἂν
557 526 878 580 πίθοιο.Τᾶμά
907 527 974 580 μὲν
1000 526 1073 582 γὰρ
1103 526 1266 580 ἀσθενῆ,

370 586 461 630 Τοῖς
486 580 522 623 δ’
555 580 670 636 ὄλβος
697 583 775 624 ἐστι
802 583 868 624 καὶ
898 581 1018 636 δόμος
1045 583 1282 637 τυραννικός.

202 665 277 713 Qui
316 664 463 717 quidem
494 680 626 705 versus
653 674 690 705 et
720 667 859 718 aliquot
887 666 979 704 locis
1009 664 1201 717 depravati
1230 667 1340 716 vulgo
1370 666 1567 716 leguntur,
1606 671 1645 702 et

201 735 224 759 a
260 721 499 769 Scholiaste‚
543 735 623 760 mea
661 721 806 772 quidem
851 722 1063 767 sententia,
1106 735 1179 759 non
1218 722 1489 772 intelliguntur.
1559 718 1645 770 Ego

200 776 317 828 igitur
348 777 398 815 ita
428 790 494 815 eos
523 778 764 828 interpretor.
824 776 920 814 Fido
949 776 1119 828 equidem
1149 777 1228 815 tibi.
1289 777 1466 815 Ceterum
1496 776 1648 813 inimica

201 831 294 870 mihi
330 840 387 871 est
420 832 552 871 Peliae
591 832 746 870 domus.
795 833 956 884 itemque
995 830 1137 870 Creon.
1214 829 1373 879 Τούτοις
1405 830 1468 880 δὲ,
1512 843 1645 880 nempe

200 886 332 926 Peliae
362 895 402 926 et
429 887 610 926 Creonti:
643 885 802 941 ἄγουσιν
829 885 909 954 ἐμὲ,
921 886 963 927 ἐκ
991 887 1129 954 γαίης,
1162 889 1193 925 si
1221 889 1418 934 venerint,
1449 887 1646 937 cupientes

201 955 263 981 me
292 956 313 981 a
343 943 476 982 finibus
503 944 577 981 tuis
607 939 913 982 abducere-01²1
943 946 1069 998 μεθῇς
1097 939 1166 991 ἂν,
1195 949 1232 980 tu
1263 942 1300 980 id
1332 956 1404 980 non
1435 942 1644 993 permittes,

201 1011 324 1050 neque
363 1012 421 1037 me
462 1000 518 1037 eis
549 998 700 1037 trades:
742 999 774 1036 si
806 998 952 1049 quidem
992 973 1235 1036 iuwreiurando
1277 997 1385 1036 fidem
1426 996 1515 1034 mihi
1548 1004 1644 1034 tuam

202 1053 446 1105 obligaveris.
505 1055 558 1092 At
593 1055 624 1092 si
665 1053 773 1092 nudis
811 1061 949 1091 tantum
981 1054 1215 1091 sermonibus
1251 1066 1389 1091 mecum
1422 1051 1646 1091 conveneris

205 1109 297 1162 (hoc
338 1110 436 1148 enim
478 1117 538 1148 est
573 1107 702 1163 λόγοις
731 1106 773 1148 δὲ
802 1106 996 1161 συμβας);
1045 1122 1165 1160 neque
1203 1108 1294 1146 deos
1326 1115 1441 1146 testes
1468 1106 1647 1145 adhibue-

203 1165 283 1203 ris:
330 1172 407 1203 tum
445 1172 483 1204 te
520 1166 691 1204 fortassis
730 1166 849 1203 amice
883 1179 963 1203 cum
1005 1165 1078 1202 illis
1110 1177 1245 1215 geres,
1293 1177 1412 1214 neque
1439 1163 1554 1200 stabis
1584 1163 1646 1207 iis,

204 1233 300 1272 quae
337 1221 436 1258 inter
463 1234 532 1259 nos
561 1228 743 1259 conventa
770 1228 893 1258 erunt.
953 1219 1013 1258 Ea
1042 1220 1141 1257 enim
1171 1225 1279 1257 vocat
1307 1215 1648 1271 ε’πικηρυκεύματα.

203 1274 323 1314 Addit
349 1275 484 1314 deinde
515 1290 685 1314 caussam
717 1276 1070 1327 probahile1n‚eur
1102 1282 1291 1321 vereatur,
1325 1287 1371 1312 ne
1403 1276 1454 1311 ita
1485 1274 1647 1311 eveniat.

205 1329 300 1368 Cum
332 1338 453 1368 autem
485 1332 593 1382 vulgo
626 1331 775 1381 legatur
804 1334 1008 1382 μεθεῖσαν,
1051 1337 1114 1367 aut
1140 1329 1273 1380 μεθεὶς
1301 1326 1372 1377 ἄν,
1404 1329 1465 1366 ubi
1493 1342 1564 1379 ego
1596 1328 1649 1366 le-

205 1385 367 1437 gendum
393 1399 533 1424 censeo
563 1390 688 1442 μεθῇς
720 1384 781 1435 ἂν,
811 1393 848 1424 et
877 1383 1078 1436 ἐνώμοτος,
1109 1386 1170 1423 ubi
1193 1399 1263 1436 ego
1285 1382 1501 1435 ἀνωμοτοςε
1534 1397 1650 1435 quan-

206 1449 280 1479 tam
311 1454 355 1479 ea
386 1455 447 1480 res
480 1439 694 1493 ἀμηχανίαν
724 1442 957 1480 Scholiastae
986 1441 1183 1487 obiecerit,
1216 1454 1396 1491 quamque
1427 1441 1536 1490 longe
1563 1452 1647 1477 eum

206 1510 227 1534 a
263 1499 396 1548 poe'tae
428 1499 613 1535 sententia
641 1496 859 1535 abduxerit.
905 1496 1098 1541 dicerem,
1139 1497 1171 1533 si
1203 1496 1337 1533 liberet
1369 1501 1559 1533 ostentare
1592 1506 1649 1532 me

206 1553 246 1589 in
276 1551 509 1602 exagitandis
534 1553 689 1590 aliorum
720 1552 927 1590 erroribus.
987 1551 1100 1589 Nunc
1128 1563 1174 1588 eo
1203 1551 1354 1600 ingenio
1385 1564 1488 1596 sum,
1523 1557 1563 1587 ut
1592 1548 1647 1596 id,

207 1606 305 1658 quod
341 1608 430 1646 mihi
468 1621 598 1647 verum
628 1607 797 1653 videtur,
837 1606 935 1644 nude
965 1619 1009 1644 ac
1041 1606 1259 1657 simpliciter
1289 1618 1501 1658 proponere
1532 1605 1649 1643 satius

207 1662 357 1702 ducam.

722 1780 1014 1822 CAPUT
1068 1782 1146 1823 IV.

210 1862 310 1912 Quid
337 1862 488 1900 intersit
517 1861 617 1899 inter
647 1842 843 1911 imperium‘
863 1861 992 1910 patris
1020 1868 1058 1897 et
1087 1860 1239 1897 domini.
1302 1859 1506 1898 Emendate·
1528 1859 1651 1910 Afra-

660 1917 719 1954 m'e'
744 1929 873 1954 versus
901 1917 1004 1967 apud
1036 1916 1209 1954 Gelliam.

208 1994 413 2061 MULTUM
451 2016 637 2053 interesse
673 2015 773 2054 inter
808 2015 1004 2066 imperium
1044 2015 1160 2066 patris
1200 2021 1238 2052 et
1264 2013 1427 2061 domini,
1468 2014 1653 2065 longeque

210 2072 283 2110 alia
321 2072 466 2108 ratione
503 2070 692 2120 regendos
728 2084 813 2109 esse
843 2072 1006 2117 liberos,
1046 2071 1117 2108 alia
1147 2083 1301 2116 servos,
1339 2070 1442 2107 multi
1469 2076 1506 2107 et
1535 2069 1653 2120 philo-

212 2127 320 2178 sophi
365 2133 402 2163 et
440 2128 572 2177 politae
604 2133 754 2164 veteres
786 2125 1034 2163 tradiderunt.
1094 2125 1190 2163 Nam
1223 2125 1371 2163 servilis
1402 2124 1546 2175 quidem
1575 2125 1654 2162 ani-

212 2195 324 2229 mus,
367 2182 524 2219 naturali
561 2180 716 2231 quodam
754 2180 984 2217 dominorum
1013 2179 1097 2217 odio
1128 2180 1314 2226 imbutus,
1354 2180 1525 2217 eo‘c'rceri
1552 2180 1651 2225 sere,

212 2238 286 2276 nisi
321 2237 439 2283 malo,
484 2250 554 2274 non
584 2243 721 2287 potest.
783 2236 937 2281 Liberi,
978 2249 1070 2286 quos
1106 2248 1186 2272 cum
1231 2235 1446 2285 parentibus
1485 2235 1654 2273 arctissi-

213 2307 274 2331 mo
289 2293 339 2345 ᾗ)
379 2292 546 2329 caritatis
587 2292 733 2329 vinculo
774 2298 906 2328 natura
949 2291 1153 2341 copulavit,
1195 2291 1323 2328 officiis
1357 2298 1443 2328 sunt
1481 2298 1517 2328 et
1547 2290 1656 2328 obse-

214 2349 300 2401 quio
337 2355 376 2386 et
411 2346 672 2385 benevolentia
711 2345 960 2384 devinciendi.
1022 2346 1097 2383 Sed
1138 2346 1326 2384 habendus
1366 2346 1569 2397 diligenter
1598 2353 1656 2383 est

214 2403 360 2443 modus.
419 2403 554 2454 Neque
587 2403 682 2439 enim
731 2401 903 2439 laudandi
945 2409 1052 2447 sunt,
1098 2402 1157 2452 qui
1197 2403 1248 2439 ita
1286 2401 1524 2452 indulgenter
1561 2402 1655 2439 filios

215 2459 382 2506 liabent,
420 2466 459 2496 ut
495 2457 542 2496 ad
577 2458 699 2495 omnia
738 2471 864 2495 eorum
898 2465 1051 2507 peccata
1090 2458 1338 2495 conniveant:
1379 2458 1498 2508 qualis
1527 2470 1548 2495 a
1577 2457 1654 2494 Te-

215 2515 337 2553 rentio
376 2512 564 2551 inducitur
594 2513 705 2550 Mitio
723 2510 820 2565 **):
863 2513 1046 2563 multoque
1084 2513 1203 2550 minus
1235 2514 1267 2550 si
1298 2514 1359 2564 qui
1389 2526 1431 2551 se
1461 2513 1516 2551 eis
1546 2525 1656 2563 prae·

215 2570 306 2609 bent
332 2569 611 2608 inhonestarum
640 2567 831 2606 libidinum
859 2567 1098 2606 administros
1117 2597 1129 2615 ‚
1161 2575 1221 2615 et,
1254 2567 1351 2620 quod
1378 2569 1430 2607 ait
1453 2566 1549 2620 apud
1576 2566 1655 2606 Eu-

291 2736 335 2771 ÷:=-]
362 2736 557 2770 Quamquam
584 2742 604 2764 a
630 2736 759 2764 coerceo
786 2734 899 2763 dicitur
926 2735 1098 2765 coercitus,
1131 2737 1235 2763 tamen
1272 2733 1408 2769 simplex
1438 2734 1526 2762 artus
1554 2739 1654 2768 paene

218 2781 326 2801 omnes
361 2774 456 2801 hodie
492 2772 683 2808 praeferunt.
737 2771 808 2801 Vid.
837 2773 977 2800 Ocusner
1006 2773 1046 2801 ad
1076 2771 1140 2801 Cic.
1168 2774 1274 2807 Eclog.
1301 2780 1374 2808 pag.
1403 2773 1474 2802 297.
1504 2772 1553 2800 ed.
1582 2774 1653 2800 tert.

219 2811 355 2840 schmitt.
377 2811 416 2840 ad
437 2812 548 2840 Horat.
568 2811 669 2847 Epist.
692 2812 715 2840 1.
735 2812 772 2848 5,
795 2810 844 2841 29.
867 2812 956 2840 Tom.
976 2812 1000 2840 1.
1021 2817 1092 2846 pag.
1115 2810 1175 2840 129
1194 2818 1241 2845 sq.

295 2869 361 2905 *az-J
384 2872 418 2898 1n
439 2870 605 2908 Adelphis.
