1778 3096
480 128 582 168 LIB.
614 127 730 170 XVI.
790 127 908 167 CAP.
942 129 1070 169 XVII.
1417 127 1500 170 385

57 255 140 280 cam
171 240 219 280 ab
248 241 404 292 reliquis
437 240 548 278 malis
576 239 743 278 moribus
777 239 1035 285 dissentirem,
1075 240 1314 278 nihilominus
1344 239 1498 277 honoris

57 298 194 348 cupido
220 297 373 341 eadem,
414 308 510 345 quae
537 302 703 340 ceteros,
730 292 843 344 sama
873 302 984 345 atque
1014 296 1153 332 invidia
1181 295 1356 332 vex-abac.
1418 294 1498 332 Sed

57 365 138 389 cum
170 351 390 389 seutentiam
424 350 643 387 nobilissimi
675 350 868 399 scriptoris
900 349 1028 387 videre
1058 348 1205 387 difficile
1235 362 1306 386 non
1336 350 1408 395 sit,
1456 349 1495 386 in

55 407 182 445 verbis
212 413 333 443 tamen
370 404 606 455 depravatum
637 403 772 454 aliquid
801 403 974 449 videtur3
1016 403 1125 454 idque
1156 404 1244 441 mihi
1273 416 1496 442 assensuros

56 475 142 499 esse
173 474 301 498 omnes
333 460 516 505 arbitror,
562 461 622 511 qui
653 465 791 497 attente
820 471 863 496 ac
893 458 1095 508 diligenter
1131 473 1175 497 ea
1204 459 1493 497 considerarim.

56 516 141 566 Ego
166 529 260 564 cum⁵
277 528 389 564 saepe
419 528 462 553 ac
489 515 549 553 diu
581 514 627 552 de
654 515 715 552 illo
740 513 909 551 Sallustii
937 514 1019 550 loco
1043 521 1081 551 et
1109 515 1303 564 cogitarim
1326 521 1364 552 et
1386 527 1498 565 quae·

57 572 184 609 sierim
216 584 263 608 ex
295 571 402 616 aliis,
446 578 484 608 et
514 577 680 608 vetustos
711 569 825 606 libros
858 569 1128 614 consuluerim,
1169 569 1316 606 tandem
1352 571 1388 607 in
1417 583 1498 607 eam

57 627 279 664 sententiam
311 627 419 670 veni,
464 633 503 662 ut
535 639 600 676 pro
631 632 736 662 certo
767 624 930 661 arbitrer
962 624 1013 661 ita
1054 623 1249 673 legendum
1281 637 1390 662 esse:
1436 627 1499 664 Ac

56 695 133 727 me,
173 695 253 718 eum.
284 681 331 718 ab
360 683 515 730 reliquis
544 681 652 718 malis
680 679 845 717 moribus
874 680 1134 723 dissentirem,
1165 674 1404 717 nihilominus
1432 681 1499 716 ho-

55 738 161 775 noris
192 738 324 786 cupido
354 737 498 781 eadem,
529 749 625 787 quae
653 741 814 779 eelerOS,
834 733 1042 784 famaeque
1069 735 1193 772 avidia
1222 735 1398 773 vexabat.
1449 734 1501 771 Ut

55 793 211 830 lionoris
240 792 473 842 cupidinem,
515 798 550 828 et
578 792 737 828 avidiam
757 789 893 840 famae
925 789 1064 826 dixerit
1095 789 1314 839 φιλοτιμίαν
1342 788 1407 828 καὶ
1438 804 1501 839 φι-

55 846 241 893 λοδοξίαν.
287 847 463 884 Avidium
491 853 629 891 autem,
662 858 728 896 pro
758 844 954 889 aviditate,
986 843 1125 881 dixisse
1148 844 1363 881 Sallustium
1393 857 1500 882 nenio

56 902 274 947 mirabitur,
315 901 488 951 quicum
527 901 596 938 iam
638 907 712 937 tum
750 906 791 937 ut
824 899 1059 937 immodicum
1097 900 1326 949 antiquarum
1371 907 1408 936 et
1445 900 1502 936 in-

58 958 253 995 solentium
286 969 414 993 vocum
454 956 704 993 affectatorem
743 961 906 992 notatum
941 967 1026 992 esse
1060 955 1240 992 meminit.
1301 955 1378 991 lam
1409 967 1501 992 vero

57 1019 99 1049 ut
128 1025 149 1049 a
173 1012 320 1063 perfido
345 1011 560 1061 perfidiam,
589 1010 638 1048 ab
667 1011 790 1049 invido
820 1011 1012 1056 invidiam,
1041 1010 1096 1047 sic
1125 1010 1170 1047 ab
1201 1010 1310 1047 avido
1340 1011 1502 1047 avidiam

57 1066 156 1114 dici,
196 1066 367 1115 analogia
397 1064 543 1117 quidem
583 1065 694 1103 facile
724 1065 874 1116 patitur.
936 1063 987 1102 Et
1024 1072 1176 1102 veteres
1214 1063 1358 1115 quidem
1390 1064 1503 1101 multa

58 1122 129 1160 hoc
161 1121 269 1159 modo
300 1121 529 1159 formarunt:
575 1121 782 1165 desidiam,
806 1120 1021 1171 ferociam,
1054 1121 1268 1170 ignaviam,
1307 1120 1499 1165 dividiam,

58 1179 247 1223 inaniam,
290 1176 514 1222 imbelliam5
557 1189 710 1227 quorum
750 1175 928 1225 pleraque
965 1175 1001 1212 in
1040 1188 1109 1212 usu
1150 1187 1236 1212 esse
1274 1181 1404 1224 postea
1439 1173 1503 1211 dc-

57 1233 215 1271 sierunt.
261 1232 490 1269 Indoloriam
519 1232 644 1277 etiam,
676 1231 707 1267 si
739 1228 896 1267 Sidonio
927 1228 1127 1275 credimus,
1160 1228 1297 1266 Cicero
1328 1227 1501 1279 diatim).

57 1287 166 1325 Hanc
202 1286 415 1336 opinionem
454 1299 572 1323 meam
613 1285 700 1323 mihi
741 1283 912 1335 quidem,
965 1284 1148 1321 communi
1188 1284 1351 1320 fortasse
1393 1284 1501 1329 vitio,

57 1341 163 1382 valde
182 1341 336 1393 probari
361 1340 504 1379 fateor:
534 1341 688 1379 aliorum
706 1346 828 1378 tamen
849 1340 1061 1378 sententiae
1084 1352 1156 1377 non
1183 1337 1396 1390 praeiudico
1412 1337 1500 1391 Μ).

529 1472 561 1511 C
592 1471 629 1512 A
658 1472 691 1512 Ρ
721 1473 758 1512 U
785 1472 820 1512 T
875 1471 1031 1513 XVII.

250 1551 308 1589 M.
346 1551 461 1589 Tullii
485 1551 715 1602 Philzppieae
744 1551 908 1588 decimae
938 1552 1039 1589 loeus
1069 1548 1296 1600 explicatur.

63 1626 223 1687 GRAVI
249 1646 444 1686 admodum
475 1649 662 1686 sententia
690 1662 778 1686 usus
807 1656 865 1687 est
893 1647 1032 1687 Cicero
1063 1648 1157 1686 libro
1187 1648 1333 1686 decimo
1362 1646 1505 1698 Philip·

61 1706 225 1756 picarum
242 1702 368 1756 ἢῆ,
414 1716 496 1741 cum
536 1703 817 1754 recuperandae
868 1704 1051 1742 libertatis
1090 1717 1222 1742 caussa
1261 1704 1396 1741 nullum
1439 1702 1505 1739 de-

61 1758 293 1798 trectandam
333 1771 418 1796 esse
450 1759 650 1809 periculum
691 1759 850 1797 diceret.
911 1760 1032 1797 Vitam
1065 1761 1185 1806 enim,
1229 1771 1322 1810 quae
1355 1758 1504 1795 omnino

61 1815 177 1853 semel
208 1813 449 1864 relinquenda
480 1815 550 1859 sit,
583 1828 757 1866 nusquam
782 1815 999 1865 gloriosius,
1033 1828 1140 1865 quam
1172 1816 1208 1851 in
1236 1814 1406 1851 libertate
1439 1812 1507 1850 de-

61 1869 268 1916 fendenda,
314 1881 421 1920 posse
451 1868 602 1920 deponi.
663 1869 786 1920 Atque
815 1870 986 1915 etiamsi,
1026 1871 1141 1907 vitato
1170 1870 1292 1920 aliquo
1323 1867 1506 1905 eiusmodi

61 1925 245 1977 periculo,
276 1925 530 1962 immortalitas
562 1925 640 1962 viro
671 1925 758 1962 forti
788 1932 1075 1974 proponeretur,
1108 1926 1158 1962 ita
1190 1931 1228 1961 ut
1258 1931 1435 1974 perpetuo
1468 1924 1505 1960 in

63 1981 244 2018 servitute
274 1980 441 2017 victurus
471 1986 598 2017 esset:
638 1985 741 2017 tanto
772 1979 912 2017 debere
946 1993 1029 2017 eum
1058 1981 1218 2018 alacrius
1259 1986 1412 2016 mortem
1442 1992 1507 2029 op-

62 2042 216 2086 petere,
263 2047 334 2081 ne,
367 2041 484 2072 morte
513 2036 652 2082 vitata,
692 2034 876 2072 incideret
904 2036 940 2072 in
971 2035 1068 2072 illam
1102 2041 1318 2086 perpetuam
1349 2035 1508 2071 servitu-

64 2098 153 2128 tem.
212 2089 314 2127 Mala
343 2089 440 2127 enim
468 2090 593 2127 omnia
622 2102 667 2127 eo
698 2090 814 2140 magis
845 2090 1023 2140 fugienda
1052 2097 1160 2136 sunt,
1191 2103 1260 2140 quo
1291 2102 1334 2126 ea
1365 2088 1508 2126 diutur-

63 2146 171 2184 niora
202 2145 284 2182 fore
318 2145 580 2195 prospicimus.
641 2145 727 2183 Hoc
758 2146 807 2182 ita
849 2144 993 2183 divinus
1031 2152 1158 2183 orator
1196 2146 1404 2195 expressit:
1446 2147 1508 2183 Ila

57 2202 264 2252 praeclara
296 2206 351 2237 est
387 2201 627 2250 recuperatio
666 2201 878 2246 libertatis,
920 2207 961 2238 nt
993 2214 1040 2238 ne
1075 2214 1176 2238 mors
1206 2201 1350 2250 quidem
1387 2201 1439 2237 sit
1469 2201 1506 2237 in

64 2256 270 2306 repetenda
299 2254 474 2292 libertate
491 2256 697 2307 fitgienda.
753 2256 896 2305 Quodsi
922 2256 1186 2294 immortalilas
1213 2262 1509 2304 consequeretur

58 2312 275 2362 praesentis
297 2311 466 2360 periculi
488 2310 651 2361 sugam.-
698 2318 822 2349 tamen
852 2324 894 2348 eo
925 2313 1045 2361 magis
1072 2310 1266 2361 fugienda
1296 2311 1506 2355 videretur,

65 2379 136 2416 quo
162 2366 377 2403 diulurnior
405 2372 502 2402 esset
527 2367 701 2403 servitus.
746 2365 903 2403 Constat
922 2374 1060 2412 autem,
1092 2365 1332 2402 Homericam
1360 2364 1508 2414 quidem

66 2433 151 2457 csse
181 2420 401 2457 sententiam
420 2418 494 2471 †),
528 2420 593 2458 sed
624 2421 734 2458 finem
764 2422 862 2458 illius
894 2434 1034 2459 summo
1067 2421 1225 2458 artificio
1255 2419 1300 2457 ab
1331 2421 1509 2470 eloquen-

66 2476 212 2512 tissimo
250 2475 331 2512 viro
362 2475 588 2513 immutatum
629 2483 667 2513 et
694 2477 731 2514 in
762 2477 984 2515 contrariam
1026 2483 1168 2527 partem
1197 2475 1373 2513 inflexum
1405 2471 1510 2528 παρὰ

139 2585 183 2620 aa)
205 2584 275 2613 vid.
296 2591 394 2619 supra
414 2584 453 2613 ad
474 2584 526 2612 lib.
548 2585 614 2613 xv.
635 2592 703 2620 cap.
724 2585 772 2615 20.
795 2588 879 2615 extr.
897 2568 904 2573 ’

139 2633 208 2667 {eze}
230 2634 278 2661 lta
295 2635 424 2661 veteres
444 2632 522 2661 iuris
539 2635 688 2662 auctores
707 2634 804 2663 locuti
817 2636 900 2671 sunt,
923 2635 957 2663 ut
971 2634 1079 2662 Macer
1089 2633 1118 2661 in
1134 2633 1284 2663 pandect.
1302 2635 1395 2662 XLII.
1415 2635 1440 2667 1,
1457 2634 1508 2663 653,

65 2670 132 2736 inilt:
173 2670 324 2699 Cicerone
343 2673 472 2699 auctore
493 2670 674 2699 dicendum:
702 2673 834 2700 aliorum
853 2673 955 2700 tamen
980 2672 1124 2699 iudicium
1149 2673 1300 2708 integrum
1319 2680 1356 2700 ae
1380 2673 1510 2700 civeram

65 2716 101 2737 re
114 2715 217 2743 mque.

140 2756 234 2791 εῖε-ιῖεείε)
265 2763 335 2790 cap.
356 2754 406 2783 10.
427 2755 458 2790 S.
480 2754 530 2783 20.
570 2754 709 2784 oranius
737 2756 853 2785 Mureti
884 2755 1031 2784 iudicium
1061 2757 1192 2785 secutus
1221 2757 1322 2786 verba
1348 2756 1509 2788 distinxit:

64 2794 164 2824 (anien
183 2801 220 2823 eo
240 2795 337 2829 mayz's
354 2792 502 2827 fuqienda
520 2792 693 2830 videretur,
716 2801 775 2829 quo
795 2795 974 2822 diuturnior
994 2795 1090 2831 esset,
1113 2794 1255 2823 servitus.

140 2839 186 2878 †)
208 2840 298 2869 iliad.
319 2841 386 2869 ΧΠ.
407 2841 479 2870 322.
520 2839 567 2869 Cf.
591 2840 710 2870 Victor.
730 2842 806 2870 Var.
827 2843 927 2870 Lectt.
947 2842 1014 2870 XV.
1038 2842 1086 2872 11.

119 2895 247 2924 Μυιωτ,
270 2894 343 2923 οη».
364 2894 443 2923 von.
463 2894 517 2922 111.
538 2892 687 2928 (RuflNx.
697 2896 754 2924 En.
766 2894 851 2924 Toni.
860 2893 920 2930 11.)
1194 2879 1250 2920 25

1527 739 1588 769 401
