1778 3096
524 148 624 188 LIB.
652 149 766 189 XIX.
826 148 947 190 CAP.
977 147 1090 189 XVI.
1443 152 1526 196 467

95 262 245 312 Templa
281 267 363 299 tota
400 260 495 299 urbe
530 261 693 311 spoliata
732 261 984 298 ornamentis:
1026 260 1230 299 simulacra
1269 262 1394 308 denne,
1437 265 1526 303 deos

89 317 198 354 immo
238 317 338 367 ipsos
382 317 577 354 convulsos
622 328 671 352 ex
706 314 858 352 sedibus
897 316 976 353 sais
1015 315 1162 354 ablatos
1204 329 1308 354 esse.-
1359 321 1526 368 parietes

82 378 283 421 postesque
311 372 498 409 nudatos:
541 384 633 422 quos
662 370 845 415 adorent,
885 371 937 408 ad
963 383 1056 421 quos
1087 378 1296 421 precentur
1321 378 1358 412 'et
1385 375 1526 424 suppli—

88 433 175 464 cent
198 426 492 465 Ambracienses
500 454 513 473 ,
543 439 616 464 non
640 437 850 475 superesse.

583 542 868 582 CAPUT
923 543 1020 583 XV.

457 622 633 660 Eiusdem
664 622 767 659 Lz‘vz'z'
791 622 896 659 loeus
924 624 1150 672 castigatus.

86 685 160 745 UT
191 722 279 746 sana
311 716 349 747 et
378 710 526 759 integra
556 707 730 746 videntur
770 721 1039 760 saepenumero
1071 710 1108 746 in
1140 710 1289 760 optimis
1322 712 1526 764 quibusque

87 765 354 814 scriptoribus,
396 778 489 814 quae
528 765 659 801 vitiosa
690 771 772 800 sunt
801 771 836 801 ct
864 762 1037 803 ὓπουλαε
1080 766 1129 801 ita
1164 779 1235 802 non
1269 779 1355 803 raro
1383 769 1443 814 fit,
1488 775 1528 805 ut

86 831 179 869 quae
211 833 281 856 non
311 820 588 869 intelliguntur,
620 832 701 856 cum
728 820 826 856 omni
855 821 945 856 vitio
972 827 1148 868 careant,
1176 821 1311 858 vitiosa
1338 829 1460 860 tamen
1490 830 1529 861 et

85 882 260 925 corrupta
281 874 489 912 videantur.
539 874 800 912 Periculosum
825 881 946 912 autem
970 876 1156 925 negotium
1182 877 1283 913 sanis
1305 877 1528 915 medicinam

84 928 237 967 facere:
270 930 454 979 multaque
484 930 553 967 hoc
584 928 690 966 modo
722 942 744 966 a
771 943 899 980 parum
931 932 1049 968 cautis
1081 939 1368 982 corrumpuntur
1399 934 1526 983 specie

34 987 38 993 '
86 983 315 1034 corrigendi.
367 984 488 1032 Quale
513 991 585 1030 est,
608 984 703 1035 quod
730 997 828 1022 nunc
854 986 1042 1035 proferam
1065 998 1112 1023 ex
1134 987 1228 1024 libro
1253 986 1349 1024 Livii
1371 987 1523 1026 XXVI.

82 1039 147 1076 ubi
176 1039 220 1077 P.
247 1039 390 1091 Scipio,
423 1046 530 1091 capta
550 1040 796 1090 Carthagine,
823 1053 902 1077 cum
935 1042 1106 1079 virtutem
1136 1042 1288 1079 militum
1319 1043 1528 1080 collaudas-

84 1102 165 1140 set,
197 1093 419 1146 adilidit*):
466 1098 683 1146 Quanquam
714 1095 883 1133 omnibus
911 1098 1036 1134 omnia
1065 1097 1241 1142 deberet,
1277 1100 1526 1149 praeeipuam

83 1155 206 1188 tamen
237 1152 395 1188 muralis
424 1164 586 1188 coronae
615 1152 730 1188 decus
754 1151 834 1188 eius
861 1164 957 1197 esse,
982 1154 1050 1202 qm·
1070 1154 1217 1202 primus
1241 1166 1367 1190 muros
1395 1167 1526 1191 aseen-

84 1205 220 1244 disset.-
265 1206 534 1256 profiteretur,
584 1207 652 1256 qui
685 1218 726 1242 se
765 1207 919 1255 dignum
960 1220 1002 1243 eo
1043 1208 1201 1245 duceret
1238 1208 1348 1245 dono.
1416 1208 1524 1255 Quae

81 1260 196 1298 verba
232 1261 289 1297 vir
318 1260 483 1298 eruditus
500 1258 573 1312 *ἢ
613 1273 694 1297 cum
730 1262 881 1310 1›utaret
923 1262 1003 1297 vitii
1041 1261 1179 1311 aliquid
1218 1263 1436 1309 continere,
1475 1264 1525 1300 ita

82 1315 233 1366 scripsit
263 1316 299 1352 in
325 1316 478 1353 scholiis
502 1314 547 1352 ad
572 1315 717 1352 Livium
750 1316 850 1353 suis:
881 1317 1060 1354 Mendum
1090 1317 1240 1354 subesse
1258 1325 1351 1367 pato
1378 1319 1414 1355 in
1439 1332 1526 1356 voce

82 1372 416 1416 ascendisset,
457 1377 495 1408 et
527 1372 747 1420 legendum,
784 1372 996 1409 ascendisse
1032 1384 1072 1409 se
1100 1372 1366 1421 prcfiteretar.
1425 1375 1524 1411 Nam

81 1426 229 1471 subdit,
270 1428 353 1464 Duo
386 1424 556 1476 professi
581 1432 682 1463 sunt.
742 1424 882 1476 Atqui,
927 1439 948 1463 o
980 1425 1093 1471 bone,
1136 1440 1208 1463 non
1242 1428 1323 1464 eius
1355 1428 1524 1465 voluerat

83 1493 170 1518 esse
205 1493 287 1518 eum
326 1481 504 1518 honorem
539 1480 687 1530 Scipio,
730 1481 791 1530 qui
828 1482 985 1531 primum
1015 1480 1233 1519 ascendisse
1270 1495 1312 1519 se
1352 1482 1518 1521 diceret:

80 1535 151 1574 hoc
173 1537 270 1573 enim
301 1548 410 1573 nemo
440 1543 522 1573 erat
550 1536 585 1572 in
620 1536 804 1581 exercitu,
828 1537 914 1586 quin
943 1543 1085 1587 posset,
1113 1537 1144 1573 si
1175 1538 1265 1574 satis
1290 1545 1372 1575 erat
1401 1539 1521 1589 ipsum

81 1590 232 1629 dicere:
268 1590 333 1629 sed
361 1592 441 1629 eius
470 1591 531 1641 qui
559 1591 699 1641 primus
729 1591 978 1629 ascendisset.
1027 1591 1183 1629 lubebat
1209 1593 1323 1642 igitur
1350 1594 1521 1643 profiteri

80 1659 187 1692 cum,
219 1646 280 1698 qui
309 1658 350 1684 se
381 1645 531 1696 dignum
563 1659 608 1683 eo
638 1645 797 1683 duceret
826 1645 944 1684 dono:
986 1653 1024 1683 ut
1051 1659 1141 1685 vere
1170 1646 1206 1684 id
1236 1661 1281 1685 an
1311 1648 1404 1686 falso
1435 1662 1521 1699 pro-

78 1702 271 1749 fiteretur,
314 1701 466 1738 militum
504 1701 719 1738 testimonio
758 1701 904 1751 planum
936 1702 1055 1739 fieret.
1115 1702 1246 1753 Itaque
1286 1710 1450 1741 veterem
1483 1711 1521 1741 et

79 1764 268 1808 receptam
291 1757 508 1807 scripturam
535 1756 700 1793 retinere
727 1757 842 1794 satius
869 1757 950 1794 fuit.
999 1756 1137 1794 Verum
1168 1758 1230 1795 ubi
1259 1759 1362 1809 plura
1387 1760 1518 1805 nitent,

80 1825 153 1850 non
185 1819 242 1850 est
269 1811 364 1862 quod
396 1825 598 1862 quenquam
624 1824 773 1862 paneae
805 1811 1003 1864 offendant
1026 1814 1213 1858 maculae,
1247 1827 1341 1864 qaas
1370 1821 1438 1853 aut
1464 1817 1521 1853 in-

80 1869 189 1906 curia
205 1867 338 1920 fudit,
368 1870 450 1906 Aac
479 1868 643 1905 lcumena
668 1880 808 1917 parum
839 1869 943 1906 cavit
966 1874 1107 1906 natura
1122 1865 1239 1921 ἐμέ).

563 1986 849 2027 CAPUT
903 1987 1029 2028 XVI.
1543 1999 1607 2030 493

83 2064 434 2105 Condemnandz’
455 2071 494 2103 et
519 2066 763 2104 iudicandi
787 2066 939 2105 verbnm
965 2068 1195 2104 Graecorum
1221 2077 1324 2103 more
1346 2067 1382 2104 in
1410 2079 1521 2105 aecu-

144 2121 354 2160 sationibus
383 2122 494 2158 etlam
525 2133 548 2158 a
577 2124 724 2160 Latinis
752 2120 1010 2173 adln‘berz‘†).
1070 2121 1336 2159 Advertere
1367 2125 1458 2173 qaid

473 2177 537 2216 sic.
596 2178 725 2216 Livius
753 2180 886 2216 ilerum
910 2181 1116 2228 purgatus.

80 2241 402 2302 CONDEMNANDI
434 2265 588 2303 verbum
618 2279 691 2304 non
733 2265 777 2304 de
809 2265 933 2303 iudice
964 2263 1097 2310 modo,
1143 2262 1210 2300 sed
1249 2271 1286 2301 et
1325 2264 1371 2302 de
1409 2279 1520 2304 accu-

80 2326 230 2364 satore,
264 2320 324 2369 qui
356 2332 457 2356 reum
489 2322 656 2371 peregit,
700 2320 793 2367 dici,
828 2334 936 2358 nemo
966 2327 1043 2365 est,
1081 2319 1237 2368 opinor,
1281 2321 1365 2370 quin
1397 2323 1515 2359 sciat:

80 2373 190 2425 idque
220 2380 257 2411 et
285 2381 369 2425 post
397 2375 442 2412 ab
477 2375 561 2413 aliis
590 2383 626 2414 et
655 2377 726 2414 iam
756 2376 895 2429 pridem
921 2376 966 2414 ab
991 2374 1242 2412 eruditissimo
1268 2373 1416 2414 Budaco
1432 2377 1516 2430 ††)

156 2482 199 2518 -::<-)
229 2489 297 2517 can.
325 2483 376 2512 48.
414 2483 637 2513 Recentissimi
671 2485 808 2515 editores
844 2492 915 2514 cum
942 2483 1199 2513 Drakenborcuio
1232 2485 1333 2514 tamen
1361 2486 1517 2526 omittunt,

80 2520 194 2550 deinde
213 2528 332 2549 murum
352 2521 432 2556 sing.
454 2529 536 2550 num.
557 2523 747 2556 praeferunt.

157 2568 224 2603 stt-*J
253 2568 324 2598 Car.
346 2569 512 2605 Sigonius,
542 2570 630 2599 cuius
651 2571 779 2600 Scholia
800 2570 910 2600 addita
937 2571 1011 2599 sunt
1040 2568 1169 2598 editioni
1189 2570 1273 2599 Livii
1295 2572 1405 2600 Venet.
1429 2574 1519 2603 1555.

80 2606 331 2673 {Zolettotzlqigec
350 2607 512 2636 annotatio
533 2609 573 2636 ab
601 2609 670 2644 ipso
691 2609 821 2645 sigonio
843 2609 961 2638 omissa
985 2609 1035 2637 est
1054 2607 1086 2636 in
1105 2609 1207 2637 altera
1228 2610 1425 2639 scholiorum
1445 2611 1520 2641 edit.

155 2691 249 2726 *zzz-³12)
270 2693 319 2720 Ex
339 2693 449 2722 Horat.
470 2693 542 2723 Art.
563 2695 654 2724 Poet.
673 2701 704 2724 v.
725 2695 783 2723 351
807 2701 874 2729 sqq.

157 2739 203 2778 ἦ]
225 2740 315 2769 Haud
332 2747 405 2769 raro
426 2742 486 2769 hoc
502 2743 630 2771 verbum
651 2742 698 2771 sic
715 2742 881 2775 usurpavit
896 2742 1050 2778 Muretus,
1069 2742 1104 2770 ut.
1120 2741 1197 2776 opp.
1214 2742 1301 2772 Tom.
1318 2744 1340 2772 1.
1357 2750 1429 2779 pag.
1449 2744 1521 2774 385.

79 2778 318 2846 gdeqibqi9111'.1c
319 2785 404 2850 effigi
411 2780 443 2845 ξ
458 2784 540 2809 extr.
560 2781 653 2810 huius
670 2780 765 2816 edit.)
786 2780 946 2817 maynifica
966 2780 1019 2809 illa
1038 2780 1133 2808 verba
1152 2781 1305 2810 adhibere.
1335 2782 1407 2812 Viti.
1424 2790 1522 2819 supra

153 2862 226 2903 ἢ)
248 2864 460 2896 commentar.
480 2863 571 2900 Ling.
594 2866 704 2895 Graec.
726 2872 798 2900 pag.
819 2864 890 2895 202.
911 2864 972 2894 574
989 2871 1037 2903 sq.
1057 2865 1106 2896 ed.
1126 2867 1240 2946 Ρὲιὸἱῖιυε
1251 2875 1281 2898 a.
1303 2868 1394 2898 1548.
