1726 3106
548 119 646 160 LIB.
680 119 754 161 IX.
815 118 933 160 CAP.
966 120 1020 158 11.
1425 121 1501 163 191

66 234 293 271 validissime
321 233 505 281 dilegatum
541 237 702 281 paratos
730 245 769 268 se
799 236 947 281 ‘portem
984 243 1166 269 annornm
1204 243 1356 269 suornm
1393 232 1501 270 dare.
1533 240 1594 270 2⁰0

66 288 118 326 Et
147 302 194 326 ex
217 288 276 325 illa
306 285 577 325 consuetudine
605 286 911 336 triumphantibus
934 286 1219 336 imperatoribus
1243 287 1503 335 occinebatur,

229 366 285 402 De
313 364 454 401 nostris
483 365 593 400 annis
623 363 695 400 tsbe·
717 363 884 412 Iuppiter
912 370 1055 412 augeat
1081 376 1216 410 annos,

66 440 162 493 quod
193 441 345 478 relatum
376 447 433 476 est
461 452 483 476 a
513 439 745 477 Tertulliano
763 436 825 490 ᾗ“).
886 437 961 475 Sed
993 446 1031 476 et
1061 440 1318 478 sanctissimus
1346 441 1506 491 pariter-

64 510 135 548 que
176 495 441 532 disertissimus
480 496 666 544 scriptor,
711 494 919 544 Gregorius
948 493 1234 541 Nazianzenus,
1276 496 1327 533 ita
1359 496 1505 533 locutus

65 559 124 589 est
151 552 187 588 in
217 550 386 587 oratione
415 549 468 595 εἰς
496 550 694 588 Βασίλειον
709 547 803 599 W)·
834 547 913 602 ζίαὶ
939 550 1229 604 προςθεῖναίκτι
1257 554 1328 603 τῆς
1358 550 1506 592 ἑαυτῶν

64 608 163 659 ζωῆς
190 603 347 652 ἕκαστος
374 603 525 661 ἐκείνῳ,
555 604 657 657 εἴπερ
685 599 807 643 οἷόντε
834 603 903 655 ἡν,
932 601 1140 657 πρόθυμος
1165 605 1227 656 ἡν.

581 754 865 795 CAPUT
920 756 977 795 ΙΙ.

405 836 625 872 Illezstratas
654 835 810 872 Horatii
834 847 884 871 επ)
918 835 1008 873 Ode's
1036 836 1154 873 locus.

64 924 173 984 CUM
202 950 303 982 tanta
343 950 447 981 esset
475 943 569 994 apud
600 951 748 982 veteres
777 943 928 981 infamia
959 956 1086 981 eorum
1101 942 1226 997 ἢῆ),
1269 944 1330 995 qui
1358 943 1506 983 abiecto

65 1002 197 1052 clypeo
234 1000 430 1050 fugerant,
473 1012 636 1049 quosque
668 1000 934 1037 contumelioso
973 1000 1146 1046 nomine,
1187 1007 1228 1037 ut
1263 1006 1388 1037 notum
1428 1006 1504 1045 est,

64 1053 303 1108 ριψάσπιόας
331 1054 535 1098 vocabant,
577 1053 663 1104 quid
695 1055 730 1090 in
773 1061 931 1091 mentem
963 1056 1113 1092 venisse
1152 1055 1318 1092 dicemus
1351 1055 1507 1105 elegan-

63 1112 206 1148 tissimo
242 1113 396 1160 potitae,
440 1109 621 1156 Horatio,
658 1121 738 1146 eam
771 1116 811 1146 ut
849 1117 972 1146 notam
1005 1110 1075 1147 sibi
1110 1111 1191 1160 ipse
1229 1109 1398 1148 versibus
1429 1110 1506 1147 suis

63 1166 215 1203 inurere
252 1162 440 1201 voluerit?
505 1162 606 1201 Nota
645 1164 744 1202 euim
783 1171 870 1201 sunt
907 1164 968 1202 illa
1005 1177 1053 1203 ex
1092 1165 1164 1203 oda
1200 1163 1247 1204 ad
1286 1164 1506 1217 Pompeium

62 1220 206 1260 varum
223 1218 295 1272 †)2

232 1298 362 1335 Tecum
392 1295 583 1345 Philippos
611 1300 651 1332 et
677 1294 831 1332 celerem
847 1294 991 1345 ficgam

225 1352 342 1390 Sensi
364 1351 497 1387 rele'ela
527 1363 600 1386 non
631 1349 721 1386 bene
744 1351 949 1399 parmula.-

289 1407 380 1444 Cum
397 1405 537 1456 sraela
565 1406 706 1450 vz'rms,
738 1411 777 1442 et
805 1406 970 1442 minaces

342 1462 463 1510 Turpe
490 1461 607 1498 solam
638 1461 798 1509 tetigere
826 1467 964 1499 mentm

63 1542 125 1582 An
152 1540 189 1580 id
207 1542 252 1580 'ei
280 1542 467 1591 ingenium
500 1542 590 1586 fuit,
624 1548 663 1578 ut
693 1555 763 1578 non
793 1542 829 1578 in
860 1542 951 1579 alios
982 1540 1114 1587 mod0,
1147 1541 1214 1580 sed
1243 1544 1281 1581 in
1313 1557 1354 1583 sc
1384 1546 1503 1597 ipsum

64 1611 208 1650 quoquc
237 1597 398 1634 libenter
421 1597 519 1634 dicta
543 1596 686 1634 diceret
718 1598 933 1647 vinetaque,
959 1604 998 1633 ut
1027 1597 1115 1633 alibi
1137 1598 1189 1634 ait
1204 1597 1312 1651 ††),
1344 1601 1505 1652 ipsemet

64 1654 243 1692 caederet
284 1652 378 1690 sua‘?
444 1652 505 1689 An
553 1652 590 1688 in
629 1652 778 1688 homine
827 1653 976 1688 minime
1017 1652 1165 1689 militari
1209 1653 1505 1710 Mercurialique

64 1709 186 1760 potius
223 1721 328 1758 quam
365 1707 556 1752 Martiali,
600 1720 720 1757 neque
749 1705 795 1743 ad
834 1720 960 1754 arma,
1001 1706 1065 1743 sed
1099 1706 1144 1744 ad
1178 1721 1350 1757 amores,
1392 1714 1506 1752 etad

65 1763 221 1815 pocula,
253 1770 290 1800 et
319 1761 364 1800 ad
397 1762 512 1799 libros
542 1761 756 1798 tractandos
788 1768 872 1798 nato
902 1769 1031 1812 aperta
1063 1762 1124 1799 illa
1154 1770 1192 1800 et
1222 1765 1377 1816 simplex
1407 1769 1505 1807 timi-

65 1819 190 1856 ditatis
218 1831 306 1855 suae
327 1818 510 1868 professio
540 1816 698 1854 iucunda
727 1818 848 1867 potius
869 1830 973 1867 quam
1000 1818 1247 1867 ignominiosa
1268 1821 1354 1860 est?
1404 1823 1505 1863 Nam

63 1873 161 1925 quod
202 1886 283 1911 eum
322 1886 465 1924 quoque
504 1873 647 1921 ipsum,
690 1872 734 1909 ad
765 1886 871 1923 quem
905 1872 1059 1919 scribit,
1098 1874 1134 1910 in
1171 1874 1336 1914 eiusdem
1375 1880 1506 1930 culpae

65 1930 279 1966 societatem
303 1936 426 1974 vocat,
449 1926 567 1964 videri
592 1935 712 1977 potest
736 1928 873 1965 fecisse
894 1928 1108 1965 Xenaeneti
1126 1927 1374 1970 Atheniensis
1386 1934 1503 1989 {nl-ff)

65 1984 253 2034 exemplO,
285 1984 390 2021 cuius
415 1990 470 2020 est
497 1983 629 2019 nobilis
658 1983 720 2020 illa
749 1983 957 2037 responsio„
978 1982 1023 2020 ad
1057 1984 1157 2021 cives
1187 1997 1273 2023 suos
1305 1988 1507 2041 obiurgan-

64 2046 122 2077 tes
146 2052 246 2085 eum,
271 2037 366 2089 quod
392 2039 563 2088 fugisset,
597 2035 685 2088 μεθ’
720 2034 829 2088 ὑμῶν
848 2052 903 2090 γε,
926 2038 956 2077 ὠ
986 2037 1097 2087 φίλαι
1118 2041 1292 2090 κεφαλαί.
1341 2044 1504 2085 Omnino

65 2101 186 2132 tamen
231 2094 470 2131 verisimilius
509 2106 591 2130 esse
631 2093 815 2139 arbitror,
857 2093 1054 2130 Horatium
1090 2094 1159 2132 hac
1196 2109 1342 2149 quoque
1384 2102 1422 2139 in
1461 2115 1504 2141 re

62 2148 308 2195 Archilochi,
350 2148 396 2186 ad
427 2148 530 2186 cuius
563 2161 603 2185 se
636 2149 880 2186 imitationem
911 2147 1075 2187 studiose
1105 2163 1407 2203 comparaverat,
1451 2159 1507 2196 si..

64 2204 187 2242 milem
220 2217 306 2242 esse
341 2204 515 2243 voluisse.
578 2203 618 2242 Si
649 2202 792 2254 quidem
833 2211 872 2241 et
902 2204 988 2250 ille,
1029 2211 1070 2242 ut
1108 2205 1181 2243 alia
1216 2210 1376 2260 turpiter
1410 2226 1432 2251 a
1463 2226 1505 2252 se

63 2261 182 2306 facta,
222 2258 318 2310 quod
349 2258 444 2309 apud
474 2259 672 2296 Aelianum
688 2256 733 2308 ὴὲ)
766 2259 947 2308 legimuS,
995 2259 1300 2311 praedicaverat,
1341 2267 1390 2304 ita
1420 2281 1504 2307 cum

64 2315 101 2352 in
129 2315 273 2366 proelio
300 2313 478 2353 adversus
510 2315 642 2361 Saios,
672 2313 859 2353 Thraciae
884 2315 1064 2367 populos,
1103 2316 1232 2356 eadem
1262 2322 1409 2361 ratione
1440 2337 1503 2363 ex·
1532 2335 1593 2366 201

137 2456 181 2492 εκ)
201 2457 336 2492 Apolog.
356 2462 425 2491 cap.
445 2456 496 2484 35.

66 2542 74 2548 ⁸
138 2503 204 2549 *³:ss
225 2512 292 2539 cap.
304 2505 352 2534 79.
369 2511 440 2539 pag.
456 2503 527 2532 830.
546 2503 593 2532 ed.
608 2503 802 2534 Benedictio.
822 2503 926 2534 PariS.
942 2504 1032 2535 1778.
1066 2508 1211 2544 Gregorii
1226 2511 1339 2543 laudes
1358 2514 1506 2550 leguntur

65 2542 147 2572 infra
167 2544 220 2571 lib.
240 2544 350 2572 XVHI.
371 2549 440 2576 cap,
462 2542 510 2571 16.
550 2543 661 2570 FAnsi.

139 2589 233 2625 etz-aete)
254 2590 324 2619 Vid.
345 2590 464 2619 Comm.
484 2589 516 2617 in
535 2589 669 2618 Aristot.
690 2588 793 2618 Ethic.
817 2590 895 2625 Opp.
916 2591 1002 2622 Tom.
1024 2595 1075 2624 111.
1095 2602 1168 2631 pag.
1187 2598 1247 2627 371
1269 2607 1317 2635 sq,

62 2677 126 2707 318
137 2637 248 2711 {gqu
271 2638 307 2675 7,
329 2638 359 2668 9.
398 2639 446 2667 De
466 2645 500 2666 re
527 2636 601 2672 ipsa
626 2637 690 2666 vid.
709 2638 832 2666 Jakobs
863 2639 1049 2671 Vermischte
1067 2644 1226 2680 Schriften
1256 2648 1326 2678 Vol.
1347 2650 1400 2679 IV.
1429 2657 1502 2687 pag.

136 2722 211 2762 ††)
231 2722 333 2758 Epist.
354 2724 393 2753 11.
414 2723 443 2760 1,
464 2722 535 2751 220.
557 2722 608 2751 ubi
629 2722 666 2752 cf.
688 2723 878 2753 Schmidius.

135 2774 237 2815 †††]
258 2774 341 2805 Vide
359 2776 521 2805 Plutarchi
546 2771 670 2805 Πολιτ.
697 2773 929 2819 παραγγελμ.
955 2785 1028 2816 pag.
1047 2779 1118 2811 803.
1147 2782 1188 2813 D.

134 2824 178 2861 ἕξ)
198 2825 273 2855 var.
293 2823 377 2854 Hist.
395 2822 449 2853 lib.
469 2824 506 2853 X.
527 2830 596 2860 cap.
619 2827 666 2857 13.
