1726 3106
543 103 644 142 LIB.
678 104 751 142 ΙΙΙ.
811 102 930 142 CAP.
961 103 1069 142 XIV.
1474 108 1532 146 (55

85 212 421 259 animadverteret,
464 226 535 251 una
577 213 720 265 syllaba
752 213 872 250 minus
912 225 1023 258 esse,
1075 227 1182 265 quam
1220 216 1430 266 requireret
1469 217 1528 254 lex

85 270 287 316 carminis,
335 282 401 318 pro
437 270 663 307 Se‘ez'le'ssz'tat
699 269 849 318 scripsit
878 269 1143 307 Se‘ee'le'ezlssz'lac.
1200 269 1337 309 Aeute.
1398 270 1526 309 Sicili-

85 325 178 363 ciam
205 337 272 375 pro
306 323 436 361 Sicilia
467 324 536 361 hac
565 325 709 361 ratione
737 323 962 361 diceremus.
1023 323 1225 374 Sequitur:

193 402 291 439 Haz‘e
320 408 541 450 argumento
569 402 796 451 antelogium
826 400 1012 450 quoddam
1042 401 1112 438 lzoe
1131 400 1232 452 suit.

82 475 210 522 Idem,
246 490 318 514 una
358 475 585 527 lepidissima
622 490 714 515 voce
747 477 935 521 lacerata,
977 477 1075 514 nullo
1107 490 1220 515 seusu
1257 478 1409 530 scripsit
1437 485 1524 517 ame

81 532 268 582 elong’am
303 540 339 569 et
366 544 433 583 pro
462 533 668 582 quoddam,
700 533 858 583 quidem.
921 531 1123 582 Sequitur·

191 610 303 648 Nunc
332 616 593 658 argumentum
623 609 726 647 vobis
755 610 964 646 demensum
995 608 1108 654 dabo,

190 665 274 702 Non
304 665 452 709 medlo,
484 678 601 714 aeque
633 665 829 709 tlz‘sstnodzo
859 677 984 701 veram
1014 665 1093 714 ipso
1123 664 1275 701 horreo.

198 720 318 757 Tanta
349 720 400 756 ad
427 721 662 757 narrandam
694 725 954 768 argumentum
985 726 1043 756 eet
1071 719 1296 768 benegnitas.

85 797 208 836 Tanta
239 796 335 833 enim
370 795 443 846 legi
474 794 606 833 debet:
641 810 730 842 non,
762 802 801 846 ¹¹1
831 796 866 832 in
898 796 995 831 illius
1024 795 1153 840 libris,
1187 802 1355 833 tantam.-
1386 795 1521 845 quippe

81 863 162 888 cum
193 850 262 888 hoc
296 850 417 896 dieat,
455 857 591 888 tantam
623 863 707 888 esse
746 848 817 887 sibi
849 850 1113 899 benignitatem
1151 863 1194 887 ae
1234 851 1442 899 largitatem
1475 849 1521 886 ad

59 905 303 943 -narrandum
336 912 616 954 argumentum,
660 918 774 956 seque
805 906 854 942 ita
884 905 981 942 illius
1011 917 1098 942 esse
1131 902 1349 956 προετικόν,
1390 913 1429 942 ut
1458 904 1520 942 da-
1545 913 1585 941 70

80 967 186 998 turus
216 961 264 997 sit
302 960 389 998 illud
428 960 664 1006 demensum,
711 973 783 997 non
814 959 958 1006 modio,
1000 971 1121 1010 neque
1158 960 1353 1004 trimodio,
1390 973 1519 997 verum

80 1016 161 1066 ipso
201 1015 351 1052 horreo.
412 1014 487 1052 Sed
525 1022 562 1051 et
594 1027 642 1052 ex
680 1014 809 1052 eadem
845 1015 928 1059 illa,
970 1013 1015 1051 de
1055 1027 1125 1064 qua
1162 1014 1262 1060 dixi,
1308 1014 1519 1052 Siculorum

81 1069 349 1107 consuetudine
397 1070 479 1107 ioco
523 1068 656 1105 dictum
701 1076 759 1106 est
805 1069 839 1105 in
887 1068 1017 1106 eadem
1059 1069 1179 1106 fabula
1198 1068 1272 1115 ἦε),
1319 1071 1520 1120 Epidamm

79 1137 212 1163 nomen
248 1125 409 1162 iunctum
441 1135 526 1161 esse
566 1136 612 1160 ex
641 1121 705 1162 ἐπί
738 1130 776 1160 et
806 1124 1004 1161 (lamnam.-
1044 1136 1115 1173 qua
1146 1124 1233 1161 illue
1272 1137 1380 1161 nemo
1418 1125 1516 1169 sere,

78 1179 151 1217 nisi
181 1177 312 1216 damno
340 1191 430 1223 suo,
471 1177 658 1215 divertere
687 1178 839 1216 soleret.
901 1176 1009 1224 Quod
1038 1191 1144 1215 omen
1185 1179 1333 1228 fugiens
1362 1180 1516 1228 populus

77 1233 129 1272 R.
161 1234 346 1284 antiquum
373 1232 507 1284 oppido
536 1233 698 1270 restituit
725 1232 928 1284 Djrrachii
957 1246 1105 1270 nomen.
1158 1233 1267 1270 Haec
1295 1247 1315 1270 a
1344 1247 1401 1270 me
1431 1241 1517 1271 ante

77 1288 146 1326 hos
179 1287 386 1339 quindecim
420 1301 537 1327 annos
571 1287 672 1326 edila
710 1301 828 1340 nuper
858 1287 1012 1326 Coelius
1043 1287 1188 1351 quidam
1226 1301 1294 1340 pro
1337 1289 1442 1327 novis
1472 1301 1515 1326 ac

77 1344 154 1382 suis
188 1343 390 1382 venditavit
404 1341 496 1397 ΨΚ).

557 1473 842 1514 CAPUT
893 1474 1019 1515 X1V.

76 1554 246 1593 Historia
278 1554 325 1592 de
354 1554 523 1600 oraculo,
556 1554 657 1605 qaod
676 1555 786 1591 Peleo
801 1551 895 1604 **³l‘)
927 1555 1113 1592 redditum
1143 1559 1211 1592 est.
1258 1553 1515 1604 Xenophonlelc

619 1609 722 1646 locus
751 1615 961 1646 correctus.

77 1688 174 1754 QUI
203 1710 336 1748 crebro
364 1711 508 1749 Veneri
536 1717 760 1762 operantur,
801 1723 927 1748 eorum
957 1709 1156 1760 genitalem
1186 1709 1376 1747 humorem
1408 1709 1515 1760 liqui-

77 1765 243 1812 diorem,
283 1767 494 1817 ieeircoque
533 1768 653 1804 minus
685 1773 806 1816 aptum
840 1765 885 1802 ad
922 1764 1175 1815 generandum
1216 1765 1310 1801 effici
1352 1772 1510 1803 constat.

77 1820 205 1868 Quare
232 1822 329 1858 inter
355 1835 421 1867 ea,
462 1835 555 1872 quae
587 1822 754 1872 praecipi
793 1822 912 1858 solent
942 1822 1011 1865 iis,
1052 1821 1111 1870 qui
1144 1820 1282 1857 liberos
1311 1833 1514 1869 procreare

77 1877 248 1926 cupiunt,
280 1875 316 1913 id
341 1889 483 1927 quoque
516 1884 590 1922 est,
623 1884 661 1914 ut
690 1889 896 1925 congressu
916 1875 1093 1913 Venereo
1124 1876 1266 1912 nonita
1296 1875 1515 1925 frequenter

77 1938 243 1969 utantur.
302 1931 426 1982 Atque
464 1932 496 1968 is
533 1939 613 1970 erat
652 1944 784 1968 sensus
823 1931 989 1975 oraculi,
1031 1929 1126 1980 quod
1156 1930 1290 1979 Aegeo
1330 1930 1513 1979 quondam

79 1985 259 2024 redditum
291 1986 462 2025 traditur.
524 1987 597 2034 Qui
635 2000 715 2025 cum
755 1987 924 2037 petiisset
952 1999 972 2022 a
1003 1984 1073 2022 deo
1104 1983 1262 2021 indicari
1298 1985 1369 2022 sihi
1400 1985 1515 2022 ratio-

78 2054 162 2079 nem
199 2042 376 2092 aliquam,
417 2055 487 2093 qua
523 2050 631 2092 pater
670 2042 750 2080 lieri
781 2047 932 2091 posset:
977 2040 1109 2077 multos
1146 2040 1243 2076 enim
1285 2040 1356 2077 iam
1395 2053 1513 2078 annos

78 2097 219 2135 frustra
245 2098 370 2134 uxoris
400 2097 544 2135 hortum
571 2103 813 2135 conseverat:
850 2108 1067 2146 responsum
1100 2094 1169 2132 hoc
1200 2095 1299 2133 tulit:

239 2175 298 2213 Ne
325 2175 448 2212 solvas
475 2189 524 2212 ex
553 2181 637 2212 utre
659 2175 791 2225 pedem
821 2174 888 2223 qai
908 2174 1117 2223 prominet,
1151 2179 1239 2210 ante

245 2231 449 2279 Cecropiae
473 2231 635 2280 pingues
662 2242 770 2281 qaam
798 2231 850 2266 sis
879 2230 1024 2265 delatas
1053 2229 1091 2265 2‘72
1122 2240 1253 2277 agros.

78 2307 134 2346 lta
164 2307 261 2345 enim
288 2307 412 2357 putavi
445 2306 513 2344 hos
541 2319 671 2345 versus
686 2303 737 2359 ᾧ)
768 2303 876 2344 reddi
908 2310 1092 2355 utcunque
1120 2316 1231 2356 posse
1244 2318 1266 2361 εγ

151 2427 195 2463 *J
216 2429 253 2457 11.
276 2428 308 2464 1,
329 2427 380 2456 42.

153 2475 222 2509 ὅτε-Σὲ)
243 2476 347 2504 Verba
367 2477 452 2503 Haec
470 2481 489 2503 a
508 2481 555 2503 me
575 2490 611 2495 —
630 2476 797 2503 venditavit
813 2482 874 2502 non
894 2474 1041 2506 leguntur
1066 2471 1097 2500 in
1118 2472 1166 2500 ed.
1187 2480 1233 2507 pr.
1254 2473 1301 2501 De
1323 2472 1431 2500 Coelio
1453 2473 1514 2500 Se-

79 2512 179 2542 cundo
201 2513 335 2541 Curione
363 2512 401 2541 ef.
428 2513 522 2543 etiam
549 2512 630 2542 infra
657 2520 726 2548 cap.
747 2514 786 2542 17
813 2516 893 2541 extr.
920 2512 973 2540 lib.
994 2512 1032 2540 V.
1059 2516 1128 2546 cap.
1150 2511 1171 2540 6
1192 2512 1272 2539 extr.
1314 2510 1392 2538 Eius
1418 2516 1515 2545 opera

79 2552 213 2580 Plautus
234 2550 349 2584 prodiit
367 2550 466 2581 Basil.
488 2551 579 2580 1568.

154 2597 246 2632 εἰπε-τέ)
272 2599 336 2626 lmo
366 2600 485 2634 Aeaeo,
520 2606 612 2633 quem
645 2598 817 2628 memoriae
845 2599 973 2634 lapsum
1005 2595 1146 2626 correxit
1178 2596 1300 2625 Paulus
1328 2596 1514 2631 Leopardus

78 2636 241 2667 Emendat
261 2636 396 2664 V11.13.
434 2637 472 2665 D
494 2637 531 2664 R.

154 2683 199 2723 †]
220 2683 291 2713 Vid.
310 2683 457 2717 A.pou0d
477 2684 530 2712 lib.
549 2686 602 2712 111.
624 2691 692 2719 cap.
708 2684 756 2713 15.
777 2683 809 2720 S.
824 2684 854 2714 6.
874 2685 907 2713 et
921 2682 964 2711 ibi
976 2683 1078 2717 Heyn
1105 2681 1152 2709 W
1154 2687 1221 2709 oue.
1235 2695 1272 2701 -
1299 2681 1395 2717 Apud
1411 2682 1515 2719 Apol—

79 2723 221 2752 lodorum
241 2723 262 2751 l.
282 2729 308 2749 c.
329 2722 388 2748 hoe
408 2723 568 2750 oraculum
587 2730 613 2749 s=
617 2729 633 2749 c
653 2722 772 2750 editur:

297 2756 423 2791 Ἀσκοῦ
446 2757 509 2793 τὸν
533 2756 740 2813 προῖχονῑα
764 2755 954 2799 ποδάονα,
980 2757 1132 2833 φέρτατε
1156 2755 1269 2800 λαῶν,

300 2801 368 2845 Illy]
393 2799 500 2851 λύσῃς
522 2805 612 2850 πρὶν
636 2804 671 2841 ἐς
695 2800 808 2848 ι’ίκρον
826 2802 1029 2846 Ἀθηναίων
1053 2799 1216 2846 ἀφίκηαι.

134 2865 262 2893 munim.
285 2863 358 2893 OPP.
378 2864 457 2894 Vox..
477 2866 530 2894 111.
551 2865 698 2901 [Rmmx.
709 2865 766 2894 En.
777 2864 862 2894 Tom.
871 2862 931 2898 11.)
1205 2844 1232 2885 5
