1778 3096
504 149 603 188 LIB.
634 149 722 189 XV.
782 149 901 189 CAP.
933 148 1044 189 XVI.
1416 147 1497 188 349

62 263 163 314 quod
199 275 244 300 ea
271 273 412 313 parere
447 272 520 297 non
552 266 710 310 poterat
743 261 898 305 mulier,
943 272 1024 297 enm
1063 259 1187 297 betere
1213 257 1334 310 foras
1373 258 1495 296 fassit.

63 320 170 365 Quae
199 318 246 363 is,
268 328 373 367 quem
404 313 503 360 dico,
539 314 590 352 ita
618 313 812 352 emendat:
842 317 947 352 Assa
972 327 1046 352 non
1066 316 1181 352 multo
1203 320 1303 364 post,
1333 313 1434 363 quod
1453 322 1505 350 ea‘

56 386 199 424 parere
231 384 305 410 non
336 375 493 421 poterat
519 371 674 415 mulier,
717 382 797 406 eum
827 369 953 406 betere
978 369 1098 420 foras
1130 370 1263 407 iussit.-
1303 373 1341 405 et
1376 374 1499 405 tamen

62 429 137 473 ait,
177 426 228 463 ibi
266 438 389 463 assam
430 425 557 462 vocari
595 437 666 461 non
709 424 918 469 nutricem,
962 423 1029 461 sed
1070 424 1328 461 obstetricem.
1389 422 1501 469 Quod

63 483 95 519 si
119 481 413 526 admitteremus,
447 493 519 517 non
551 486 673 517 tamen
697 477 894 516 dicendum
926 485 1041 524 essct,
1074 487 1262 529 repertum
1294 479 1501 529 exemplum

62 537 142 574 eius
178 534 275 586 quod
307 535 455 572 Nonius
493 534 664 580 dixerat,
707 532 773 570 sed
813 539 999 583 repertam
1042 534 1150 570 aliam
1190 534 1502 584 significationem

61 591 220 629 nominis
248 593 373 634 Assa,
415 603 508 641 quae
540 590 656 640 ipsum
687 601 832 639 quoque
864 589 1035 625 latuisset
1062 588 1254 632 Nonium,
1289 601 1409 638 neque
1440 601 1503 625 us-

60 659 167 697 quam
196 658 216 683 a
249 645 440 684 veteribus
480 645 615 682 tradita
651 650 766 681 esset.
826 643 868 681 Id
906 651 1027 681 autem
1069 657 1176 694 quam
1219 643 1398 681 credibile
1437 645 1501 689 sit,

60 714 133 738 non
165 699 332 750 disputo:
367 700 456 737 mibi
486 707 588 737 certe
616 698 773 736 nondum
804 698 991 749 displicet,
1020 698 1116 748 quod
1144 698 1190 735 de
1221 699 1292 735 illis
1317 699 1502 736 Varronis

60 756 186 794 verbis
224 757 295 792 iam
333 755 476 806 pridem
515 755 742 792 existimavi:
792 767 835 791 ea
872 754 1062 804 pertinere
1099 753 1143 791 ad
1177 753 1243 804 Sp.
1280 753 1502 804 Carvilium,

61 811 123 861 qui
154 812 293 861 primus
324 811 575 847 Romanorum
593 809 639 860 ᾖ)
670 823 823 847 uxorem
851 808 1069 860 repudiasse
1101 810 1260 854 dicitur,
1305 822 1376 846 non
1406 808 1503 859 quod

61 867 143 903 eius
173 879 296 904 mores
326 873 388 903 aut
417 866 606 915 ingenium
640 878 765 915 parum
797 865 988 915 probaret,
1018 864 1084 902 sed
1115 863 1210 915 quod
1233 865 1430 914 coniugem
1461 876 1504 901 50

61 921 159 959 velle
178 920 324 958 diceret
345 921 546 958 liberorum
568 920 862 970 quaerendorum
889 921 1034 969 gratia:
1070 921 1167 957 illam
1192 927 1312 956 autem
1337 919 1503 956 sterilem

62 988 164 1013 esse.
223 976 330 1026 Lego
370 977 484 1025 igitur
515 976 584 1012 hoc
613 975 745 1012 modo:
787 979 828 1014 A
854 989 894 1012 se
927 988 1044 1012 annos
1071 977 1208 1013 multos
1237 975 1337 1025 quod
1364 988 1408 1012 ea
1433 987 1506 1025 pa-

63 1044 150 1069 rere
189 1044 262 1069 non
288 1038 445 1081 poterat
471 1032 629 1075 mulier,
673 1044 754 1068 eam
786 1031 909 1068 betere
938 1030 1058 1081 foros
1095 1032 1217 1068 iussit.
1279 1029 1374 1067 Erat
1405 1031 1505 1066 enim

63 1085 134 1123 1100
173 1099 317 1137 quoquc
355 1086 505 1123 verbum
546 1085 715 1122 usitatum
754 1087 790 1123 in
830 1085 1010 1134 repudiis.
1074 1085 1212 1123 Cicero
1230 1083 1328 1136 ἣν
1376 1087 1507 1123 Clcwcs

63 1143 215 1179 ademit.
275 1143 397 1179 Foras
426 1142 570 1190 exegit.
629 1140 819 1179 Martialis
836 1139 965 1194 ***):
1004 1143 1124 1187 Umor,
1153 1142 1248 1179 vade
1266 1141 1408 1192 foras,
1439 1145 1510 1178 aut

62 1196 227 1234 moribus
254 1202 360 1234 utere
386 1197 542 1234 nostris.

547 1313 835 1353 CAPUT
889 1313 1016 1353 XVI.

116 1392 321 1431 Emendate·
347 1392 556 1442 complures
583 1394 775 1430 variorum
806 1395 1032 1444 scriptorum
1063 1392 1157 1437 loci,
1200 1393 1237 1430 z'n
1267 1392 1401 1444 quibus
1429 1405 1453 1431 a

376 1448 547 1486 librariis
574 1449 700 1486 eodem
731 1450 838 1487 modo
859 1454 1059 1500 peccatum
1090 1453 1188 1484 erat.

63 1514 143 1571 An
179 1533 400 1572 medicinam
443 1535 574 1573 melius
611 1542 649 1573 01
687 1537 829 1573 0011105
872 1535 1109 1574 factitandam
1154 1549 1227 1573 non
1267 1533 1511 1573 mediocriter

65 1590 155 1627 utile
186 1596 242 1627 est
272 1590 387 1634 scire,
419 1590 550 1640 quibus
582 1591 616 1627 in
650 1591 762 1628 rebus
794 1592 850 1637 is,
883 1593 944 1642 qui
975 1597 1160 1642 aegrotat,
1192 1603 1349 1642 peccare
1378 1591 1510 1627 solitus

67 1645 138 1682 sit:
170 1657 241 1695 quo
269 1651 306 1681 ct
330 1657 461 1682 caussa
491 1645 607 1682 morbi
639 1646 785 1683 facilius
814 1647 1047 1696 reperiatur,
1084 1653 1122 1684 et
1149 1645 1195 1684 ad
1225 1658 1305 1683 eam
1334 1645 1509 1683 medendi

66 1700 160 1737 ratio
189 1699 505 1737 accommodetur.
560 1700 625 1738 Sic
655 1708 693 1738 et
721 1701 785 1749 iis,
810 1703 871 1752 qui
902 1715 942 1739 se
963 1709 1127 1739 veterum
1158 1701 1378 1752 scriptorum
1404 1702 1512 1752 quasi

66 1754 230 1792 medicos
259 1753 435 1804 quosdam
464 1768 550 1792 0550
581 1757 824 1806 profitentur,
859 1770 970 1795 nosse
1000 1756 1165 1806 expedit,
1198 1757 1330 1808 quibus
1360 1757 1511 1806 potissi·-

65 1823 162 1847 mum
192 1809 310 1847 modis
330 1817 476 1847 veteres
501 1810 644 1848 librarii
671 1824 829 1862 peccare
860 1812 957 1850 soliti
984 1813 1073 1857 sint,
1096 1819 1134 1849 ut
1159 1812 1311 1850 latentia
1339 1811 1508 1858 hulcera,

67 1878 160 1915 quae
192 1865 227 1902 in
258 1865 405 1915 optimis
438 1865 643 1916 quibusque
670 1867 917 1917 scriptoribus
947 1868 1218 1913 inveterarunt,
1249 1868 1421 1917 sagacius
1447 1866 1512 1904 de-

66 1919 312 1971 prehendant.
364 1920 468 1958 Inter
489 1927 616 1958 cetera
645 1922 758 1972 igitur
785 1936 876 1960 51100
899 1923 1009 1960 11101111
1039 1935 1181 1973 genera
1206 1922 1511 1973 depravatiouum

66 1974 310 2013 animadverti
342 1976 472 2012 solitos
503 1988 591 2021 eos,
626 1977 657 2014 si
688 1977 835 2028 quando
865 1979 1080 2016 vetustioris
1111 1978 1222 2023 libri,
1261 1990 1309 2016 ex
1339 1991 1411 2029 quo
1445 1979 1512 2015 ali-

67 2030 153 2081 quid
184 2029 470 2076 describebant,
511 2032 734 2082 scripturam
773 2034 863 2070 satis
894 2041 998 2071 certo
1036 2047 1079 2071 ac
1118 2032 1256 2084 liquido
1290 2034 1510 2084 perspicere

66 2099 138 2123 non
167 2092 361 2136 poterant,
403 2085 719 2137 dubitabantque,
759 2088 829 2126 1100
860 2102 905 2126 an
944 2088 1005 2126 illo
1035 2087 1143 2126 modo
1175 2089 1352 2140 scriptum
1393 2089 1509 2136 foret,

66 2148 131 2179 aut
165 2142 196 2178 si
227 2140 373 2191 quando
404 2140 502 2178 aliud
532 2142 567 2179 in
603 2143 684 2179 aliis
721 2144 996 2194 exemplaribus
1034 2145 1211 2194 scriptum
1250 2145 1509 2194 reperiebant,

67 2203 262 2246 utrumque
300 2208 440 2247 ponere
478 2202 516 2233 et
551 2197 731 2235 lectorum
771 2198 908 2236 iudicio
945 2200 1186 2250 permittere,
1228 2207 1348 2248 utrum
1385 2201 1512 2237 verius

67 2249 272 2289 videretur.
331 2250 390 2288 Eo
420 2250 526 2288 modo
554 2253 614 2290 vix
642 2253 824 2292 credibile
857 2261 916 2292 est
945 2268 1050 2305 quam
1081 2255 1195 2292 multa
1226 2255 1262 2291 in
1294 2255 1444 2305 optimis
1475 2261 1514 2292 et

69 2306 308 2344 nobilissimis
338 2305 542 2356 quibusque
572 2309 815 2359 scriptoribus
846 2310 1027 2347 maculata
1056 2311 1144 2347 sint.
1207 2309 1318 2347 Libet
1347 2311 1427 2347 eius
1455 2311 1512 2348 rei

69 2361 208 2411 aliquot
237 2361 405 2411 exempla
438 2374 670 2412 proponere:
704 2372 743 2401 ut
764 2365 809 2402 ab
836 2366 919 2402 aliis
940 2378 1085 2416 quoque
1115 2365 1186 2402 alia
1216 2365 1425 2403 consimilia
1448 2379 1514 2402 no-

70 2423 208 2453 tentur.
268 2414 377 2465 Apud
406 2415 693 2467 Xenophontem
732 2420 826 2457 libro
856 2422 974 2471 primo
1005 2420 1227 2457 Anabaseos
1245 2419 1295 2472 †)
1336 2421 1384 2457 ita
1415 2421 1511 2471 legi-

70 2484 176 2509 mus:
211 2466 254 2509 τὸ
285 2470 325 2510 δὲ
354 2468 564 2523 στράτευμα
593 2469 616 2512 ὁ
645 2479 747 2521 σῖτος
773 2474 943 2524 ἐπέλιπε,
974 2474 1039 2514 καὶ
1067 2475 1257 2527 πρίασθαι
1287 2472 1358 2515 οὐκ
1380 2468 1451 2526 ἦν,
1480 2475 1515 2514 εἰ

70 2522 122 2577 μὴ
153 2524 193 2565 ἐν
219 2528 265 2581 τῇ
293 2526 425 2581 Λυδίᾳ
454 2523 593 2582 ἀγορᾷ,
632 2528 674 2569 ἐν
709 2534 761 2586 τῷ
791 2528 926 2582 Κύρου
959 2531 1203 2586 βαρβαρικῷ,
1240 2527 1312 2582 τὴν
1337 2531 1514 2582 καπίθην

145 2635 189 2670 xe)
209 2635 280 2664 vid.
303 2637 384 2668 (ι’-011.
404 2638 441 2666 Ν.
462 2637 501 2666 Α.
522 2637 576 2667 lib.
597 2639 649 2667 lv.
670 2646 738 2673 cap.
759 2640 789 2668 3.

145 2686 213 2719 etz-³3)
234 2684 369 2719 Philipp.
390 2687 516 2720 11.‚cap.
538 2687 586 2714 28.
607 2688 638 2722 §-
659 2687 709 2715 69.
751 2688 821 2717 Vld.
842 2695 939 2723 supra
960 2688 999 2716 ad
1019 2687 1072 2716 lin.
1095 2689 1132 2717 V.
1154 2695 1222 2724 cap.
1243 2689 1271 2718 8.

145 2733 240 2768 *ik-22«)
262 2733 367 2767 Epigr.
388 2733 439 2761 lib.
463 2735 515 2762 XI.
537 2734 605 2762 104.
627 2734 694 2764 init.

146 2779 190 2817 ἦ)
217 2789 284 2815 cap.
305 2783 333 2809 ὃ.
356 2781 385 2816 S.
407 2783 436 2810 6.
474 2782 557 2810 Nihil
584 2785 643 2810 1100
670 2783 738 2810 loco
767 2784 805 2811 ab
832 2783 1004 2811 editoribus
1034 2784 1182 2814 deletum.
1225 2785 1270 2814 Cf.
1299 2787 1402 2815 autem
1431 2788 1508 2817 Mur.

71 2819 242 2848 comment.
263 2820 294 2846 in
316 2820 387 2847 Tac,
411 2820 487 2854 Ops..
511 2822 596 2849 Taum.
618 2822 670 2850 lv.
691 2828 763 2856 pag.
783 2823 834 2850 65.
863 2824 932 2850 aot.
954 2821 985 2851 iu
1005 2822 1083 2852 Xen.
1106 2824 1193 2853 Tum.
1215 2825 1268 2853 ΠΙ.
1291 2832 1362 2860 pag.
1383 2826 1454 2856 606.
1477 2830 1509 2856 et

70 2864 169 2893 nupta
188 2857 282 2886 buius
301 2857 373 2886 libri
393 2864 461 2893 cap.
482 2860 511 2887 2.
551 2860 663 2888 Fansr.

1535 2041 1598 2071 36⁵
