1726 3106
1466 127 1548 163 xm

110 232 179 274 tini
210 250 218 272 i
279 228 401 271 ...onis
436 225 716 281 diligentiorem
747 224 941 266 offendere
968 225 1139 280 possint,
1183 227 1319 281 partim
1347 228 1388 270 in
1417 229 1547 271 verbis

109 298 291 352 singulis,
313 295 451 351 partim
482 294 523 333 in
551 293 759 332 verborum
782 293 1085 333 constructione.
1136 293 1244 334 Talia
1266 295 1399 336 videre
1422 301 1549 349 potest

108 371 148 404 et
176 362 399 416 corrigere,
443 360 507 414 qui
537 359 631 399 nihil
661 358 765 411 ipse,
814 358 914 411 quod
948 358 1148 411 anti-quum
1185 359 1354 401 colorem
1392 360 1546 410 habeat,

108 429 278 470 scribere
307 426 458 475 didicit3
504 425 605 465 sicut
633 425 860 464 Ciceronem
891 423 1089 478 Scioppius
1118 425 1159 465 in
1189 426 1385 467 nonnullis
1418 440 1549 480 repre-

107 495 275 535 hendere
304 493 450 547 potuit,
493 491 658 533 virtutes
688 491 770 531 eius
800 498 839 531 et
866 491 1123 544 eloquentiam
1152 492 1307 546 assequi
1344 492 1546 533 scribendo

108 574 187 601 non
226 558 362 613 potuit.
422 558 478 599 lta
515 558 663 605 aberit,
707 570 846 612 spero,
895 570 918 597 a
952 572 1016 598 me
1054 557 1202 598 crimen
1238 558 1466 613 superbiae,
1512 558 1547 598 si

107 627 206 681 quod
242 624 497 666 Ruhnkenius
541 623 735 673 instituit,
781 624 910 665 fecero
956 623 1086 678 paullo
1123 623 1309 674 liberius,
1360 638 1409 665 ne
1447 623 1547 665 tanti

105 691 307 747 scriptoris
336 691 566 732 auctoritate
594 690 742 731 tirones
772 689 969 731 fallantur.

215 756 370 798 Etenim
405 764 466 798 cst
501 756 542 798 in
580 756 652 798 hoc
680 770 795 811 opere
828 754 1089 811 praestantiae
1119 770 1250 796 rerum
1289 769 1358 810 par
1384 755 1546 797 Latinae

105 823 293 864 orationis
323 822 497 864 suavitas
520 830 558 863 et
586 821 801 877 elegantia:
841 821 952 863 cuius
975 821 1133 876 duplicis
1164 822 1262 863 dotis
1287 837 1425 864 caussa
1453 823 1546 864 illud

103 889 280 945 inprimis
310 889 467 942 dignum
499 889 662 931 babetur
688 888 925 944 cognitione.
977 888 1034 929 De
1064 889 1180 929 rebus
1212 889 1362 942 quidem
1391 896 1545 943 putares

104 955 200 996 nihil
236 969 469 1010 magnopere
505 956 566 996 hic
604 970 718 1005 esse,
767 956 867 1009 quod
904 969 981 995 non
1020 954 1096 994 iam
1135 954 1279 1009 pridem
1315 956 1361 996 ab
1390 955 1545 996 illorum

103 1021 363 1076 scriptorum,
394 1023 440 1062 ad
468 1036 564 1076 quos
595 1037 664 1063 eae
694 1022 909 1076 pertinent,
939 1020 1150 1060 editoribus
1183 1020 1391 1062 adhibitum
1422 1029 1541 1063 esset.

104 1087 261 1129 Factum
291 1088 329 1129 id
354 1101 452 1129 sane
480 1096 541 1129 est
570 1088 610 1128 in
641 1088 859 1143 plerisque,
892 1100 969 1126 non
1002 1086 1054 1126 ita
1085 1093 1214 1126 tamen
1244 1095 1470 1129 constanter
1500 1102 1546 1129 ac

102 1161 311 1209 perpetuo,
352 1154 446 1194 nibil
472 1162 515 1195 ut
546 1154 654 1201 aliis,
697 1154 797 1207 quod
835 1159 974 1207 agant,
1015 1152 1191 1192 relictum
1229 1166 1318 1195 esse
1355 1154 1545 1195 videatur.

100 1221 154 1262 At
183 1220 299 1273 quid?
338 1220 372 1261 si
399 1222 527 1261 onmia
566 1220 642 1261 iam
672 1220 862 1261 exhausta
893 1225 1027 1260 essent
1066 1219 1113 1259 ad
1143 1219 1326 1273 locosque
1355 1233 1448 1261 suos
1484 1234 1546 1261 re-

101 1285 177 1327 lata
192 1288 212 1325 ‘2
249 1286 282 1326 si
313 1300 360 1327 ne
388 1288 614 1328 adolescens
642 1287 790 1341 quidem
823 1284 1052 1339 quidquam,
1084 1287 1183 1338 quod
1214 1299 1291 1326 non
1321 1285 1409 1326 alibi
1441 1301 1545 1326 com·

101 1351 299 1406 pendiario
329 1353 503 1407 legatur,
545 1353 769 1394 invenerit?
829 1351 1021 1393 Nimirum
1052 1351 1113 1392 hic
1142 1351 1233 1392 illud
1271 1366 1387 1406 prope
1416 1352 1542 1394 locum

101 1417 241 1466 habet,
274 1420 371 1473 quod
398 1419 437 1459 in
467 1427 643 1461 veterum
672 1419 909 1460 Graecorum
942 1425 980 1458 et
1008 1417 1236 1459 Latinorum
1266 1418 1374 1459 libris
1407 1419 1543 1473 pleris-

102 1498 191 1538 que.
237 1485 350 1534 Esto,
380 1485 419 1526 in
450 1487 568 1528 breve
598 1493 753 1527 coactos
778 1498 866 1526 esse
895 1498 1030 1525 omnes
1055 1484 1316 1539 philosophos,
1347 1492 1542 1535 oratores,

100 1550 333 1599 historicos,
365 1553 507 1601 rebus,
539 1567 634 1607 quas
664 1551 717 1592 illi
748 1551 913 1598 babent,
943 1551 1139 1606 excerptis
1167 1550 1412 1606 plenissime:
1450 1566 1541 1593 num

101 1624 324 1658 contractus
355 1617 428 1659 iste
457 1618 663 1660 thesaurus
694 1618 850 1672 ingenio
877 1618 1077 1659 formando
1107 1619 1270 1659 eundem
1291 1632 1403 1659 usum
1433 1633 1543 1673 prae—

100 1683 242 1731 stabit,
292 1697 404 1737 quem
441 1686 660 1738 praestabat
695 1684 873 1737 integer?
932 1684 1039 1725 Adeo
1075 1684 1146 1733 iis,
1198 1685 1336 1739 quibus
1373 1685 1541 1726 studium

99 1756 161 1790 est
188 1764 350 1790 acumen
380 1750 509 1791 iudicii
541 1751 587 1791 ad
616 1750 866 1792 subtilitatem
901 1750 1073 1791 criticam
1105 1751 1276 1804 fingere,
1316 1749 1416 1791 haud
1445 1750 1541 1792 satis

100 1823 161 1856 est
189 1816 307 1865 scire,
336 1817 422 1870 quid
446 1832 597 1871 quoque
625 1817 709 1857 loco
738 1832 760 1858 a
787 1824 1006 1858 correctore
1027 1823 1214 1857 tentatum
1241 1821 1309 1856 aut
1330 1816 1542 1871 repositum

100 1882 174 1931 sit;
212 1896 346 1922 verum
381 1883 662 1924 correctionum
692 1883 864 1924 rationes
889 1899 933 1925 ac
957 1889 1150 1924 momenta
1180 1895 1418 1937 cognoscere
1445 1896 1540 1936 opus

99 1954 174 1989 est.
235 1947 306 1999 Qui
335 1962 428 2003 ergo
459 1949 604 1998 critici,
648 1949 824 2003 exemplo
855 1950 1024 1999 Mureti,
1063 1949 1308 1991 coniecturas
1342 1955 1381 1989 et
1409 1961 1540 1988 emen-

99 2014 275 2056 dationes
312 2028 405 2055 suas
434 2014 663 2069 explicatius
704 2016 1040 2070 perscripserunt,
1078 2016 1106 2056 ii
1136 2017 1327 2057 feretum
1370 2028 1538 2068 quoque,

98 2094 214 2136 quum
244 2088 403 2130 errant,
433 2081 570 2121 melius
598 2081 801 2131 erudiunt,
835 2097 948 2137 quam
979 2097 1142 2137 quorum
1166 2082 1269 2123 nuda
1297 2081 1420 2123 edicta
1449 2088 1542 2122 sunt

97 2147 171 2189 hoc
201 2161 351 2202 genus,
394 2146 472 2187 Sic
507 2148 697 2196 scribe,
738 2149 808 2189 sic
849 2149 980 2203 lege,
1020 2156 1110 2198 aut,
1152 2148 1252 2202 quod
1279 2162 1329 2189 ne
1357 2147 1540 2188 Latinum

98 2214 248 2268 quidem
278 2220 362 2262 est,
407 2214 536 2254 forte
570 2213 845 2268 legendum.
906 2216 973 2256 llla
1015 2215 1115 2256 ratio
1144 2214 1267 2255 Notas
1299 2213 1459 2255 Bentleii
1498 2213 1540 2254 in

97 2279 300 2322 Horatium
330 2286 369 2320 et
398 2292 538 2333 paucas
569 2281 731 2321 aliorum
763 2281 816 2322 ita
845 2282 1112 2330 commendat,
1149 2288 1192 2321 ut
1222 2295 1355 2322 earum
1385 2280 1542 2321 utilitati

95 2346 159 2388 vel
187 2345 474 2387 absolutissima
503 2347 717 2402 praeceptio
747 2348 843 2388 artis
871 2347 1028 2388 criticae
1057 2348 1194 2388 cedere
1223 2347 1415 2389 videatur.
1467 2346 1541 2397 Qui

97 2426 273 2453 summus
317 2411 378 2453 vir
421 2412 454 2452 si
493 2413 626 2453 eodem
677 2414 838 2454 consilio
882 2413 936 2454 uti
977 2413 1168 2454 voluisset
1211 2413 1253 2454 in
1299 2413 1538 2454 recensendo

93 2477 304 2526 Terentio,
348 2477 470 2518 multo
508 2479 680 2521 minores
719 2480 906 2521 tumultus
944 2479 1131 2534 hodieque
1179 2479 1225 2521 de
1261 2481 1363 2522 illius
1403 2488 1539 2537 poetae

93 2543 259 2585 lectione
286 2551 434 2585 essent.

202 2609 254 2651 At
283 2609 355 2650 hoc
392 2609 505 2651 video
536 2612 668 2665 quaeri
707 2626 844 2668 posse,
893 2625 984 2652 num
1015 2611 1128 2653 hodie
1166 2612 1212 2653 de
1241 2611 1383 2653 talibus
1422 2613 1537 2654 rebus

94 2674 280 2717 scribenti
318 2682 546 2718 veterumve
588 2678 730 2733 scripta
769 2677 979 2720 illustranti
1023 2678 1250 2720 imitandum
1297 2692 1366 2733 per
1408 2679 1537 2720 omnia

91 2740 253 2797 proponi
284 2741 418 2782 debeat
440 2743 582 2783 Mureti
608 2744 821 2799 exemplar.
868 2743 988 2793 Nam,
1016 2751 1059 2785 ut
1086 2745 1161 2786 alia
1191 2744 1381 2792 omittam,
1412 2746 1536 2800 ipsum

90 2808 165 2850 hoc
201 2807 344 2849 flumen
375 2807 639 2863 eloquentiae,
685 2811 781 2853 haec
809 2811 850 2852 in
880 2811 1051 2853 docendo
1082 2811 1215 2868 copia,
1260 2812 1301 2853 in
1330 2812 1537 2868 reprehen-
