1726 3106
521 130 622 169 LIB.
656 130 729 169 IX.
790 128 908 169 CAP.
939 129 1032 169 XX.
1422 129 1503 171 213

59 241 249 280 bitandum
277 247 394 292 putet.
453 240 576 280 Recte
605 242 717 279 etiam
746 239 846 279 idem
878 239 943 278 ille
972 240 1069 278 liber
1098 241 1136 277 in
1161 240 1237 278 vita
1257 236 1497 287 Cratetis*),

59 298 123 335 uhi
152 299 302 349 ponitur
332 297 497 334 iocosum
527 296 709 347 quoddam
731 297 811 333 eius
833 294 1052 346 Philosophi
1073 294 1246 341 diarium,
1279 308 1350 345 quo
1371 301 1500 331 osten-

59 352 171 391 debat
201 366 222 390 a
253 352 426 389 divitibus
455 364 609 401 magnos
640 358 806 401 sumptus
837 350 919 387 fieri
948 351 985 387 in
1016 363 1170 401 coquos,
1199 351 1236 387 in
1266 349 1495 395 adulatores,

59 408 96 445 in
127 414 266 451 scorta,
296 419 378 444 cum
407 406 444 443 in
476 406 592 444 bonos
621 414 658 444 et
687 405 851 444 eruditos
881 405 982 443 viros
1013 406 1113 454 parci
1142 419 1186 443 ac
1215 405 1379 443 restricti
1402 404 1493 450 sint,
1521 411 1583 442 223

57 470 160 500 reete
179 490 191 508 ‚
222 463 395 511 inquam,
429 461 465 497 in
494 474 538 499 eo
567 461 662 499 libro
687 461 864 511 scriptum
894 466 954 497 est
981 458 1146 499 τάλαντα
1171 458 1304 508 πέντε,
1333 473 1423 506 non,
1456 466 1496 496 ut

57 516 196 554 editum
223 524 305 562 est,
344 512 507 555 τάλαντα
534 515 637 555 δέκα.
695 516 789 553 Sunt
822 515 919 552 enim
948 521 1026 552 tres
1056 527 1190 553 versus
1221 515 1396 562 iambici,
1433 514 1496 566 qui

56 579 210 623 propter
236 572 340 611 vocis
368 571 469 608 illius
495 571 794 623 depravationem
823 583 897 607 non
929 577 1197 620 agnoscuntur.

280 647 394 687 Τίθει
422 648 586 713 μαγείρῳ
615 651 711 699 μνᾶς
737 643 846 695 δέκ’,
877 645 993 712 ἰατρῷ
1019 643 1204 712 δραχμήν,

276 701 425 742 Κόλακι
452 701 614 743 τάλαντα
639 703 770 751 πέντε,
797 688 1003 768 συμβούλῳ
1026 699 1189 750 καπνόν,

276 755 416 813 Πόρνῃ
448 756 658 808 τάλαντον,
684 754 887 812 φιλοσόφω
914 743 1133 810 τριώβολον.

56 832 135 872 Sed
172 840 212 871 et
247 834 343 886 quod
390 837 428 874 in
466 837 541 874 vita
577 836 817 887 Pythagorae
831 832 906 887 ΜΕ)
944 835 1107 884 legitur,
1155 834 1273 872 fuisse
1312 829 1495 870 medicum

55 888 239 940 quendam
266 890 638 942 Pythago1an1‚qui
667 891 863 942 scripserit
890 889 936 927 de
966 890 1138 936 Heraia,
1177 888 1216 926 id
1245 901 1318 926 non
1347 886 1496 939 quidem

54 945 207 982 omnino
246 958 360 992 vere,
405 946 471 984 sed
507 954 630 984 tamen
670 947 821 996 propius
859 958 950 984 vero
987 946 1166 996 scriptum
1204 950 1262 982 est
1295 942 1426 981 eodem
1457 943 1495 980 in

53 1000 165 1038 libro.
226 999 326 1053 Περὶ
365 1001 494 1052 κίλλης
529 1002 627 1039 enim
670 1002 809 1047 habet,
855 1014 926 1038 non
959 999 1046 1051 περὶ
1079 997 1209 1051 κήλης.
1273 996 1496 1048 Lag-endum

54 1062 179 1093 autem
214 1054 301 1108 περὶ
334 1056 495 1107 σκίλλης.
552 1055 595 1093 Id
628 1057 680 1093 ita
711 1069 796 1094 esse
826 1062 970 1093 constat
999 1068 1046 1092 ox
1075 1055 1223 1101 Plinio,
1269 1054 1372 1091 cuius
1401 1052 1495 1090 haec

54 1117 142 1147 suut
178 1123 225 1148 ex
261 1111 382 1161 capite
411 1112 537 1161 quinto
567 1111 653 1148 libri
685 1111 797 1148 XIX.
810 1108 911 1159 ma)
950 1110 1012 1148 ubi
1043 1108 1087 1148 de
1115 1109 1316 1161 generibus
1347 1108 1492 1153 scillae,

54 1163 153 1215 quod
191 1165 294 1202 bulbi
331 1178 451 1215 genus
487 1173 569 1211 est,
610 1166 797 1217 loquitur:
843 1167 960 1203 Unum
985 1167 1030 1202 de
1058 1167 1104 1203 iis
1132 1168 1298 1204 volumen
1328 1163 1497 1202 condida

53 1221 294 1270 Pythagoras
316 1222 588 1272 phelosopleus,
626 1223 808 1271 colligens
837 1221 1003 1259 medicas
1030 1221 1150 1268 vires,
1197 1232 1291 1271 quas
1316 1220 1494 1270 pr'ooeemo

53 1276 252 1313 reddemus
274 1275 387 1314 [ι’-.Ιηο

127 1410 172 1446 κε)
191 1410 245 1439 lib.
267 1411 319 1440 v1.
339 1417 408 1446 cap.
428 1410 458 1439 5.
479 1410 511 1447 g.
531 1410 582 1440 86.
621 1412 656 1439 ιιι
675 1409 726 1439 ms
747 1401 890 1439 καπνόν
910 1410 984 1447 qum
1003 1410 1065 1439 sihi
1085 1409 1179 1447 vent,
1201 1409 1258 1439 am
1277 1408 1425 1438 viderint,

126 1459 194 1494 teste)
213 1459 267 1488 lib.
288 1460 366 1489 Vlll.
388 1467 456 1495 cap.
478 1461 506 1489 1.
526 1460 559 1496 S.
578 1459 630 1490 47.
669 1459 718 1491 cf.
738 1461 927 1491 Huebnerus
946 1460 986 1490 ad
1007 1461 1037 1490 h.
1057 1461 1080 1491 l.
1100 1460 1170 1490 Vol.
1192 1460 1231 1489 11.
1250 1464 1322 1494 pag.
1343 1456 1413 1488 280,

127 1507 222 1545 mm)
240 1509 318 1539 sect.
337 1508 388 1539 30.
408 1508 441 1545 S.
461 1508 512 1538 94.
