1778 3096
178 592 241 623 298

168 2502 231 2532 299

534 592 616 649 Μ.
662 591 1042 650 ΑΝΤΟΝΙΙ
1087 593 1440 655 MURETI

757 715 787 741 1.
827 714 865 742 C.
904 713 966 741 Ac
1005 713 1137 740 CIVIS
1173 715 1214 741 lt.

265 819 925 895 VARIARUM
993 822 1710 898 LECTIONUM

675 973 1050 1018 LIBER
1132 973 1295 1018 XIII,

789 1195 1082 1236 CAPUT
1137 1197 1170 1235 Ι.

261 1275 416 1325 Nz'ge'de‘e‘
441 1275 610 1312 rationes
640 1274 845 1324 quaedam,
879 1275 1013 1325 quibas
1044 1274 1312 1320 contendebat,
1343 1281 1487 1313 natura
1517 1275 1637 1312 inesse
1668 1274 1707 1313 in

343 1330 497 1368 vocibus
524 1331 594 1368 vim
624 1330 881 1380 seg-myicancli.
945 1330 1049 1367 Unde
1077 1337 1247 1380 sumptae
1275 1331 1372 1376 sint,
1402 1330 1621 1368 indicatum.

260 1421 385 1479 Lssvl
425 1454 579 1492 prorsus
617 1448 655 1480 et
684 1442 779 1480 futili
817 1448 1039 1493 argumento
1070 1455 1160 1480 usus
1193 1448 1251 1479 est
1279 1441 1326 1481 P.
1357 1440 1535 1492 Nigidius
1549 1441 1618 1493 ᾗ),
1667 1449 1707 1480 ut

261 1497 439 1543 doceret,
481 1497 628 1534 nomina
664 1504 703 1535 et
734 1497 847 1535 verba
890 1497 1095 1535 naturalem
1136 1496 1316 1547 quandam
1354 1496 1591 1546 significandi
1631 1498 1705 1536 vim

260 1552 424 1598 habere,
467 1565 540 1589 non
571 1565 666 1603 quae
704 1553 760 1589 eis
790 1552 979 1590 hominum
1019 1552 1201 1589 arbitratu
1243 1552 1422 1602 quasique
1458 1553 1706 1592 conventione

260 1606 415 1659 quadam
446 1608 619 1658 imposita
649 1614 763 1645 esset.
823 1607 986 1658 Scripsit
1014 1608 1110 1645 enim
1151 1606 1189 1644 id
1219 1607 1381 1658 perspici
1413 1620 1525 1658 posse
1555 1620 1603 1645 ex
1641 1621 1704 1646 vo·

261 1663 366 1701 cibus
396 1663 502 1712 Ego,
539 1665 617 1710 Tu,
659 1664 779 1708 Mz‘M,
818 1663 923 1708 Tibi,
960 1665 1039 1702 Nos
1067 1669 1106 1700 et
1139 1664 1237 1708 Vos,
1277 1663 1441 1713 itemque
1470 1675 1518 1700 ex
1549 1662 1703 1701 Graecis

260 1718 545 1771 provocabutis‚
587 1731 682 1769 quae
712 1717 808 1756 idem
838 1716 1112 1771 valerent*²)ss).
1171 1717 1295 1764 Nam,
1336 1720 1442 1768 Ego,
1473 1720 1576 1763 Nos,
1606 1720 1711 1757 Mihi

260 1786 382 1826 neque
411 1774 565 1825 profuso
594 1775 810 1825 intentoque
839 1774 926 1811 flatu
955 1774 1080 1820 vocis,
1122 1786 1242 1825 neque
1271 1773 1450 1824 proiectis
1479 1773 1586 1811 labiis
1616 1788 1705 1825 pro-

259 1829 440 1875 nuntiari,
468 1828 534 1866 sed
566 1837 604 1868 et
630 1831 763 1881 spiritu
789 1836 828 1867 et
856 1829 962 1867 labiis
993 1829 1096 1880 quasi
1128 1829 1227 1867 intra
1257 1829 1505 1880 nosmetipsos
1535 1828 1704 1867 adductis

257 1892 368 1936 atque
403 1886 646 1935 compressis.
706 1885 759 1923 At
787 1898 869 1922 cum
907 1887 976 1930 Tu,
1013 1885 1115 1931 Tibi,
1152 1887 1227 1922 Vos
1255 1883 1436 1933 dicimus,
1468 1884 1585 1923 labias
1600 1882 1701 1937 ἢῆ

257 1941 395 1978 sensim
427 1940 609 1991 primores
628 1941 793 1979 emoveri
824 1954 867 1978 ac
892 1941 1060 1991 spiritum
1081 1946 1191 1990 atque
1215 1940 1374 1977 animam
1398 1953 1511 1990 porro
1535 1953 1699 1987 versum,

257 2002 296 2033 ct
324 1994 370 2033 ad
395 2008 485 2041 eos,
524 1996 742 2047 quibuscum
772 1997 1032 2046 loqueremur,
1064 1995 1220 2033 intendi.
1274 1994 1440 2045 Dignum
1472 2008 1562 2033 sane
1591 2009 1702 2046 argu-

256 2058 435 2096 mentum,
459 2050 555 2101 quod
586 2065 633 2089 ex
655 2052 777 2088 inultis
808 2052 1033 2101 seligeretur
1060 2064 1081 2088 a
1106 2051 1230 2088 Gellio
1261 2052 1369 2102 eique
1396 2058 1548 2102 praeter
1572 2058 1702 2089 cetera

256 2104 418 2157 lepidum
463 2112 500 2143 et
537 2106 709 2144 festivum
749 2105 952 2144 videretur.
1021 2105 1206 2143 Existimo
1249 2113 1372 2143 autem
1409 2105 1521 2152 illud,
1576 2106 1701 2156 quale-

257 2173 414 2213 cumque
444 2167 526 2206 θεῖ,
567 2174 587 2199 e
616 2160 821 2213 Chrysippi
852 2160 1017 2198 fontibus
1047 2161 1214 2198 haustum
1246 2173 1290 2198 ac
1319 2160 1522 2198 derivatum
1562 2162 1696 2199 fuisse.

257 2216 334 2264 Qui
372 2229 453 2255 cum
485 2217 717 2268 superiorem
758 2216 870 2253 animi
907 2223 1073 2266 partem,
1119 2214 1156 2252 id
1193 2222 1252 2253 cst
1286 2212 1329 2254 τὸ
1367 2212 1615 2269 ἡγεμονικὸν,
1659 2216 1699 2254 in

258 2271 398 2320 corde,
439 2284 512 2309 non
542 2273 579 2309 in
609 2272 790 2316 cerebrO,
832 2283 918 2309 esse
946 2269 1214 2309 contenderet:
1256 2271 1315 2308 vel
1351 2283 1399 2308 ex
1428 2284 1473 2309 eo
1505 2270 1540 2309 id
1573 2270 1699 2322 colligi

257 2340 368 2379 posse
399 2325 571 2374 dicebat,
603 2326 722 2377 quod,
754 2339 836 2364 cum
867 2325 1022 2363 dicimus
1052 2329 1153 2376 Ego,
1186 2333 1316 2363 natura
1346 2327 1426 2377 ipsa
1456 2325 1550 2364 duce
1581 2334 1618 2365 et
1647 2327 1698 2364 ita

256 2381 526 2434 quodammodo
556 2390 715 2433 cogente
744 2389 875 2419 natura
898 2382 1016 2432 ipsius
1046 2382 1208 2428 litterae,
1233 2393 1328 2432 quae
1357 2382 1438 2420 eius
1465 2382 1566 2419 vocis
1595 2382 1698 2433 priu-

257 2451 347 2489 ceps
381 2445 463 2484 est,
507 2445 669 2476 mentum
706 2436 879 2476 deorsum
920 2436 966 2474 ad
996 2445 1125 2488 pectus
1161 2444 1198 2475 et
1228 2436 1274 2475 ad
1305 2449 1373 2475 cor
1403 2450 1614 2475 movemus:
1659 2443 1698 2474 ut

257 2494 363 2545 quasi
400 2500 489 2531 nutu
519 2493 782 2539 ostendamus,
826 2505 907 2530 eam
937 2500 1101 2543 partem,
1143 2506 1214 2543 qua
1243 2492 1441 2543 praecipue
1478 2505 1602 2530 sumus
1640 2491 1693 2538 id,

256 2548 354 2601 quod
383 2561 530 2588 sumus:
562 2551 672 2588 Mens
699 2551 794 2588 enim
818 2549 1013 2599 cuiusque,
1044 2549 1096 2586 ait
1119 2546 1256 2586 Cicero
1271 2546 1343 2601 †),
1376 2549 1409 2586 εἰς
1438 2556 1497 2586 est
1525 2549 1692 2599 quisque.

329 2682 375 2719 ἐξ)
395 2683 459 2718 Ap.
479 2683 615 2713 Gellium
634 2684 672 2713 N.
691 2683 732 2713 A.
752 2683 789 2712 X.
807 2682 836 2711 4.

329 2731 400 2767 ᾖξε)
419 2731 549 2761 Rectius
568 2732 681 2761 dicitur
700 2732 918 2768 siqnifiearent.
956 2731 1079 2760 KuArr.

329 2780 424 2815 reuse)
453 2780 612 2810 Usitatius
632 2780 747 2809 fuisset
771 2781 853 2809 labia
879 2782 979 2808 neutr.
1001 2781 1095 2817 plur„
1127 2779 1166 2810 cf.
1186 2778 1314 2809 Krebsii
1338 2776 1506 2809 Antibarb.
1525 2782 1597 2813 pag.
1619 2776 1691 2808 266.

254 2817 440 2847 Doederlini
458 2818 582 2847 Latein.
603 2820 721 2853 synon.
742 2819 830 2847 Tum.
850 2818 888 2846 V.
909 2823 980 2852 pag.
1003 2817 1073 2846 154.

329 2865 376 2904 *H
396 2867 435 2897 de
455 2867 533 2904 Rep.
552 2865 608 2896 lib.
628 2867 680 2896 vt.
699 2872 770 2901 cap.
790 2865 841 2896 24.
861 2866 893 2904 S.
914 2867 963 2897 26.
984 2866 1110 2903 (somn.
1131 2864 1215 2901 scip.
1235 2872 1305 2901 cap.
1324 2864 1385 2900 8.).
