1726 3106
118 508 183 540 818

206 145 289 191 208
772 144 902 188 VAR.
929 145 1090 190 LEc'r.

208 265 334 300 autem
371 257 548 299 libentius
593 267 642 294 ex
681 267 728 294 eo
763 269 882 308 pauca
916 256 1010 296 haec
1040 258 1200 310 protuli,
1242 256 1339 310 quod
1369 266 1409 298 et
1435 260 1655 298 confirmant

207 316 359 355 Horatii
401 314 448 351 de
482 311 714 350 nobilissima
747 312 840 351 urbe
878 314 1158 361 testimonium,
1202 321 1240 353 et
1267 314 1392 365 Longi
1435 315 1531 355 liber
1556 316 1654 355 lectu

209 370 451 423 dignissimus
477 366 667 414 noudum,
698 367 795 419 quod
825 368 970 415 sciam,
1001 369 1187 420 publicum
1216 371 1375 422 accepit.

682 497 715 539 C
745 498 783 539 A
811 499 844 538 P
873 499 911 539 U
938 499 974 538 T
1028 499 1186 542 XVII.

555 578 779 617 Illustratas
807 579 911 616 locus
939 578 1096 616 Horatii
1116 593 1165 617 ex
1196 581 1298 620 Odz‘s.

210 656 528 716 Pmnnmmn
567 677 847 728 comparatione
876 690 965 715 usus
996 684 1054 716 est
1076 677 1237 718 Flaccus
1265 678 1337 719 ode
1365 677 1582 718 duodecima
1609 677 1656 717 li-

209 735 271 774 bri
299 734 410 786 primi
424 731 496 787 ²²⁵),
526 746 609 770 cum
639 745 774 771 ornare
804 732 1009 771 Caesarem
1038 733 1175 773 vellet:

491 822 540 830 -
571 799 718 844 Mz‘cat,
748 799 889 849 inquit,
922 801 1022 837 inter
1049 812 1176 838 omnes

489 854 626 895 lulium
655 854 783 899 sidus,
814 855 915 892 velut
944 856 1044 893 inter·
1074 856 1180 906 ignes

571 911 681 948 Luna
711 911 890 947 minores.

211 986 254 1026 In
293 999 339 1025 eo
381 993 503 1024 autem
544 986 709 1025 imitatus
745 993 804 1025 est
844 985 1075 1026 Pindarum.
1124 987 1197 1026 etsi
1234 985 1330 1038 quod
1366 986 1428 1025 hic
1457 993 1586 1024 noster
1609 983 1656 1024 de

210 1042 321 1088 luna,
361 1040 398 1079 id
429 1041 599 1079 Graecus
630 1042 691 1081 ine
720 1042 757 1080 in
788 1041 953 1080 Isthmiis
968 1039 1041 1094 ἠως)
1073 1041 1119 1080 de
1146 1042 1324 1081 Lucifero
1354 1041 1525 1082 dixerat.
1565 1037 1656 1092 λάμ-

210 1113 276 1138 πει
303 1094 505 1149 ἆωςφόρος
534 1094 684 1149 θαητὸς
712 1094 764 1144 ὣς
790 1094 943 1150 ἄστροις
972 1096 1013 1137 ἐν
1043 1094 1179 1146 ἄλλοις.
1235 1098 1273 1136 Α
1300 1098 1408 1136 Luna
1437 1104 1558 1135 autem
1589 1097 1656 1134 ob·

212 1154 358 1191 scurari
387 1160 599 1190 ceterarum
631 1153 822 1191 stellarum
851 1152 1110 1206 splendorem,
1140 1154 1372 1193 suavissimis
1400 1152 1570 1193 versibus
1599 1151 1655 1190 di-

211 1215 322 1248 xerat
348 1209 459 1247 etiam
491 1206 785 1261 Sappho***):

480 1269 658 1340 'Am-5939
686 1272 754 1325 μὲν
780 1271 880 1325 ἀμφι
904 1271 1026 1315 καλὰν
1056 1270 1218 1315 σελάναν

480 1324 567 1396 Αψ
597 1326 884 1397 ἀποκρύπτουσι
912 1327 1073 1380 φαεινὸν
1101 1326 1214 1380 εἶδος,

488 1379 651 1424 Οππότ’
685 1381 734 1424 ἂν
760 1382 959 1437 πληθοισα
985 1383 1145 1437 μάλιστα
1173 1382 1311 1440 λάμπῃ.

212 1459 292 1501 Sed
330 1466 368 1499 et
404 1460 565 1508 Quintus
607 1461 837 1512 Smyrnaeus
877 1463 915 1501 in
956 1461 1182 1501 celebranda
1216 1461 1458 1500 Penthesilea
1498 1458 1655 1500 eandem

212 1516 529 1568 comparationem
560 1514 726 1554 adhibuit
742 1515 821 1569 ᾖ).

314 1583 389 1680 ,ἳὲς
418 1581 457 1625 δ’
488 1582 547 1626 ὅτ’
579 1582 640 1626 ἀν’
670 1582 837 1639 οὗρανον
862 1582 979 1640 εὐρὺν
1007 1585 1049 1627 ἔν
1077 1583 1234 1641 ἄστροισι
1262 1587 1326 1628 δῖα
1354 1581 1492 1639 σελήνη

365 1639 535 1695 κπρέπει.

209 1719 311 1759 Puto
352 1726 502 1766 autem,
543 1717 753 1757 huiusmodi
791 1717 956 1756 locorum
985 1719 1184 1758 collatione
1213 1732 1257 1758 ae
1286 1720 1527 1757 contentione
1556 1719 1657 1757 inter

213 1789 256 1814 se
287 1781 325 1813 et
352 1775 471 1825 magis
501 1773 745 1828 elucere††)
776 1781 943 1812 veterum
973 1778 1163 1827 poetarum
1185 1776 1463 1825 praestantiam,
1493 1781 1532 1812 et
1554 1775 1654 1812 eius-

212 1830 297 1870 dem
328 1831 472 1881 gloriae
504 1829 683 1884 cupidos,
716 1829 899 1883 quomodo
931 1830 968 1868 in
999 1831 1054 1869 eis
1084 1829 1273 1869 imitandis
1301 1831 1446 1870 versari
1476 1829 1653 1876 debeant,

211 1886 422 1925 admoneri.

673 1993 704 2033 C
733 1994 894 2034 APU
922 1996 957 2035 T
1011 1994 1195 2035 XVIII.

385 2073 617 2112 Emendatus
645 2079 684 2111 et
713 2074 928 2112 illustratus
957 2074 1061 2111 locus
1093 2074 1244 2125 quidam
1278 2073 1488 2113 Plutarchi.

214 2149 506 2210 ERUDITIONIS
545 2177 585 2209 et
623 2170 844 2222 prudentiae
883 2172 1121 2222 plenissimus
1159 2173 1321 2224 scriptor
1349 2170 1574 2209 Plutarchus
1614 2170 1653 2208 in

215 2227 549 2274 commentariolo,
581 2239 652 2278 quo
682 2226 808 2264 docuit
833 2227 1040 2278 principum
1068 2228 1232 2266 virorum
1262 2227 1461 2266 amicitiam
1492 2239 1536 2264 ac
1565 2239 1655 2264 cou-

215 2358 307 2385 σαις.
346 2355 499 2382 Fortasse
519 2353 718 2383 scribendum
738 2347 930 2401 νομίσειες
942 2343 989 2382 ἂν
1012 2346 1056 2382 οὐ
1078 2360 1112 2382 κ.
1123 2360 1154 2382 τ.
1163 2349 1193 2381 λ.
1234 2354 1281 2384 Cf.
1301 2354 1442 2383 Pausan.
1461 2351 1653 2384 Corinthiae.

214 2406 286 2434 cap.
305 2398 354 2428 29.
377 2399 411 2445 5.
425 2400 452 2428 1.
474 2388 633 2429 εἰκάσαις
656 2388 702 2425 ἂν
721 2394 879 2443 θεροίσῃ
897 2405 962 2435 την
977 2389 1169 2444 Ἄρτεμιν.)
1193 2401 1287 2429 Phoc.
1308 2405 1378 2434 cap.
1392 2398 1442 2429 24.
1463 2398 1496 2435 5.
1512 2400 1541 2429 2.
1561 2390 1655 2430 θεά-

215 2447 302 2472 σαιο
326 2435 361 2469 δ’
390 2433 447 2471 ἄν.
486 2443 563 2473 lbid.
584 2445 691 2473 tamen
709 2443 741 2481 S.
761 2444 792 2474 4.
812 2435 965 2474 θεάσαιο
990 2439 1031 2473 δὲ
1056 2446 1127 2475 sine
1146 2433 1207 2473 ἄν·
1245 2445 1360 2473 ΕΛΕει.

290 2491 335 2528 ’Ἴ
357 2498 388 2521 ν.
407 2491 449 2521 46
468 2499 537 2527 sqq.

303 2539 431 2575 )1V
451 2539 503 2569 40.

1135 2584 1318 2603 ιιιιι

215 2630 342 2679 λαμπη
352 2610 489 2668 additur
507 2634 591 2676 γᾶν.
629 2640 701 2670 vid
722 2639 900 2687 sapphonis
920 2643 1022 2676 Mytii.
1044 2645 1170 2690 Fragm.
1189 2641 1239 2670 ed.
1257 2642 1346 2671 Neue
1365 2640 1651 2677 [Berolin.1827).

214 2691 288 2722 pag.
307 2684 350 2714 36
369 2691 417 2719 sq.
455 2686 491 2713 In
510 2684 637 2714 Ruhnk.
657 2683 731 2713 edit.
750 2691 808 2718 pro
829 2688 876 2711 αν
893 2684 1050 2720 reperitur
1068 2674 1128 2713 αὖ.

290 2736 336 2776 ἡ)
356 2737 496 2774 Paralip.
515 2741 539 2768 1.
560 2739 611 2768 37.
649 2739 717 2768 Alii
738 2729 912 2779 ἀστράσι,
932 2739 995 2768 vid.
1017 2739 1127 2769 tVolfii
1147 2738 1518 2776 Ana1.1.2.pag.470.

289 2784 343 2823 †'
347 2785 364 2820 J
394 2786 482 2815 Alibi
510 2788 654 2816 Muretus
681 2787 809 2822 scripsit
834 2789 1026 2821 elucescere,
1055 2788 1138 2823 quod
1166 2789 1251 2817 recte
1277 2790 1373 2825 negat
1399 2788 1546 2816 Latinum
1573 2793 1650 2815 esse

214 2796 423 2852 Ruhnkenius
448 2824 489 2852 ad
518 2825 597 2860 opp.
623 2825 712 2854 Tom.
732 2826 756 2854 1.
782 2831 855 2863 pag.
874 2826 947 2858 232.
985 2809 1056 2857 Vid.
1077 2825 1218 2858 Weber.
1246 2823 1490 2864 erunysschule
1513 2825 1572 2862 far
1590 2826 1650 2854 den

214 2860 268 2890 lat.
287 2861 349 2891 Stil
368 2868 439 2899 pag.
459 2862 538 2900 251,
558 2862 609 2893 91.
629 2862 680 2894 ed.
699 2869 765 2893 sec.
