1726 3106
546 116 649 159 LIB.
681 117 732 156 V.
792 114 909 155 CAP.
943 117 997 156 Χ.
1412 113 1492 156 1Οὸ

59 226 132 266 Est
160 229 258 266 enim
292 227 385 266 haec
415 227 533 264 oratio
562 226 721 264 hominis
750 226 963 277 praesentia
993 232 1131 264 tantum
1167 225 1392 278 spectantis,
1433 225 1494 262 fu-

60 290 142 321 tura
169 283 406 334 negligentiS.
475 281 600 329 Dum,
645 281 787 332 inquit,
829 281 974 320 interea
1004 282 1057 319 sic
1085 282 1155 328 sit,
1204 286 1245 319 ut
1279 293 1378 318 nunc
1416 286 1491 326 est,

59 337 146 388 quid
171 345 331 376 actutum
360 337 521 375 futurum
556 338 627 383 sit,
658 350 731 375 non
760 335 903 374 laboro.

549 445 862 486 'CATUT
916 445 970 484 X.

347 525 537 563 Ciceronis
564 527 666 563 locus
695 536 896 562 conversus
927 536 947 559 e
980 522 1201 572 Chryszppo.

58 587 191 657 QUOD
227 609 321 661 apud
350 610 572 650 Ciceronem
608 613 702 649 libro
733 609 895 649 secundo
932 608 975 647 de
1006 608 1150 646 Natura
1188 607 1339 646 deorum
1358 606 1403 659 ᾗ)
1444 607 1491 647 de

55 666 251 712 societate,
286 679 390 716 quam
412 667 565 717 parandi
589 668 662 705 cibi
692 668 812 717 gratia
838 666 939 703 ineat
961 665 1071 716 pinna
1101 677 1182 702 cum
1206 677 1318 714 parva
1342 664 1489 714 squilla,

56 734 77 758 e
104 720 314 771 Chrysippo
345 729 525 772 sumptum
556 735 640 760 esse
670 723 855 759 arbitror:
889 734 933 758 eo
965 720 1095 769 magis,
1129 718 1224 769 quod
1255 719 1307 756 ibi
1334 718 1491 756 Balbum

56 775 101 814 de
125 776 335 814 Stoicorum
356 779 539 814 sententia
562 777 807 828 disputantem
831 777 938 822 facit3
971 782 1010 811 ut
1032 773 1213 812 credibile
1231 775 1295 819 sit,
1320 787 1491 824 magnam

55 838 196 881 partem
227 831 324 869 illius
351 831 610 882 disputationis
640 847 711 870 non
740 831 886 869 aliunde
914 831 1058 880 potius,
1089 842 1195 880 quam
1226 841 1247 866 e
1277 828 1488 866 Stoicorum

53 886 159 923 libris
202 898 286 924 esse
326 887 508 924 haustam.
586 887 679 924 Sunt
716 894 835 924 autem
875 885 1072 923 Ciceronis
1117 884 1229 922 verba
1277 883 1370 921 haee
1387 882 1490 935 Μὴ

52 943 171 979 Pinna
200 954 287 979 vero
326 941 403 994 (sic
432 944 527 980 em'm
560 945 702 981 Graece
731 939 892 992 dicitur)
934 940 1077 978 duabus
1113 939 1325 989 grandibus
1355 941 1492 990 patula

53 996 206 1033 conchis
233 1009 314 1034 cum
340 1010 461 1047 parva
482 999 619 1048 squilla
649 999 760 1047 quasi
779 999 990 1034 societatem
1023 995 1219 1032 contrahit
1244 995 1494 1045 comparandi

55 1051 142 1088 cibi.
208 1053 340 1101 Itaque
377 1065 457 1088 cum
489 1054 669 1102 pisciculi
695 1053 811 1102 parui
844 1053 880 1089 in
919 1051 1095 1088 concham
1131 1051 1296 1087 hiantem
1340 1050 1492 1087 innam-

53 1107 198 1151 vcrint,
227 1112 301 1142 lam
332 1107 521 1143 admonita
555 1120 577 1144 α
606 1109 742 1157 squilla
761 1108 881 1156 pinna
913 1118 1037 1142 morsu
1068 1105 1277 1154 comprimit
1304 1105 1466 1141 conchas
1475 1118 1490 1149 3

50 1162 106 1197 sic
136 1160 374 1198 dissimilibus
397 1161 564 1198 bestiolis
590 1163 831 1199 communiter
858 1161 962 1198 cibus
991 1160 1201 1209 quaeritur.
1251 1160 1295 1196 In
1327 1171 1398 1208 quo
1423 1159 1492 1196 ad-

51 1216 261 1252 mirandum
291 1222 370 1261 est,
404 1228 655 1265 congressune
682 1218 806 1266 aliquo
834 1216 934 1252 inter
960 1228 1000 1251 se
1030 1227 1076 1250 (m
1106 1215 1177 1250 iam
1210 1213 1295 1250 inde
1328 1212 1376 1250 ab
1404 1220 1491 1251 ortu

49 1276 190 1307 natura
221 1276 474 1320 congregatae
503 1272 592 1308 sint.
651 1270 787 1321 Neque
817 1283 888 1306 non
924 1283 1003 1306 eam
1040 1268 1292 1305 coniecturam
1325 1266 1489 1313 adiuvat,

51 1323 147 1375 quod
174 1324 267 1361 hanc
305 1326 421 1375 ipsam
453 1325 668 1363 societatem
697 1325 831 1373 exponi
872 1325 961 1361 facit
988 1337 1008 1361 a
1039 1323 1206 1368 Catone,
1250 1322 1346 1360 libro
1377 1323 1491 1360 tertio

50 1379 97 1416 de
134 1379 293 1416 Finibus
309 1377 434 1433 Ἣὲἦῆς
479 1380 540 1417 ubi
583 1381 692 1418 etiam
735 1380 943 1418 Stoicorum
983 1379 1116 1429 placita
1156 1376 1403 1415 defendebat:
1452 1384 1493 1415 ut

50 1435 159 1484 plane
199 1433 367 1472 videatur
403 1435 472 1472 hoe
509 1434 676 1473 Stoicum
718 1434 888 1485 quiddam
929 1447 1026 1471 esse.
1098 1432 1332 1499 Chrysippus
1367 1439 1491 1470 autem

50 1489 145 1527 libro
174 1490 301 1539 quinto
335 1489 421 1555 περὶ
447 1493 565 1529 καλοῦ
598 1489 663 1529 καὶ
690 1487 836 1541 ἡδονῆς
851 1489 900 1542 †)
940 1490 991 1525 ita
1023 1489 1246 1539 scripserat:
1289 1484 1491 1539 Ηπίννη,

49 1543 115 1583 καὶ
144 1541 166 1583 ὁ
193 1542 430 1612 πιννοτήρης
450 1542 611 1598 συνεργὰ
637 1542 830 1595 ἀλληλοις,
863 1541 943 1584 κατ’
978 1543 1080 1582 ἰδίαν
1109 1540 1155 1582 οὗ
1179 1539 1372 1593 δυνάμενα
1400 1554 1493 1594 συμ-

49 1598 192 1663 μένειν·
232 1596 259 1650 ἦ
284 1597 354 1668 μὲν
384 1600 455 1638 οὐν
481 1600 597 1651 πίννη
626 1597 758 1639 όστεόν
788 1600 905 1647 ἐστιν,
934 1596 956 1638 ὁ
986 1597 1026 1637 δὲ
1053 1595 1283 1665 πιννοτήρης
1311 1602 1492 1650 καρκῖνος

49 1651 196 1706 μικρός.
232 1670 295 1693 και
325 1671 349 1703 η
377 1655 492 1705 πίννη
526 1652 758 1705 διαστήσασα
794 1651 837 1693 τὸ
876 1651 1061 1706 ὄστρακον
1091 1650 1286 1720 ησυχάζει,
1324 1656 1492 1705 τηροῦσα

48 1707 96 1749 τὰ
124 1706 333 1756 ἐπειςιόντα
370 1707 541 1760 ἐχθύδια.
583 1707 604 1749 ὁ
632 1709 672 1749 δὲ
703 1725 934 1761 πιννοτηρης
963 1724 1057 1759 παρα
1044 1705 1177 1756 εστῶς,
1219 1706 1313 1747 όταν
1330 1707 1492 1778 είςέλθη

48 1781 96 1812 τι,
125 1762 256 1804 δάκνει
284 1761 424 1815 αὐτὴν,
465 1763 586 1817 ὥςπερ
617 1765 828 1816 σημαίνων·
872 1780 896 1815 η
930 1762 970 1803 δὲ
1000 1764 1184 1815 δηχθεῖσα
1213 1761 1385 1814 συμμύει.
1425 1763 1492 1804 καὶ

48 1818 170 1866 ου’τως
209 1816 251 1859 τὸ
288 1817 544 1887 ἀποληφθὲν
555 1820 664 1859 ἔνδον
700 1820 946 1859 κατεσθίουσι
962 1834 1104 1888 κοινη.
1167 1818 1268 1857 Φασὶ
1304 1816 1345 1857 δέ
1378 1833 1490 1868 τινες,

48 1891 114 1915 και
140 1878 422 1928 συγγεννᾶσθαι
454 1871 551 1914 αὐτα
584 1873 732 1924 αὐτοῖς,
774 1874 839 1914 καὶ
865 1891 916 1921 ως
944 1890 992 1913 αν
1019 1873 1057 1921 ἐξ
1086 1870 1170 1920 ἑνὸς
1196 1872 1406 1925 σπέρματος
1432 1874 1490 1927 γί-

47 1935 195 1970 νεσθαι.
246 1930 380 1981 Neque
417 1937 554 1968 tantum
596 1944 640 1968 eo
677 1934 713 1968 in
746 1932 855 1976 loco,
899 1929 965 1967 sed
995 1937 1032 1967 et
1067 1930 1187 1966 multis
1218 1930 1300 1965 aliis
1331 1928 1489 1967 eandem

49 1986 243 2023 historiam
290 1986 515 2036 repetierat:
566 1993 606 2023 ut
643 1986 809 2024 ostendit
846 1985 1070 2023 Plutarchus
1117 1985 1154 2021 in
1192 1982 1487 2032 Commentario,

49 2055 120 2092 quo
158 2041 324 2092 quaerit,
372 2042 636 2078 Terrestriane
674 2055 720 2079 an
761 2043 798 2078 in
838 2041 943 2091 aquis
980 2039 1154 2090 degentia
1189 2040 1361 2077 animalia
1402 2053 1489 2090 pru-

48 2096 218 2133 dentiora
247 2096 345 2142 sint,
376 2095 433 2132 his
466 2096 588 2133 verbis
616 2095 721 2148 ††):
757 2097 811 2135 ὡν
840 2094 917 2135 ἐστὶ
942 2094 1008 2134 καὶ
1039 2091 1062 2134 ὁ
1087 2091 1129 2134 τὸ
1159 2097 1334 2134 πλεῖστον
1360 2093 1490 2142 ἐξανα-

47 2148 172 2197 λώσας
210 2151 442 2202 Χρυσίππου
480 2149 594 2202 μέλαν
629 2167 879 2203 πιννοτηρης,
915 2149 1028 2190 παντὶ
1064 2166 1128 2189 και
1166 2153 1319 2204 φυσικῷ
1354 2150 1490 2205 βιβλίῳ

46 2206 112 2246 καὶ
138 2204 269 2260 ηθικῷ
299 2206 505 2259 προεδρίαν
533 2205 637 2257 ἔχων.
694 2207 838 2245 Plinius
868 2219 1011 2257 quoque
1029 2204 1144 2260 †††)
1179 2207 1310 2261 postea
1350 2212 1389 2244 et
1411 2191 1490 2258 Op-

46 2263 178 2313 pianus
208 2263 303 2300 libro
335 2261 499 2299 secundo
518 2260 562 2314 ff)
593 2261 692 2300 idem
718 2261 977 2314 prodiderunt

121 2374 162 2411 -::÷)
183 2383 252 2411 cap.
272 2376 321 2405 45.
343 2377 374 2411 §—
396 2377 457 2405 123
477 2383 523 2411 sq.

121 2424 190 2458 212212)
211 2425 261 2451 Ex
282 2424 354 2452 edit.
376 2426 448 2453 Ern.
470 2428 502 2453 et
522 2424 634 2453 Creuz.
663 2425 724 2453 hae
745 2423 952 2455 diversitates
979 2426 1156 2460 scripturae
1180 2424 1356 2454 notandae:
1388 2423 1489 2453 Pina

46 2467 120 2488 vcro
209 2462 296 2495 quasi
315 2463 489 2490 societatem
509 2464 591 2490 coit
672 2463 733 2490 tum
752 2463 907 2492 admonita
927 2466 1015 2499 squi
1022 2465 1051 2492 ll
1058 2472 1101 2491 ae
1119 2465 1192 2497 pina
1211 2469 1318 2490 morsu
1338 2483 1345 2490 .
1358 2483 1383 2490 ..
1411 2468 1488 2490 con-

47 2499 128 2526 chus.
169 2499 222 2525 Sic
242 2500 533 2534 dissimillimis
563 2500 697 2527 bestiolis
717 2521 724 2528 .
737 2521 744 2527 .
757 2522 764 2528 .
791 2501 861 2528 inde
880 2503 917 2528 ab
939 2503 1009 2529 ortu
1028 2503 1194 2529 naturae
1218 2501 1330 2533 ipsae
1356 2505 1488 2534 con-‹yre-

45 2537 136 2571 yalae
155 2536 232 2571 sz'nt‚·
262 2537 318 2564 sed
339 2537 451 2566 merito
472 2539 618 2566 Moserus
638 2537 776 2572 praefert
796 2538 1010 2569 coniecturam
1028 2540 1141 2567 natura
1159 2539 1239 2573 ipsa.
1277 2539 1389 2566 FAES1.

121 2583 215 2618 -:::-÷::-÷::-)
236 2590 305 2618 cap.
328 2585 375 2613 19.
397 2586 428 2621 S.
449 2585 499 2614 63.

125 2629 171 2668 Ἠ
191 2632 287 2666 Apud
307 2633 424 2661 Athen.
453 2634 506 2662 lib.
527 2635 581 2662 ΠΙ.
601 2640 673 2669 pag.
694 2634 744 2664 69.
770 2636 810 2665 D.
832 2635 970 2666 casaub.
1010 2634 1058 2666 Cf.
1077 2636 1158 2663 Mur.
1179 2633 1285 2662 schol.
1311 2632 1343 2661 in
1362 2631 1428 2663 Cic.
1448 2631 1487 2662 de

46 2669 115 2699 Fin.
137 2670 216 2704 opp.
237 2670 325 2698 Tom.
346 2671 399 2699 111.
418 2677 490 2705 pag.
510 2672 582 2700 848.

124 2719 199 2760 ††]
219 2728 291 2756 pag.
311 2722 382 2752 980.
401 2724 443 2753 A.
464 2725 512 2752 ed.
532 2723 675 2752 Francos.
696 2717 910 2765 πινοθήρας.
936 2727 1102 2762 wyttenb.
1122 2714 1327 2765 πινοτήρας·

123 2769 224 2809 †††)
246 2771 283 2798 H.
306 2772 343 2800 N.
363 2771 417 2800 lib.
438 2772 492 2800 IX.
512 2779 580 2807 cap.
602 2772 653 2802 42.
673 2774 704 2809 S.
727 2775 798 2805 142.

121 2819 166 2855 *J
185 2818 323 2850 Halieut.
344 2827 376 2849 v.
397 2820 457 2850 187
477 2828 547 2856 sqq.

1521 829 1581 860 11⁰
