1726 3106
1456 131 1505 166 IX

67 254 189 285 suam
238 236 378 301 ipsius
428 236 670 284 orationem
715 231 980 296 aliquopiam
1026 230 1154 279 modo
1209 230 1505 280 exornaltdam

68 305 320 364 adhiberet,
374 320 430 351 ex
474 303 693 350 veteribus
739 300 1027 362 scriptoribus
1073 315 1211 362 paene
1254 299 1507 348 innumeros

68 373 216 419 attulit
237 371 465 428 Muretus3
501 369 657 416 deinde
681 366 1028 431 probatissimas,
1059 382 1168 428 quae
1196 382 1312 412 nunc
1338 367 1508 414 baben-

68 445 164 500 tur,
198 439 373 485 illorum
405 437 667 499 scriptorum
700 434 914 482 editiones
945 433 1212 496 respiciens,
1248 448 1358 496 quae
1390 450 1508 482 nunc

72 507 132 552 sit
177 505 446 568 singulorum
493 505 690 550 locorum
733 506 889 547 natura
937 506 981 548 et
1028 501 1166 559 ratio,
1215 516 1342 563 quam
1384 502 1510 564 potui

67 573 321 620 brevissime
357 571 516 618 adieci.
583 570 683 616 Hoc
717 568 936 630 negotium
977 583 1082 614 sane
1119 583 1244 630 quam
1278 568 1507 615 molestum

68 640 153 686 fuit
193 639 413 702 taediique
457 639 650 701 plenum.
717 635 894 682 Etenim
929 634 1158 694 Muretus,
1204 641 1509 698 praeterquam

70 705 183 770 quod
219 723 305 753 non
332 705 460 752 modo
491 704 707 752 interdum
740 703 915 749 nomina
949 702 1239 764 scriptorum,
1275 702 1348 750 sed
1378 703 1509 749 etiam

69 773 262 837 scripta,
318 773 510 819 fabulam
554 788 650 819 cum
694 771 867 828 fabula,
922 768 1141 830 dialogum
1189 785 1285 816 cum
1332 769 1509 832 dialogo

67 841 185 887 inter
217 857 266 887 se
301 839 590 903 permutavit,
632 844 875 900 temporum
911 853 1084 883 suorum
1132 852 1295 883 morem
1331 853 1510 884 servans

67 923 381 970 saepenumero
407 907 628 965 Platonis,
663 904 937 963 AristoteliS,
973 904 1157 949 aliorum
1189 904 1365 950 nomina
1395 904 1511 951 nude

69 976 221 1039 ponit,
270 975 364 1022 sine
398 975 490 1021 ullo
533 973 638 1019 libri
671 972 863 1031 indicio,
908 970 1142 1034 aliquando
1182 971 1226 1016 in
1263 971 1510 1018 universum

69 1042 180 1089 haec
224 1047 268 1089 et
301 1043 380 1088 illa
426 1040 539 1105 apud
575 1039 833 1102 scriptorem
876 1038 1064 1100 aliquem
1100 1038 1169 1084 vel
1207 1044 1377 1101 poetam
1419 1039 1511 1101 legi

69 1113 297 1156 memorat.
370 1106 457 1154 Est
498 1106 657 1166 etiam,
716 1105 791 1151 ubi
836 1105 975 1152 virum
1022 1105 1230 1167 optimum
1276 1107 1510 1166 memoria,

70 1192 199 1240 quam
240 1175 430 1222 habebat
462 1173 813 1231 tenacissimam,
858 1172 969 1218 miro
1004 1171 1132 1218 modo
1175 1173 1345 1235 lapsum
1389 1174 1512 1219 arbi-

68 1249 204 1290 trere.
270 1241 399 1302 Quod
434 1258 515 1303 ego
551 1247 599 1287 ut
633 1240 834 1303 exemplo
869 1239 950 1285 tibi
985 1240 1289 1302 comprobem,
1331 1241 1512 1287 afferam

67 1310 173 1357 libri
200 1308 241 1357 I.
286 1315 416 1373 caput
451 1308 499 1355 9.
534 1313 649 1355 extr.
691 1307 766 1353 ubi
810 1305 1047 1353 Menandri
1093 1307 1250 1353 comici
1291 1308 1512 1356 mentione

68 1378 187 1425 facta
211 1377 321 1424 haec
343 1380 606 1440 sequuntur:
641 1373 752 1422 Sed
778 1390 854 1421 me
885 1374 1026 1420 hunc
1053 1389 1269 1420 versum
1295 1375 1511 1422 alicubi

67 1445 260 1507 legere
303 1443 554 1491 memini:
608 1439 764 1508 Ὑγιὴς
806 1444 1053 1488 νοσοῦντα
1101 1443 1257 1503 ῥᾷστα
1301 1444 1398 1494 πᾶς
1440 1459 1514 1495 τις
1574 1456 1576 1458 ’

66 1512 310 1560 νουθετεῖ.
366 1510 467 1559 Hoc
487 1509 705 1558 versiculo
734 1509 848 1556 male
874 1508 1116 1571 perspectis
1141 1509 1213 1568 iis,
1244 1525 1353 1572 quae
1379 1526 1513 1573 prae-

68 1579 258 1639 cedunt,
292 1579 566 1643 complures,
603 1578 649 1623 in
686 1577 841 1640 quibus
871 1575 1175 1623 Blomfieldius
1211 1576 1265 1622 ad
1298 1577 1513 1640 Aeschyli

1 1686 6 1687 γ
68 1645 200 1694 Pers.
219 1663 262 1694 v.
283 1647 400 1694 263.
423 1646 491 1692 usi
517 1649 619 1691 sunt
644 1650 860 1707 tamquam
884 1643 1175 1690 Menandreo.
1228 1643 1367 1707 Atqui
1393 1650 1514 1692 recte

67 1713 178 1761 vidit
200 1713 320 1777 Aug.
342 1712 597 1760 Meinekius
626 1711 681 1758 ad
706 1710 942 1758 Menandri
971 1716 1014 1757 et
1035 1709 1308 1757 Philemonis
1331 1711 1513 1775 Reliqq.

69 1795 171 1846 pag.
193 1781 275 1828 22.
298 1781 441 1844 ipsum
464 1780 690 1827 Muretum
715 1779 845 1825 istum
874 1778 1117 1825 trimetrum
1144 1778 1320 1826 lusisse.
1363 1779 1512 1842 Atque

70 1848 247 1895 omnino
291 1848 446 1907 nobis,
498 1862 583 1910 qua
625 1862 742 1893 nune
786 1862 932 1892 sumus
969 1843 1239 1892 Graecarum
1284 1846 1511 1893 literarum

69 1915 256 1979 peritia,
308 1915 458 1980 paullo
503 1913 798 1975 negligentior
841 1914 885 1958 in
931 1910 1118 1959 Graecis
1165 1913 1333 1960 videtur
1375 1914 1513 1961 fuisse

69 1982 293 2031 Muretus.
346 1980 536 2029 Scilicet
562 1980 793 2027 incidimus
829 1979 991 2043 passim
1026 1980 1072 2025 in
1103 1981 1236 2026 verba
1271 1982 1514 2044 composita

70 2049 260 2098 Graecis
304 2049 554 2111 incognita,
607 2048 714 2094 item
756 2048 800 2093 in
839 2048 1002 2093 formas
1045 2062 1094 2093 re
1140 2063 1240 2094 vera
1275 2048 1513 2108 inauditas,

70 2134 157 2181 quo
190 2116 464 2164 referendum
497 2120 564 2163 est
599 2110 1025 2179 συγχορτᾶζεσθαι
1057 2114 1138 2160 lib.
1165 2114 1300 2162 XIV.
1336 2131 1434 2180 cap.
1464 2115 1514 2164 4.

70 2181 288 2248 εὖὸίερος
322 2200 417 2231 cum
455 2180 615 2234 εὔδιος
649 2182 875 2229 confusum
910 2182 990 2228 lib.
1021 2180 1155 2228 XIV.
1194 2197 1292 2245 cap.
1318 2183 1398 2231 19.
1434 2183 1515 2231 de-

69 2252 203 2315 nique
234 2249 455 2314 ταραβέα
488 2250 568 2296 lib.
597 2248 638 2295 I.
673 2265 770 2313 cap.
808 2250 888 2296 16.
921 2248 1046 2312 [quod
1080 2248 1172 2295 sive
1206 2249 1376 2298 Mureti
1422 2252 1514 2298 sive

71 2318 323 2382 typothetae
354 2322 446 2377 est,
481 2322 718 2364 monstrum
753 2317 951 2379 profecto
986 2321 1069 2363 est.
1136 2315 1338 2364 Plurima
1373 2319 1515 2380 signi-

72 2387 280 2434 ficaverat
301 2384 505 2444 Faesius,
541 2385 666 2431 cuius
693 2385 855 2431 eximia
888 2383 1118 2448 diligentia
1149 2383 1237 2431 diei
1267 2385 1342 2432 vix
1368 2392 1515 2450 potest

73 2458 277 2518 quantum
312 2453 419 2500 mihi
454 2451 684 2516 profuerit.

172 2519 309 2567 Aliud
344 2519 638 2566 adnotationis
671 2534 809 2581 genus
843 2521 934 2578 est,
976 2517 1089 2581 quod
1125 2534 1181 2565 ex
1213 2517 1333 2564 omni
1367 2519 1516 2582 operis

74 2587 274 2633 instituto
309 2592 508 2634 versatur
541 2588 586 2633 in
623 2585 877 2649 castiganda
911 2585 1102 2632 dictione
1136 2585 1317 2632 Latina.
1389 2587 1514 2646 Quae

72 2654 179 2701 licet
214 2654 267 2699 ab
303 2655 500 2701 omnibus
536 2654 690 2700 merito
725 2653 1001 2716 praedicetur
1033 2659 1216 2716 propter
1251 2653 1512 2716 exquisitam

73 2721 353 2783 elegantiam,
382 2722 586 2768 eximiam
609 2728 894 2780 venustatem,
927 2720 1077 2766 miram
1108 2722 1346 2767 ubertatem
1376 2722 1515 2769 alias-

75 2804 157 2852 que
192 2789 404 2850 virtutes,
447 2805 553 2853 quas
584 2804 838 2836 enumerare
881 2789 1060 2850 longum
1096 2793 1190 2850 est,
1237 2794 1382 2837 tamen
1424 2806 1513 2838 non
