1778 3096
492 135 594 175 LIB.
629 134 742 175 XVI.
803 134 922 174 CAP.
954 135 1024 174 ΙΙΙ.
1401 135 1483 176 363

45 245 159 283 aetati
188 245 490 284 convenientiora
519 241 707 292 curarem,
736 258 833 284 nunc
862 252 903 284 ut
926 244 1115 284 consulam
1147 242 1281 282 studiis
1310 243 1369 283 M.
1399 244 1482 282 An-

43 299 215 354 tonii*),
248 301 308 351 qui
337 307 468 338 natura
491 301 617 338 fratris
647 302 720 338 mei
748 301 844 338 lilius
872 307 944 346 est,
970 301 1127 338 caritate
1156 307 1194 338 et
1223 299 1485 338 benevolentia

44 368 175 401 meus,
211 356 451 401 Terentium,
494 369 641 393 amores
671 356 756 393 olim
794 368 838 393 ac
868 355 1023 393 delicias
1054 369 1181 401 meas,
1224 368 1329 392 sumo
1367 355 1486 392 iuter-

45 408 129 447 dum
160 411 198 447 in
227 423 373 456 manus,
395 411 550 461 eiusque
577 411 719 448 fabulas
750 423 832 448 cum
861 411 1021 460 optimae
1052 412 1132 461 spei
1162 410 1319 461 puerulo
1350 422 1485 459 magna

45 477 129 502 cum
159 464 272 502 animi
294 465 366 503 mei
393 466 580 516 voluptate
603 478 797 516 percurro.
843 464 1011 515 Reperio
1038 473 1162 502 autem
1187 464 1231 502 ad
1260 477 1344 502 oras
1371 465 1486 502 libro-

45 532 126 557 rum
155 531 320 557 meorum
349 527 475 558 notata
507 521 703 566 nonnulla,
742 532 836 570 quae
865 519 1036 557 fortassis
1067 534 1140 557 non
1169 521 1316 570 ingrata
1345 520 1487 557 fuerint

45 573 144 611 illius
171 577 306 625 poe’tae
335 576 578 615 amatoribus.
629 576 822 623 Quaedam
851 575 980 625 igitur,
1011 581 1050 611 ut
1080 575 1157 612 fors
1188 575 1300 621 feret,
1335 587 1383 612 ex
1411 574 1486 611 illis

45 628 83 665 in
113 628 180 666 hos
217 629 335 667 libros
375 632 564 677 referam,
601 631 633 668 si
668 631 727 668 cui
764 630 860 667 forte
899 637 963 667 aut
997 630 1080 666 usui
1115 636 1179 667 aut
1214 629 1487 667 oblectamento

47 695 132 720 esse
164 685 320 734 possint.
371 685 431 724 Ac
448 686 528 738 Μ)
562 686 632 723 alia
663 683 810 736 quidem
841 685 955 722 alias:
990 697 1086 722 nunc
1116 697 1163 722 ex
1182 683 1365 735 Adelphis
1394 685 1487 721 haec

45 750 185 788 pauca,
216 753 309 790 quae
339 739 384 777 ad
412 754 557 778 manum
588 748 688 778 sunt.
753 740 898 778 Demea
928 753 1008 778 cum
1041 738 1207 777 audisset
1235 752 1281 776 ex
1312 739 1489 788 Hegione

47 790 93 830 de
121 792 315 886 Izlamphila
351 795 530 847 gravida,
565 795 805 834 conturbatus
842 808 962 846 neque
1000 795 1140 833 habens
1177 793 1265 847 quid
1298 793 1398 832 aliud
1427 806 1489 833 re-

47 859 139 899 spon
169 857 266 897 eret,

270 918 470 963 Fratrem,
501 917 622 970 inquit
634 912 759 969 *⁷7⁶*ss
790 918 1027 962 conveniam,
1058 917 1193 967 Hegio.

179 972 218 1010 Is
247 974 349 1022 quod
372 974 468 1011 mz'lzz‘
493 974 539 1012 de
567 974 640 1011 lzac
666 984 711 1010 re
739 972 891 1010 dederit
910 973 1127 1018 consillum,
1158 972 1201 1009 z'd
1224 981 1377 1021 sequar.

49 1043 128 1084 Sed
157 1048 340 1099 quomodo
370 1051 444 1097 ait,
477 1057 689 1089 secuturum
718 1061 760 1087 se
790 1047 828 1086 id
859 1049 1070 1095 consilium,
1103 1046 1201 1099 quod
1230 1059 1344 1097 super
1373 1057 1419 1083 ca
1447 1056 1491 1082 re

49 1103 169 1140 frater
197 1102 375 1143 dederit?
414 1106 477 1143 An
506 1105 717 1150 nesciebat,
749 1103 921 1155 quicquid
949 1103 1148 1142 libidinose
1178 1110 1215 1141 ct
1242 1103 1494 1152 intemperan-

50 1164 111 1196 ter
149 1157 294 1197 faceret
327 1160 566 1206 Aeschinus,
604 1159 650 1198 de
681 1159 861 1197 Micionis
898 1160 927 1196 si
972 1172 1045 1196 non
1083 1158 1265 1203 consilio,
1309 1163 1348 1194 at
1388 1161 1493 1193 certe

49 1213 234 1264 permissu
274 1214 374 1253 illius
414 1229 458 1253 ac
503 1217 692 1254 voluntate
732 1214 844 1252 ficri?
898 1213 1052 1252 Deinde
1085 1213 1230 1250 diceret
1265 1211 1407 1262 potiuS,
1451 1222 1493 1247 se

49 1274 241 1306 auctorem
271 1282 316 1307 ac
354 1283 547 1307 suasorem
578 1270 686 1308 fratri
718 1270 825 1315 fore,
866 1268 954 1319 quid
983 1269 1102 1318 ipsum
1132 1280 1153 1305 e
1181 1280 1223 1305 re
1252 1273 1336 1303 nata
1367 1266 1495 1302 facere

51 1330 265 1373 oporteret:
296 1337 368 1362 non
395 1331 624 1369 secuturum,
657 1323 754 1374 quod
784 1324 847 1361 ille
877 1324 1076 1361 suasisset.
1127 1322 1262 1372 Neque
1293 1321 1390 1359 enim
1416 1319 1497 1357 De-

52 1391 184 1424 meae,
223 1378 289 1417 sed
315 1379 476 1417 Micioni
507 1379 553 1417 de
582 1379 645 1416 illo
679 1379 832 1429 negotio
863 1377 1049 1416 statuendi
1079 1384 1242 1428 potestas
1273 1382 1368 1414 erat.
1415 1374 1497 1412 Ne-

53 1446 124 1484 que
150 1434 206 1478 is,
253 1434 315 1485 qui
346 1436 487 1486 negotii
524 1435 680 1472 alicuius
718 1434 942 1485 praecipuus
981 1439 1039 1471 est
1068 1433 1232 1479 arbiter,
1275 1431 1374 1468 solet
1411 1430 1495 1467 aliis

53 1488 247 1527 consilium
286 1488 400 1536 dare,
440 1489 538 1541 quod
571 1496 795 1540 sequantur:
836 1488 901 1526 sed
933 1490 1015 1539 ipse
1053 1489 1176 1538 potius
1214 1487 1370 1524 aliorum
1410 1497 1496 1522 sen-

53 1543 191 1581 tentias
220 1545 443 1595 exquirere,
481 1552 520 1583 et
554 1544 652 1595 quod
688 1545 864 1594 optimum
903 1544 1003 1581 factu
1031 1544 1152 1581 visum
1190 1542 1326 1587 fuerit,
1369 1540 1494 1591 sequi.

55 1598 164 1645 Quae
199 1611 281 1636 cum
310 1600 361 1637 ita
391 1600 484 1646 sint,
515 1613 590 1637 non
623 1598 772 1645 dubito,
805 1599 892 1650 quin
922 1605 1021 1636 totus
1051 1598 1112 1636 ille
1141 1610 1296 1642 versus,
1328 1597 1367 1634 Is
1398 1594 1499 1646 quod

54 1655 159 1699 milei,
191 1666 238 1691 ex
267 1654 337 1691 hoc
367 1654 451 1693 loco
481 1652 746 1706 expungendus
774 1654 822 1691 sit
837 1653 910 1707 †)
942 1660 984 1691 ut
1006 1660 1083 1691 tota
1110 1652 1307 1705 responsio
1326 1650 1496 1689 Demeae

56 1709 294 1748 contineatur
320 1709 378 1747 his
407 1710 526 1748 tribus
555 1709 699 1756 verbis,

330 1807 385 1814 —
412 1788 589 1825 Fratrem
618 1788 830 1825 conveniam
841 1814 855 1833 ,
885 1788 1005 1838 Hegio
1018 1803 1030 1824 .-

56 1869 98 1900 ut
126 1864 314 1902 sententia
341 1865 415 1902 sit:
449 1862 534 1914 Ego
565 1864 632 1902 tibi
658 1865 718 1902 hic
747 1863 846 1902 aliud
875 1864 968 1902 nihil
996 1869 1191 1915 praestare
1215 1874 1387 1913 possum,
1418 1859 1501 1899 He-

57 1919 143 1968 gio,
177 1919 251 1956 nisi
283 1927 321 1957 ut
355 1933 436 1957 cum
467 1920 584 1958 fratre
618 1921 820 1971 colloquar.
880 1919 966 1957 Scis
997 1919 1121 1964 enim,
1165 1917 1397 1956 Aeschinum
1426 1929 1500 1953 non

57 1975 96 2011 in
124 1987 206 2011 mea
235 1982 418 2025 potestate
447 1987 556 2021 esse,
586 1974 651 2013 sed
675 1976 710 2012 in
738 1975 850 2012 illius.
899 1975 986 2012 Hoc
1016 1982 1053 2012 et
1080 1975 1251 2012 Donatus
1282 1972 1499 2010 confirmat:

58 2029 164 2067 cuius
191 2029 284 2067 haec
312 2030 427 2068 verba
452 2036 562 2068 sunt:
606 2032 784 2069 Vultuose
806 2031 1136 2081 pronunciandum
1164 2031 1234 2067 lzoc
1265 2028 1365 2078 quod
1392 2027 1503 2064 addi-

57 2084 139 2131 dic,
164 2086 343 2124 HEGIO:
376 2086 489 2136 quasi
511 2086 638 2132 dieat,
668 2088 712 2124 In
742 2098 854 2124 manu
873 2085 1022 2138 fratris
1048 2092 1108 2123 cst
1132 2085 1397 2128 constitutum,
1427 2094 1501 2119 non

57 2152 154 2177 mea.
214 2141 387 2178 Tralatus
415 2147 538 2178 autem
565 2140 637 2179 huc
667 2147 727 2179 est
754 2154 888 2180 versus
918 2141 982 2180 ille
1011 2153 1058 2179 ex
1086 2140 1330 2185 Phormione,
1360 2137 1424 2176 ubi
1451 2137 1503 2174 ita

57 2193 220 2246 loquitur
244 2194 431 2248 Demipho
447 2194 554 2249 ††):

338 2297 389 2304 —
406 2273 545 2325 frater
571 2280 631 2312 est
655 2275 935 2325 exspectandus
962 2274 1067 2312 milei.

169 2328 209 2366 Is
235 2328 336 2379 quod
362 2330 457 2366 mz'lze'
483 2329 528 2366 de
557 2329 630 2368 hac
655 2342 699 2367 re
729 2329 832 2368 dedit
847 2327 963 2382 †††)
992 2328 1202 2373 consilium,
1232 2325 1274 2364 z'd
1300 2336 1454 2376 sequar.

61 2402 122 2442 Ita
159 2404 257 2442 enim
291 2406 400 2457 plane
434 2405 512 2445 illic
549 2419 693 2459 quoque
729 2405 930 2458 legendum
963 2404 1127 2445 videtur.
1186 2403 1231 2442 In
1270 2403 1334 2441 illo
1364 2408 1504 2447 autem,

63 2530 184 2604 569Ξέ
212 2531 260 2563 Cf.
280 2532 364 2562 infra
382 2533 437 2564 lib.
457 2532 554 2563 XVII.
574 2539 642 2568 cap.
662 2531 714 2563 2⁰.
743 2533 822 2570 opp.
843 2533 933 2563 Tom.
953 2533 977 2562 1.
998 2536 1070 2567 pag,
1089 2531 1154 2560 823
1169 2537 1220 2567 sq.
1252 2530 1341 2560 Tom.
1361 2529 1414 2559 IV.
1434 2533 1507 2564 pag.

140 2618 208 2654 ste-2:¹0
230 2620 296 2647 scr.
317 2619 425 2654 Atque.

139 2667 234 2703 zzz-³:³³3)
253 2667 391 2702 Adelph.
412 2669 466 2697 111.
486 2667 516 2704 4,
536 2668 588 2697 53.

141 2713 188 2752 †)
208 2716 360 2745 Attamen
380 2715 545 2745 Bentleius
570 2722 631 2744 non
651 2714 828 2755 expunxit,
856 2715 918 2747 etsi
938 2715 1081 2747 Faernus
1101 2713 1258 2750 testetur,
1287 2717 1358 2742 eum
1376 2709 1409 2740 in
1426 2708 1509 2741 libro

64 2754 218 2784 Bembino
238 2756 337 2783 totum
357 2753 508 2783 defuisse.
547 2755 661 2782 FAESI.
898 2779 899 2784 ,

142 2800 215 2840 ἡ)
235 2803 273 2831 11.
295 2801 326 2839 4,
347 2800 397 2829 20.
417 2800 480 2836 (ai.
500 2802 554 2829 111.
574 2802 605 2838 3,
630 2800 711 2838 20.)⁸

143 2849 247 2889 ·'r††]
268 2849 497 2885 corrigendum
515 2850 643 2880 dederit.

1523 1652 1587 1684 38⁰
