1778 3096
167 1462 227 1493 351

261 122 344 166 336
826 120 954 163 VAR.
987 120 1141 162 LECT.

263 237 303 276 in
329 235 502 275 Latinum
541 245 749 272 sermonem
780 244 803 269 a
832 244 875 270 se
906 228 1109 270 conversas
1147 231 1288 271 addidit
1305 231 1374 286 21‘)‚
1416 245 1438 271 a
1469 244 1528 270 me
1565 230 1709 271 dissen-

261 293 361 330 tiens
396 291 597 329 Aemilium
640 285 847 326 defendere
895 295 1050 325 conatus
1092 295 1162 326 est.
1231 289 1298 326 Ait
1337 289 1459 334 enim,
1514 286 1708 326 Cimonem

261 348 406 400 pulsum
437 357 521 383 esse
552 345 588 382 in
619 344 784 388 exilium,
819 356 891 380 non
921 343 1017 394 quod
1048 356 1214 381 sororem
1245 343 1412 382 duxisset
1442 355 1612 388 uxorem,
1642 342 1710 381 sed

264 401 362 453 quod
392 413 437 438 ea
467 400 560 437 citra
583 399 728 448 nuptias
757 398 894 436 abusus
924 397 1167 436 crederetur:
1199 397 1307 449 idque
1333 412 1380 437 ex
1405 400 1494 450 ipsis
1515 398 1709 437 Plutarchi

261 456 391 494 verbis
433 454 557 503 colligi
598 465 732 502 posse,
782 453 812 488 si
852 453 932 503 quis
973 455 1151 490 attentius
1190 466 1234 491 ea
1277 454 1502 492 consideret.
1570 453 1707 501 Addit,

261 509 501 548 Athenaeum
531 508 624 545 libro
653 505 853 558 xll[.**)
898 508 966 545 hae
997 509 1076 559 ipsa
1112 507 1158 545 de
1190 521 1231 545 re
1272 509 1480 560 loquentem
1514 522 1587 546 non
1622 509 1709 546 sim-

261 566 413 617 pliciter
442 563 570 601 dicere
601 565 647 618 τῇ
677 560 826 616 ἀδελφῇ
857 560 1058 611 συνόντος,
1101 561 1166 599 sed
1197 562 1335 601 addere
1366 560 1621 616 παρανόμως,
1660 576 1709 601 ex

261 634 334 672 quo
364 620 522 669 intelligi
561 617 769 656 damnatum
801 618 1020 663 Cimonem,
1061 631 1133 654 nou
1166 618 1384 668 simpliciter
1412 619 1508 668 quod
1540 632 1622 657 cum
1653 619 1710 656 fo-

261 688 351 715 rore
380 687 556 726 germana
578 687 713 724 corpus
743 674 1053 719 commiscuisset,
1078 671 1144 709 sed
1171 672 1267 723 quod
1292 672 1330 710 id
1353 674 1509 711 fecisset
1528 672 1709 711 adversus

260 732 393 782 {egeS,
437 729 473 768 id
502 736 583 775 est,
617 730 828 780 priusquam
858 728 957 765 illam
987 741 1137 765 uxorem
1169 727 1337 766 duceret.
1396 727 1592 766 Postremo
1621 728 1710 766 Plu-

257 786 432 824 tarchum
467 791 597 836 aperte
636 783 733 821 idem
775 782 871 833 quod
911 783 1112 821 Aemilium
1156 783 1306 829 dicere,
1345 784 1407 834 qui
1444 784 1708 822 Themistoclis

260 843 337 880 filio
361 840 687 891 Mnesiptolemam
708 839 974 877 Themistoclis
998 840 1114 889 ipsam
1142 852 1303 890 quoque,
1329 838 1395 876 sed
1423 852 1470 878 ex
1498 839 1568 876 alia
1591 846 1708 876 matre

259 898 399 944 filiam,
442 909 488 934 ex
527 908 571 932 ea
609 894 881 932 consuetudine
924 896 1097 945 nupsisse
1137 892 1395 946 narret**³f“).
1462 893 1549 944 Ego
1585 901 1709 932 autem

259 966 335 991 n'on
377 965 477 990 eram
506 951 656 988 nescius
695 950 847 987 licuisse
875 948 1196 995 Atheniensibus,
1239 962 1389 987 sorores
1420 948 1552 987 eodem
1584 955 1707 1000 patre,

261 1007 347 1046 dum
378 1020 425 1045 ne
460 1006 589 1044 eadem
621 1012 765 1050 matre,
809 1012 914 1042 natas
951 1018 1090 1043 uxores
1129 1004 1283 1042 ducere.
1344 1003 1539 1042 Docuerat
1575 1017 1633 1042 me
1671 1002 1709 1042 id

256 1064 394 1103 »Theon
410 1061 487 1114 †),
530 1061 591 1112 qui
623 1061 660 1098 in
691 1060 858 1098 Nebulas
887 1058 1154 1111 Aristophanis
1184 1061 1235 1097 ita
1264 1059 1418 1097 scribit:
1461 1056 1553 1111 παρ’
1587 1056 1709 1110 Ἀθη-

257 1118 385 1165 ναίοις
413 1117 530 1165 ἔξεστι
557 1120 691 1168 γαμεῖν
719 1112 787 1162 τὰς
816 1115 858 1155 ἐκ
886 1118 963 1154 τῶν
995 1114 1168 1167 πατέρων
1196 1111 1374 1165 ἀδελφάς.
1433 1114 1606 1152 Sciebam
1638 1114 1708 1151 hoc

253 1175 481 1211 interfuisse
517 1173 615 1209 inter
655 1171 833 1209 Solonem
872 1178 910 1208 et
941 1170 1180 1222 Lycurgum,
1228 1170 1324 1222 quod
1364 1170 1427 1208 ille
1468 1166 1535 1216 τὰς
1565 1166 1710 1221 ὁμοπα-

256 1229 390 1282 τρίους
430 1228 569 1266 ducere
607 1229 854 1277 permiserat,
897 1226 958 1263 hie
995 1223 1063 1273 τὰς
1098 1223 1364 1278 ὁμομητρίους.
1422 1224 1616 1263 Docuerat
1650 1237 1708 1262 me

258 1285 300 1322 id*
318 1283 445 1329 Philo,
478 1284 583 1321 euius
611 1283 703 1319 haec
733 1280 936 1332 sunt††):
968 1278 1011 1319 ‘O
1039 1279 1106 1333 μὲν
1131 1277 1202 1320 οὖν
1221 1279 1434 1331 Ἀθηναῖος
1454 1277 1592 1320 Σόλων
1619 1276 1709 1330 ὁμο-

258 1339 445 1392 πατρίους
473 1336 594 1389 ἐφιεὶς
623 1334 788 1389 ἷὶγεσθαι
824 1332 892 1381 τὰς
922 1332 1180 1389 ὁμομητρίους
1212 1334 1423 1375 ἐκώλυσεν·
1462 1332 1483 1374 ὁ
1513 1333 1553 1374 δὲ
1582 1339 1709 1374 Λακε-

258 1394 469 1446 δαιμονίων
503 1392 721 1443 νομοθέτης
756 1391 935 1441 ἕμπαλιν,
976 1388 1045 1430 τὸν
1083 1391 1146 1430 ἐπὶ
1172 1395 1255 1437 ταῖς
1292 1387 1559 1444 ὁμογαστρίοις
1585 1387 1708 1443 γάμον

259 1448 488 1502 ἐπιτρέψας,
524 1446 593 1487 τὸν
620 1444 718 1500 πρὸς
744 1444 812 1492 τὰς
840 1443 1099 1499 ὁμοπατρίους
1127 1443 1298 1486 ἀπεῖπεν.
1355 1446 1408 1483 At
1443 1445 1488 1484 de
1516 1446 1706 1495 germanis

259 1505 452 1543 sororibus
493 1516 669 1554 nusquam
704 1502 777 1540 tale
817 1501 1010 1552 quidquam
1041 1502 1170 1551 legere
1200 1502 1457 1539 memineram.
1517 1501 1574 1538 Ita
1607 1501 1706 1539 enim

259 1573 409 1611 semper
437 1559 664 1603 existimavi,
693 1557 755 1607 qui
784 1556 915 1594 eodem
947 1564 1068 1609 patre,
1091 1555 1157 1593 scd
1186 1570 1258 1594 non
1290 1555 1420 1593 eadem
1444 1562 1560 1594 matre
1590 1556 1708 1607 geniti

258 1622 410 1662 essent,
441 1614 765 1664 consanguineos3
793 1612 854 1662 qui
884 1611 1014 1649 eadem
1045 1619 1187 1658 matre,
1221 1610 1287 1649 sed
1318 1625 1391 1649 non
1421 1610 1552 1648 eodem
1583 1617 1703 1663 patre,

256 1673 451 1717 uterinos3
495 1671 556 1721 qui
587 1667 719 1706 iisdem
758 1675 796 1705 et
831 1673 936 1718 patre
967 1674 1004 1705 et
1034 1675 1177 1714 matre,
1219 1666 1402 1704 interdum
1441 1666 1588 1717 quidem
1617 1680 1706 1704 eon-

258 1727 513 1777 sanguineos,
545 1724 611 1763 sed
643 1737 709 1762 suo
738 1736 780 1761 ac
812 1723 963 1774 proprio
993 1723 1171 1761 vocabulo
1201 1735 1401 1773 germanos
1429 1722 1570 1760 vocari.
1634 1721 1708 1760 Ita-

258 1795 330 1834 que
361 1794 481 1833 neque
512 1793 683 1832 umquam
713 1777 807 1830 apud
837 1777 1094 1816 Athenienses
1125 1791 1338 1829 germanam
1369 1790 1534 1815 sororem
1565 1776 1706 1815 habere

258 1839 297 1876 in
336 1837 571 1875 matrimonio
605 1836 734 1873 licuit:
777 1841 839 1880 et,
884 1834 916 1871 si
945 1832 1120 1885 Elpinice
1156 1833 1434 1883 consanguinea
1470 1839 1610 1870 tantum
1641 1831 1705 1870 Ci-

257 1894 379 1932 monis
419 1893 513 1938 fuit,
555 1905 628 1929 non
671 1891 781 1928 etiam
823 1886 1073 1942 όμομήτριος.·
1117 1889 1175 1927 bis
1216 1889 1356 1927 erravit
1393 1888 1602 1941 Aemilius,
1642 1887 1704 1938 qui

258 1962 340 1987 eam
376 1960 590 1999 germanam
630 1946 746 1998 ipsius
788 1958 955 1982 sororem
997 1946 1114 1983 fuisse
1151 1943 1259 1982 dixit.
1319 1944 1397 1982 Imo
1429 1956 1517 1982 vero
1552 1945 1583 1981 si
1614 1956 1703 1981 con-

258 2005 466 2053 sanguinea
494 2009 636 2040 tantum
669 2002 760 2047 fuit,
804 1999 932 2038 dicere
963 2002 1104 2046 ausim,
1147 2012 1315 2037 caussam
1348 2012 1421 2036 non
1452 1999 1594 2044 fuisse,
1637 2011 1705 2036 cur

257 2058 550 2097 Atheniensium
596 2057 741 2107 legibus
778 2054 910 2093 Cimon
958 2056 997 2093 in
1041 2056 1191 2094 exilium
1240 2055 1458 2105 pelleretur.
1529 2054 1704 2104 Stuprum

258 2115 380 2159 enim,
423 2126 495 2151 non
524 2113 704 2149 incestum
737 2111 886 2148 fuisset.
946 2110 1133 2148 Incestum
1163 2111 1195 2147 si
1225 2109 1373 2160 quidem
1404 2123 1474 2146 non
1507 2109 1704 2146 committi-

258 2176 320 2207 tur
349 2182 431 2206 eum
458 2180 525 2214 ea,
566 2180 671 2217 quam
701 2167 784 2217 quis
819 2165 957 2203 ducere
985 2179 1139 2203 uxorem
1169 2171 1305 2214 potest.
1368 2163 1445 2202 Sed
1475 2170 1578 2201 certe
1604 2164 1703 2202 veri-

259 2224 417 2262 similius
447 2230 525 2269 est,
556 2234 770 2273 germanam
800 2221 940 2258 fuisse:
973 2227 1010 2257 et
1043 2233 1087 2258 eo
1119 2221 1218 2257 illum
1248 2219 1447 2264 exulasse,
1495 2217 1593 2270 quod
1620 2232 1702 2256 eam

257 2275 489 2331 παρανόμως
517 2290 669 2315 uxorem
696 2275 833 2314 ducere
863 2288 975 2312 ausus
1009 2283 1122 2313 esset.
1168 2274 1266 2312 Nam
1295 2273 1386 2311 illud
1415 2273 1563 2324 quidem
1591 2287 1701 2324 argu·

258 2342 422 2374 mentum
460 2346 508 2372 ex
540 2332 766 2378 Athenaeo,
818 2344 892 2369 non
924 2331 1042 2369 fuisse
1077 2329 1284 2369 additurum
1327 2325 1579 2382 παρανόμως,
1628 2329 1701 2367 nisi

257 2450 329 2484 ipse
349 2450 451 2485 errat,
480 2448 564 2482 quod
588 2454 700 2477 veram
719 2446 911 2481 potestatem
936 2445 1028 2475 vocis
1054 2451 1220 2482 yermanus
1245 2451 1308 2474 non
1332 2443 1415 2473 satis
1442 2444 1581 2475 tenebat.
1619 2443 1701 2475 Vide

257 2489 324 2518 lan.
344 2486 550 2521 Rutgersium
570 2487 644 2515 Var.
665 2487 750 2514 Lect.
771 2485 794 2512 1.
815 2484 845 2512 9.
884 2484 922 2512 D.
943 2484 983 2512 R.

333 2535 378 2571 -:::-)
399 2535 439 2564 ad
460 2534 523 2564 Vit.
545 2534 665 2563 Cimon.
685 2540 758 2569 pag.
778 2532 851 2562 481.

332 2583 402 2619 ³:³³3)
423 2589 494 2619 pag.
513 2582 585 2611 589.
605 2584 641 2611 E.

332 2632 427 2667 e::-=.·,:--::<-)
449 2631 602 2660 Themist.
623 2637 692 2665 cap.
712 2630 763 2659 32.
784 2635 856 2664 pag.
878 2628 948 2657 128.
971 2628 1006 2657 C.

333 2680 381 2718 ἦ)
402 2681 510 2709 Theon
530 2679 657 2708 Scholia
678 2678 709 2706 in
729 2679 881 2713 Aratum,
911 2675 1129 2710 Theocritum,
1158 2676 1190 2704 et
1209 2674 1414 2709 Apollonium
1433 2672 1607 2709 Rhodium,
1635 2679 1699 2701 non

258 2719 292 2748 in
318 2719 584 2754 Aristophanem,
614 2716 752 2751 scripsit.
798 2715 878 2744 Vide
912 2721 992 2749 quae
1022 2714 1162 2742 diximus
1193 2712 1226 2740 in
1254 2712 1458 2741 Praefatione
1493 2711 1534 2739 ad
1560 2712 1698 2743 Hesych.

259 2764 332 2792 pag.
353 2757 383 2785 9.
422 2756 461 2784 1).
483 2757 520 2784 R.
539 2769 577 2776 --
608 2754 719 2783 Eidem
739 2752 868 2782 Scholia
887 2751 918 2779 in
938 2752 1101 2786 Aristoph.
1122 2750 1231 2779 tribuit
1249 2752 1393 2779 Muretus
1412 2748 1495 2778 infra
1513 2747 1567 2776 lib.
1585 2748 1697 2777 XVffl.

258 2802 328 2831 cap.
351 2794 399 2823 16.
420 2795 503 2822 extr.
525 2795 557 2821 et
578 2793 627 2821 18.
650 2799 712 2820 non
732 2792 827 2826 longe
846 2790 885 2819 ab
906 2789 972 2818 init.
1010 2791 1122 2817 FAESi.
1143 2803 1178 2809 —
1216 2788 1286 2816 Vid.
1308 2789 1413 2818 Schol.
1433 2788 1475 2818 ad
1495 2793 1526 2816 v.
1548 2784 1638 2816 1374.

333 2839 407 2879 ἦ)
427 2842 476 2871 De
496 2840 627 2878 special.
648 2841 710 2876 leg.
730 2840 761 2876 S.
782 2838 812 2868 4.
832 2839 908 2870 Vel.
927 2839 965 2867 ΙΙ.
986 2844 1058 2874 pag.
1078 2837 1149 2867 303.
1170 2836 1219 2866 ed.
1240 2837 1346 2872 Mang.
