1778 3096
520 176 624 215 LIB.
657 176 788 216 XVII.
849 175 966 218 CAP.
999 178 1072 219 lv.
1441 178 1525 220 395

82 284 227 324 nobiles
252 286 386 336 vulgus
402 285 567 338 suimus.
619 286 708 324 Non
739 286 855 338 probo
885 286 975 325 illud
1003 288 1146 326 nobiles
1175 294 1287 338 atque
1319 288 1520 338 tgnobiles.

82 339 232 379 Ornare
269 342 365 379 enim
404 354 490 378 suos
521 342 690 388 volebat,
729 356 801 379 non
837 341 1069 393 deprimere3
1110 350 1148 381 et
1179 343 1249 380 hoe
1279 343 1396 394 ipsum
1438 344 1522 382 illos

81 395 234 442 urebat,
273 395 369 447 quod
399 396 569 434 homines
602 398 686 435 novi
716 404 754 434 et
783 397 966 448 ignobiles
999 397 1045 436 ad
1074 399 1325 448 gubernacula
1361 399 1522 437 civitatis

82 449 220 488 admoti
245 458 393 496 essent,
437 465 518 489 cum
551 453 642 503 ipsi,
690 452 750 503 qui
791 453 948 490 maxima
978 466 1026 490 ex
1065 461 1169 504 parte
1209 454 1353 492 nobiles
1396 461 1521 502 erant,

81 505 262 544 iacerent.
318 506 528 557 Proponam
564 508 782 558 scripturam
814 509 950 544 vetusti
980 509 1078 553 libri,
1112 521 1216 558 quem
1250 509 1385 556 habeo,
1415 512 1523 560 quam'

81 561 189 611 plane
218 574 343 599 veram
376 575 460 600 esse
491 564 684 600 existimo:
722 564 818 600 Nam
843 570 1042 613 postquam
1073 564 1287 613 respublica
1317 566 1354 602 in
1378 578 1525 615 pauco-

81 628 165 653 rum
188 619 413 667 potentiam,
439 620 497 656 ius
519 620 879 668 dominationemque
901 619 1097 663 concessit,
1129 632 1274 669 semper
1299 621 1376 657 illis·
1395 633 1521 670 reges,

82 672 300 709 tetrarchae
336 675 537 723 vectigales
576 687 674 711 esse.-
711 675 866 723 populi,
906 675 1080 711 nationes
1111 675 1298 724 stipendia
1329 676 1522 725 pendere.-

81 728 204 764 ceteri
229 740 354 765 omncs
381 730 550 774 strenui,
598 728 704 774 boni,
733 728 918 780 factiosi,
956 729 1151 779 gnobileS,
1195 731 1330 779 vulgus
1355 730 1521 782 ficimus.

80 782 277 820 Factiosos
314 783 398 820 olim
439 782 558 821 dictos
596 796 682 821 esse
717 784 896 834 impigros
934 791 971 821 et
998 791 1103 835 aptos
1139 783 1186 821 ad
1217 797 1279 821 res
1317 784 1522 834 gerendas,

82 849 174 887 quos
207 837 344 875 Graeci
376 838 626 891 δραστηρίους
655 847 810 885 vocant,
844 846 966 876 notum
998 847 1070 877 est.
1129 839 1258 890 Itaque
1290 847 1526 891 opponuntur

82 892 278 930 inertibus.
340 893 494 931 Plautus
507 893 574 947 ἢκ
608 896 758 944 Lingua
775 894 965 946 factiosi,
997 897 1138 933 inertes
1165 907 1296 945 opera.
1352 896 1526 934 Gnobiles

81 953 205 985 autem
245 961 311 998 pro
346 950 533 987 nobilibus
569 951 719 1000 antiquo
758 963 860 987 more
892 949 986 987 dixit
1013 950 1227 988 Sallustius.
1289 950 1354 989 Sic
1390 951 1526 1000 gnari-

77 1014 177 1051 gare
214 1001 388 1041 dicebant
426 1018 493 1055 pro
531 1002 806 1055 uarra7²e**).·
849 1006 902 1042 sic
937 1013 1098 1054 gnatos,
1143 1018 1320 1056 ἔπαυσε,
1361 1018 1523 1056 gnaros,

78 1065 216 1107 gnatos
254 1065 292 1096 et
328 1059 475 1099 similia.
545 1061 610 1099 Sic
655 1060 692 1097 in
730 1060 821 1100 XII.
864 1059 998 1098 tabulis
1013 1058 1138 1113 moe).
1188 1062 1295 1100 Ante
1333 1062 1525 1100 meridiem

81 1125 252 1152 caussam
276 1116 466 1164 gnoscitO.

592 1246 874 1286 CAPUT
927 1246 1010 1286 IV.

129 1328 268 1367 Plenus
297 1326 501 1379 auferendi
524 1328 634 1365 casui
658 1340 771 1377 saepe
803 1329 934 1365 Cicero
965 1327 1166 1373 adiunoeit,
1199 1333 1335 1365 contra
1365 1333 1479 1378 atque

623 1384 792 1421 Victoria
818 1383 980 1433 placuit.

82 1458 299 1524 QUIDDAM
336 1480 445 1520 valde
481 1482 658 1520 minutum
695 1495 739 1520 ae
780 1482 953 1533 pusillum
997 1481 1139 1518 notavit
1167 1480 1362 1518 Victorius
1404 1480 1527 1531 capite

80 1536 212 1576 XVII.
250 1537 337 1574 libri
375 1537 527 1576 XXVI.
563 1537 767 1575 Variarum
807 1537 1053 1574 Lectionum:
1108 1537 1323 1574 Ciceronem
1361 1549 1525 1587 semper,

81 1605 165 1630 cum
189 1599 330 1643 potest,
362 1593 592 1642 coniungere
619 1606 750 1630 nomen
776 1595 949 1643 plenus
978 1605 1060 1629 cum
1084 1593 1216 1642 patrio
1242 1593 1527 1642 generandique

82 1660 175 1685 casu
207 1647 319 1700 (haec
349 1648 448 1685 enim
477 1648 593 1698 ipsius
621 1648 736 1685 verba
758 1647 885 1698 sunt),
916 1659 1105 1698 nunquam
1131 1653 1253 1684 autem
1284 1659 1367 1684 cum
1399 1654 1526 1694 sea-to,

80 1704 159 1742 nisi
192 1704 414 1741 necessitate
453 1705 615 1753 quadam
651 1710 843 1741 coactum.-
892 1715 974 1740 cum
1013 1709 1135 1740 tamen
1170 1703 1243 1740 lzac
1278 1703 1402 1740 altera
1440 1715 1528 1741 con-

80 1760 290 1797 structione
330 1765 369 1797 et
399 1760 526 1796 Varro
568 1765 605 1796 et
644 1760 786 1797 Caesar
819 1764 991 1796 utantur.
1051 1757 1208 1794 Profert
1245 1764 1368 1795 autem
1407 1757 1527 1796 locum

81 1827 193 1852 unum
230 1826 279 1851 ex
313 1813 564 1851 Accusatione
579 1811 649 1866 †)‚
691 1814 754 1851 ubi
792 1812 930 1851 Cicero
963 1811 1008 1849 ab
1047 1812 1108 1850 illa
1150 1825 1217 1849 sua
1256 1812 1528 1852 consuetudine

82 1869 267 1915 recessit,
305 1869 357 1907 ita
387 1869 579 1907 scribens:
625 1870 767 1907 Verres
796 1869 1027 1906 ornamentis
1051 1866 1238 1918 sanorum
1274 1875 1388 1918 atque
1424 1869 1528 1919 oppi-

83 1926 216 1963 dorum
246 1925 389 1962 habeat
410 1926 561 1975 plenam
591 1924 751 1962 domum.
811 1922 889 1962 Sed
918 1936 1000 1961 eum
1031 1930 1200 1968 excusat,
1235 1923 1331 1974 quod
1362 1924 1528 1961 insuavis

82 1981 207 2019 futura
236 1987 317 2018 erat
343 1981 484 2025 oratio,
524 1980 555 2016 si
586 1978 743 2017 dixisset
771 1986 1095 2024 ornamentorum,
1128 1985 1282 2029 propter
1312 1977 1404 2016 duas
1438 1992 1529 2016 con-

81 2036 205 2086 tiguas
229 2048 342 2074 voces
371 2034 502 2072 eodem
534 2034 642 2072 modo
665 2034 897 2074 desinentes.
942 2033 1028 2083 Ego
1049 2034 1158 2071 aliam
1184 2047 1351 2071 caussam
1379 2033 1527 2081 adfero,

85 2090 209 2144 quod,
253 2091 285 2128 si
314 2090 469 2128 dixisset
506 2098 833 2136 ornamentorum,
872 2087 995 2128 videri
1037 2096 1183 2140 poterat
1219 2088 1367 2134 dicere,
1408 2090 1528 2127 tribus

83 2146 287 2198 generibus
317 2159 440 2184 rerum
469 2146 614 2197 plenam
646 2159 732 2184 esse
762 2145 901 2185 Verris
927 2144 1098 2190 domum,
1139 2145 1392 2190 ornamentis,
1429 2145 1527 2182 sanis

84 2209 124 2241 et
153 2201 312 2253 oppidis.
373 2200 468 2239 Nam
508 2202 539 2238 si
579 2202 670 2239 nihil
708 2200 807 2239 aliud
846 2200 1016 2239 obstabat
1048 2200 1248 2246 Ciceroni,
1288 2213 1396 2250 quam
1431 2198 1529 2250 quod

83 2258 137 2296 ait
165 2257 380 2303 Victorius,
425 2269 472 2294 ne
504 2257 601 2294 illam
639 2256 948 2295 consuetudinem
988 2269 1089 2294 suam
1132 2256 1336 2300 retineret,
1382 2262 1530 2306 poterat

84 2326 153 2364 pro
177 2314 327 2364 plenam
355 2311 482 2350 dicere
506 2311 684 2362 refertam
699 2311 800 2365 ††).
849 2310 927 2349 Sed
952 2325 1023 2349 non
1051 2311 1173 2348 solent
1195 2310 1299 2361 politi
1330 2316 1367 2348 et
1390 2309 1529 2348 eruditi

86 2368 290 2418 scriptores
329 2380 374 2405 ea
414 2368 586 2414 nomina,
632 2381 786 2419 quorum
823 2380 934 2405 unum
975 2380 1022 2405 ex
1059 2367 1132 2403 alio
1176 2365 1337 2416 pendet,
1383 2379 1454 2403 uno
1492 2372 1530 2403 et

85 2422 217 2462 eodem
247 2436 355 2469 casu,
386 2435 528 2473 genere
557 2436 604 2460 ac
633 2436 789 2461 numero
814 2435 978 2474 ponere:
1012 2421 1109 2472 quod
1136 2434 1182 2459 ea
1211 2433 1273 2459 res
1301 2420 1526 2472 ambiguam,

160 2555 204 2590 ³2³]
226 2555 373 2585 Bacchid.
394 2556 448 2583 ΙΙΙ.
467 2554 571 2591 6,13.
612 2553 659 2583 ef.
680 2556 817 2584 Turneb.
838 2554 977 2584 Advers.
997 2553 1052 2582 lib.
1073 2556 1111 2582 11.
1132 2560 1202 2590 cap.
1221 2553 1273 2584 30.

160 2603 229 2638 *tlt-J
249 2605 317 2632 Hoc
336 2603 461 2639 quidem
482 2603 627 2637 dubium,
648 2610 838 2639 quamquam
859 2604 953 2631 habet
973 2604 1100 2631 Festus.

162 2653 230 2663 ’’’’’’’’
200 2651 254 2688 ωε)
281 2652 343 2687 Ap.
364 2653 456 2681 Auct.
478 2652 517 2681 ad
539 2653 675 2680 Herenn.
698 2652 751 2681 lib.
770 2653 810 2680 11.
830 2658 899 2686 cap.
923 2651 969 2679 13.
991 2651 1022 2685 ς.
1046 2650 1096 2680 20.
1134 2652 1215 2679 Geli.
1237 2652 1274 2680 Ν.
1295 2651 1335 2680 Α.
1355 2649 1410 2680 lib.
1431 2651 1527 2681 XVH.

84 2697 156 2725 cap.
160 2663 206 2718 2
243 2690 307 2718 Sed
327 2690 410 2724 apud
439 2692 603 2723 utrumque
623 2688 738 2723 legitur
763 2696 782 2717 a
803 2689 900 2719 codd.
922 2689 1053 2717 conicito
1081 2689 1134 2716 vel
1155 2689 1314 2722 coniicito,
1345 2688 1409 2717 vid.
1431 2690 1531 2719 Orell.

84 2729 126 2758 ad
146 2730 176 2756 n.
196 2728 217 2756 1.
255 2728 335 2755 Illud
363 2729 500 2763 ynoscz'to
529 2729 591 2756 lac.
611 2727 814 2756 Raevardum
839 2725 1013 2755 coniecisse
1039 2725 1072 2754 in
1099 2727 1178 2755 libro
1198 2726 1356 2761 singulari
1384 2727 1424 2756 de
1451 2728 1529 2762 Leg.

85 2768 153 2797 xu.
173 2765 250 2794 Tab.
271 2766 366 2800 Brug.
391 2766 479 2794 1563.
507 2766 655 2794 observat
675 2764 823 2793 uaesiuS.

161 2813 206 2853 †)
228 2813 259 2841 in
279 2814 371 2843 Verr.
389 2813 443 2841 lib.
466 2814 518 2842 lv.
540 2820 608 2848 cap.
629 2814 679 2841 57.
700 2813 732 2849 S.
755 2812 825 2841 126.

160 2860 234 2900 ἦ)
254 2864 322 2890 Non
342 2862 423 2890 satis
443 2862 668 2896 circumspecte
688 2864 748 2890 hoc
769 2859 883 2889 dicitur
902 2866 922 2888 a
942 2861 1082 2895 Mure103
1111 2859 1219 2890 statim
1249 2860 1331 2891 enim
1361 2862 1434 2898 post
1458 2861 1517 2893 illa

88 2907 171 2937 quae
191 2906 289 2935 supra
308 2901 411 2929 allata
430 2902 519 2937 sunt,
542 2903 715 2936 sequuntur
735 2900 852 2928 v:e1ba
873 2898 963 2927 villas
982 2880 1128 2934 referias.
1167 2901 1278 2928 FAnsx.

1553 1596 1616 1628 415
