1726 3106
552 121 650 161 LIB.
681 121 751 162 111.
810 120 929 161 CAP.
960 120 1054 161 XX.
1469 117 1524 160 73

92 233 238 274 difficile
269 233 409 272 homini
446 234 483 271 in
513 232 711 271 Ciceronis
751 231 900 282 scriptis
941 230 1149 268 exercitato
1174 227 1328 274 videre,
1366 240 1524 279 quorsus

90 291 153 328 illa
188 290 285 328 dicta
323 295 463 326 essent.
530 287 626 326 Erat
655 288 753 325 enim
791 286 934 336 magnis
972 287 1070 322 inter
1106 284 1347 335 philosophos
1385 284 1526 333 agitata

91 344 387 383 contentionibus
419 344 609 393 quaestio:
651 348 823 393 possetne
853 341 935 392 quis
965 341 1003 378 in
1034 339 1227 377 tormentis
1261 339 1391 376 beatus
1421 350 1523 376 esse.

91 400 372 450 Theophrastus
418 398 558 435 dixisse
609 397 820 448 putabatur,
873 396 982 433 vitam
1029 395 1174 432 beatam
1218 394 1256 431 in
1294 399 1411 430 rotam
1452 405 1526 430 non

91 454 297 492 ascendere
313 453 374 505 i⁴³²).
436 453 553 490 Stoici
583 460 712 490 contra
740 450 973 502 pugnabant:
1011 456 1068 495 et,
1101 450 1160 500 qui
1191 447 1454 486 beatitudinem
1488 448 1527 484 in

91 510 170 547 sola
196 510 333 546 virtute
358 515 554 558 ponerent,
587 508 769 545 acerrime
799 504 1064 550 defendebant,
1095 505 1205 542 ctiam
1232 504 1268 540 in
1298 502 1527 540 saevissimis

91 564 379 614 asperrimisque
426 563 674 608 cruciatibus,
725 561 909 601 hominem
950 561 1084 597 virtute
1128 557 1333 610 praeditum
1377 557 1526 595 beatum
1548 565 1590 596 78

91 619 186 656 fore.
246 618 457 656 Utcbantur
485 625 605 655 autem
634 616 679 654 ad
717 629 797 654 eam
829 616 1050 653 sententiam
1082 612 1334 651 illustrandam
1372 619 1410 650 et
1440 612 1529 650 sub-

93 672 290 711 iiciendam
322 680 406 711 ante
435 673 561 710 oculos
590 671 743 723 quadam
775 671 959 720 imagine:
993 677 1033 706 ut
1061 668 1247 714 dicerent,
1278 681 1359 706 cum
1390 667 1528 705 chorus

92 729 172 779 ipse
202 729 375 766 virtutum
406 735 600 778 raperetur
624 726 667 764 ad
691 733 885 771 tortorem,
910 725 1052 762 beatam
1081 725 1192 760 vitam
1221 736 1294 760 non
1319 721 1529 760 subducere

93 796 155 829 se,
197 795 317 834 neque
347 796 498 820 manere
529 789 634 820 extra
663 782 822 827 ostium,
859 779 926 818 sed
957 780 1038 817 illas
1069 791 1187 830 usque
1217 778 1401 817 comitari·
1462 776 1530 815 Ci-

92 851 180 876 cero
206 839 319 888 igitur
346 845 407 876 aut
435 838 629 883 iustitiam,
661 844 722 874 aut
749 849 853 887 quam
884 835 989 872 aliam
1019 835 1211 879 virtutem,
1243 832 1310 870 sed
1334 832 1528 878 iustitiam,

93 901 267 944 utputo,
312 906 356 931 ea
391 893 437 930 de
472 893 602 943 quibus
638 893 760 942 agitur
797 891 910 928 verba
952 889 1135 928 ‹ilcentem
1177 889 1334 925 fecerat.
1394 886 1435 925 Id
1476 888 1531 924 ita

93 961 178 986 esse
218 949 459 998 cognoscitur
495 960 515 984 e
546 948 592 985 V.
626 946 919 984 Tusculanarum
935 944 1040 996 **),
1084 944 1145 982 ubi
1186 943 1321 981 Cicero
1358 943 1439 993 ipse
1479 943 1531 980 ita

93 1003 276 1053 loquitur:
312 1004 409 1052 Quid
436 1002 583 1052 igilur?
610 1003 739 1039 solane
761 1002 873 1039 beata
896 1002 973 1038 vita
1001 1012 1137 1050 quaeso
1167 1000 1394 1049 relinquitur
1417 1004 1532 1035 extra

93 1061 225 1096 ostium
255 1059 437 1108 limenque
474 1058 664 1101 carceris,
706 1069 786 1093 eum
816 1056 1050 1099 constantia,
1088 1055 1284 1104 gravitas,
1316 1051 1528 1104 fortitudo,

91 1114 275 1163 sapientia
311 1114 554 1162 reliquaeque
592 1112 750 1148 virtutes
787 1111 991 1159 rapiantur
1027 1109 1079 1145 ad
1119 1115 1321 1153 tortorem,
1372 1109 1533 1145 nullum-

92 1181 163 1220 que
179 1174 355 1204 recusent
375 1180 444 1204 nee
460 1167 774 1216 suppliefflmmee
792 1164 984 1201 dolorem?
1023 1162 1073 1199 Et
1092 1163 1127 1199 in
1147 1161 1276 1200 eodem
1298 1162 1392 1199 libro
1404 1159 1530 1213 ***):

91 1222 223 1268 Dabit,
255 1222 384 1267 dabit,
411 1223 585 1271 inquam,
614 1233 654 1257 se
683 1221 721 1257 in
751 1226 934 1256 tormenta
964 1219 1039 1255 vita
1070 1218 1203 1262 beata,
1235 1230 1303 1254 nee
1332 1218 1530 1262 iustitiam,

93 1279 401 1327 temperantiam,
439 1277 476 1313 in
507 1276 714 1325 primisque
737 1273 1031 1325 fortitudinem,
1070 1273 1363 1322 magnitudinem
1399 1273 1531 1317 animi,

88 1334 311 1383 patientiam
335 1337 565 1381 prosecuta,
608 1342 689 1366 cum
723 1330 880 1366 tortoris
908 1341 949 1365 os
977 1328 1132 1373 viderit,
1172 1329 1372 1372 consistet,
1414 1328 1534 1364 virtu-

94 1387 264 1437 tibusque
293 1386 462 1424 omnibus
486 1386 566 1422 sine
593 1386 667 1422 ullo
698 1385 816 1421 animi
841 1390 988 1421 terrore
1014 1383 1065 1419 ad
1093 1383 1303 1419 cruciatum
1325 1381 1531 1432 profectis,

94 1444 246 1480 resistet
273 1448 387 1479 eoetra
407 1438 544 1490 sores,
586 1446 628 1477 ut
656 1445 744 1476 ante
772 1440 877 1484 cliim',
921 1439 1104 1488 limenque
1132 1438 1314 1475 carceris,
1374 1436 1533 1474 Possem

94 1498 206 1534 multo
239 1497 342 1547 plura
382 1495 585 1544 colligere,
632 1505 725 1545 quae
768 1493 839 1531 hoc
877 1506 1005 1531 verum
1039 1504 1125 1530 esse
1161 1491 1424 1530 ostenderent:
1466 1489 1533 1529 sed

94 1552 187 1590 haec
215 1551 305 1589 satis
334 1562 419 1588 esse
447 1549 555 1588 duco.

171 1696 213 1733 ·³·'³·)
233 1697 296 1731 An.
318 1695 381 1725 Cie.
403 1695 530 1723 Tuscul.
550 1692 604 1722 lib.
625 1694 663 1723 V.
685 1700 752 1728 cap.
773 1692 801 1722 9.
823 1693 854 1728 ς,
876 1692 926 1724 24,
965 1694 1003 1722 In
1021 1699 1057 1721 eo
1082 1692 1202 1729 (libi-o}
1222 1693 1313 1722 etiam
1330 1691 1458 1729 putatur
1481 1691 1534 1723 di-

95 1742 182 1772 cere,
203 1736 235 1763 z'n
255 1735 356 1762 rotam
376 1735 496 1760 beatam
515 1733 607 1761 vitam
627 1738 690 1760 uon
708 1733 940 1770 escendere,
962 1730 1016 1760 ubi
1034 1731 1077 1761 al.
1097 1731 1275 1763 ascendere.

170 1781 235 1817 ⁴33³)
256 1789 324 1816 cap.
344 1782 374 1810 5.
395 1781 426 1815 §-
450 1782 497 1809 13.

171 1830 265 1867 ῑῑεειεειε)
286 1836 354 1866 cap.
374 1829 424 1859 28.
445 1828 477 1865 S.
495 1827 546 1858 80.
