1726 3106
531 140 634 179 Llss.
665 140 719 180 X.
780 138 898 178 CAP.
932 139 999 178 Vl.
1406 135 1488 177 219

554 248 842 288 CAPUT
895 248 978 289 Vl.

87 331 209 368 Locus
238 327 388 379 quidam
415 329 603 366 luvenalis
629 328 810 366 adversus
839 327 998 365 aliorum
1030 326 1190 365 omnium
1218 324 1442 363 sententium

650 384 879 422 declaratus.

46 462 218 519 MmUM
253 488 332 527 est,
380 487 514 532 quanto
553 494 668 531 opere
715 487 871 519 vexatus
912 481 962 518 sit
1001 480 1047 518 ab
1086 480 1298 518 hominibus
1332 476 1487 518 eruditis

47 550 178 575 versus
212 537 273 574 ille
303 536 489 574 Iuvenalis
519 550 540 574 e
571 537 707 589 Satyra
738 533 1016 588 undecima*):

157 615 233 664 Qui
255 615 589 652 Lacedaemoniam
614 615 833 665 pedeumate
865 612 1032 652 lubricat
1060 612 1212 650 orbem.-

47 698 86 727 ut
117 691 179 728 vix
207 691 301 728 ullus
331 691 402 728 iam
436 704 638 742 superesse
668 689 838 728 videatur
868 703 986 727 novae
1016 697 1079 727 aut
1108 686 1385 732 emendationi,
1426 692 1489 723 aut

48 747 349 797 interpretationi
388 746 505 783 locus.
574 746 737 784 Primum
776 746 874 783 enim
912 745 1099 782 Domitius
1114 742 1189 794 Μ)
1231 750 1268 780 et
1305 742 1368 779 alii
1404 753 1489 778 eum

48 802 166 838 secuti
193 804 398 851 pytismate
430 801 622 851 legerunt,
659 815 730 839 non
758 803 1008 852 pedeumale:
1051 812 1207 850 cumque
1238 795 1490 834 Lacedaemo-

47 857 145 893 nium
174 857 301 894 orbem
332 857 671 907 interpretarentur
702 857 892 903 annulum,
923 863 1097 907 putarunt
1131 855 1200 892 hoc
1232 866 1341 891 versu
1371 851 1491 902 signi-

46 912 151 949 ficari
180 911 329 950 divitem
363 911 584 958 delicatum,
619 913 679 963 qui
709 912 902 957 annulum,
943 925 1049 961 quem
1080 912 1116 948 in
1156 909 1272 960 digito
1303 913 1487 958 gestaret,

46 965 247 1004 identidem
277 967 495 1005 extraheret
521 975 702 1018 sputoque
732 967 910 1012 illineret,
942 974 980 1004 ut
1011 966 1168 1003 habilius
1197 972 1235 1002 et
1263 961 1490 1002 commodius

47 1023 191 1059 versari
215 1030 356 1072 posset.
417 1024 470 1060 At
495 1022 642 1060 Merula
659 1019 784 1072 ΜΚᾗς),
820 1022 1026 1059 saltationis
1046 1034 1165 1071 genus
1196 1032 1281 1057 esse
1312 1019 1487 1070 pytisma,

47 1089 117 1126 quo
147 1077 438 1115 Lacedaemonii
484 1085 702 1114 uterentur:
745 1076 856 1128 idque
893 1077 1001 1114 homo
1046 1078 1230 1126 ingenuus
1274 1075 1395 1111 fassus
1434 1078 1492 1110 est

47 1144 87 1169 se
120 1145 295 1182 nusquam
326 1133 484 1181 legisse,
517 1132 583 1170 sed
613 1133 663 1169 ita
694 1132 763 1169 sibi
794 1134 830 1169 in
863 1140 1023 1169 mentem
1053 1132 1222 1176 venisse,
1258 1137 1297 1166 ut
1324 1142 1367 1166 ea
1397 1140 1491 1179 quae

4 1180 8 1188 '
45 1188 284 1224 somniamus.
356 1189 509 1225 Tertius
547 1188 708 1225 accessit
749 1188 936 1237 Georgius
971 1186 1167 1238 Valla†),
1209 1185 1269 1235 qui
1308 1197 1388 1221 cum
1428 1196 1493 1233 pu-

44 1248 164 1288 taret,
207 1243 268 1279 vix
295 1243 387 1279 satis
426 1243 496 1279 sihi
528 1241 702 1280 decorum
729 1244 834 1286 fore,
874 1243 905 1278 si
935 1241 979 1278 ad
1013 1241 1078 1278 has
1116 1241 1245 1291 epulas
1279 1238 1492 1290 asymbolus

44 1297 205 1343 veniret,
237 1297 365 1335 orbem
387 1296 724 1334 Lacedaemonium
753 1296 923 1333 trochum
953 1309 1038 1334 esse
1068 1295 1162 1333 dixit
1185 1308 1204 1333 e
1229 1295 1316 1345 pinu
1337 1294 1491 1337 factum,

46 1365 140 1401 quae
172 1352 320 1390 Graece
351 1353 452 1403 pitys
486 1351 690 1389 diceretur.
750 1351 886 1389 Adhuc
916 1351 1007 1388 haec
1039 1358 1159 1396 erant,
1193 1364 1273 1388 cum
1305 1361 1395 1387 ecce
1426 1347 1493 1385 tibi

45 1407 155 1444 homo
185 1408 421 1445 acutissimus
457 1415 492 1445 et
525 1407 822 1453 cruditissimus,
856 1406 1061 1444 Politianus
1077 1405 1185 1459 ἦῆ),
1231 1405 1292 1456 qui
1329 1404 1492 1454 explosis

47 1463 208 1500 omnium
248 1464 480 1513 superiorum
513 1463 710 1500 sententiis
743 1464 976 1512 pe'tyllismote
1013 1461 1210 1512 legendum
1242 1461 1413 1497 censuit:
1455 1456 1494 1495 id

47 1519 144 1555 enim
169 1531 215 1555 cx
240 1517 380 1555 Galeno
397 1517 513 1569 †††)
547 1531 630 1555 esse
654 1518 936 1554 exercitationis
961 1530 1096 1567 geum,
1120 1530 1191 1568 quo
1215 1517 1251 1552 in
1273 1515 1491 1559 Laconicis,

48 1572 85 1610 id
116 1580 196 1618 est,
228 1574 265 1610 in
298 1573 525 1618 sudatoriis,
559 1579 776 1618 uterentur,
813 1579 995 1622 peruncto
1024 1573 1128 1622 prius
1160 1583 1341 1621 corpore.-
1380 1577 1492 1620 atque

47 1640 93 1666 eo
131 1627 335 1666 lubricandi
373 1627 524 1665 verbum
562 1628 767 1678 pertinere.
838 1626 889 1664 Et
926 1628 1099 1665 fortassis
1139 1627 1363 1664 obtinuisset
1401 1625 1494 1662 haee

40 1685 233 1721 sententia
264 1691 418 1734 propter
445 1696 621 1719 summam
650 1682 827 1720 Politiani
859 1682 896 1719 iu
926 1682 1062 1720 litteris
1091 1682 1376 1726 auctoritatem,
1421 1680 1495 1717 nisi

47 1738 402 1777 animadvertissent
447 1738 640 1783 homines,
692 1750 772 1775 eam
812 1751 894 1775 cum
936 1738 1006 1783 iis,
1058 1736 1103 1774 de
1146 1737 1277 1788 quibus
1324 1748 1369 1773 eo
1412 1735 1493 1772 loco

46 1794 235 1833 Iuvenalis
278 1800 432 1844 ageret,
489 1793 586 1830 nullo
626 1792 734 1829 modo
775 1793 999 1830 cohaerere,
1068 1791 1239 1830 Alciatus
1262 1789 1306 1841 ²²)
1346 1789 1494 1842 quidem

47 1863 130 1887 cum
162 1863 204 1888 se
235 1850 273 1887 in
302 1848 397 1886 idem
429 1847 517 1885 illud
546 1862 567 1886 a
596 1847 783 1885 Politiano
815 1855 1022 1886 extructum
1051 1847 1278 1885 sudatorium
1309 1846 1496 1884 coniecis-

50 1912 128 1950 set,
170 1912 209 1942 ut
242 1911 362 1942 tamen
394 1903 562 1942 adferret
590 1902 727 1954 aliquid
759 1905 870 1948 novi,
905 1911 1148 1954 pyreysmate
1177 1901 1373 1953 legendum
1407 1914 1496 1938 cen-

50 1962 151 2005 suit,
203 1973 298 1998 novo
345 1966 382 1996 et
420 1966 506 1997 ante
545 1960 664 2010 ipsum
705 1958 871 1996 inaudito
911 1959 1106 1997 vocabulo.
1178 1957 1311 1995 Extitit
1359 1955 1494 1994 deinde

49 2015 201 2053 Flavius
248 2013 395 2066 quidam
419 2012 520 2066 9κέκῇ),
580 2015 686 2051 cuius
731 2015 869 2065 scripta
918 2013 1079 2051 nondum
1127 2014 1162 2051 in
1218 2025 1346 2050 manus
1394 2024 1495 2049 meas

48 2077 248 2116 venerunt,
280 2071 341 2121 qui
372 2077 474 2107 ratus
503 2070 552 2106 sit
581 2067 779 2120 legendum
806 2077 1074 2120 poppysmate:
1107 2076 1144 2106 et
1172 2068 1274 2106 orbis
1300 2066 1496 2105 Lacedae-

50 2127 163 2163 monii
203 2127 350 2163 nomine
379 2125 607 2162 intellexerit
644 2121 713 2163 τὸν
740 2128 975 2177 σφιγκτῆρα,
1016 2137 1160 2162 versum
1190 2124 1286 2161 hunc
1315 2121 1361 2160 ad
1391 2123 1495 2160 nefa-

51 2182 143 2219 riam
174 2180 362 2219 libidinem
394 2179 632 2218 referendum
664 2187 817 2230 putans:
850 2179 945 2230 quod
975 2179 1063 2217 mihi
1098 2178 1245 2231 quidem
1272 2178 1496 2216 absurdissi-

51 2250 147 2274 mum
187 2244 226 2275 et
256 2250 277 2274 a
309 2239 439 2288 po’e‘tae
480 2236 666 2274 sententia
701 2236 970 2274 alienissimum
1012 2234 1173 2273 videtur.
1233 2234 1394 2272 Secutus
1438 2240 1497 2271 est

125 2364 168 2399 ξε)
188 2370 220 2392 v.
244 2363 313 2392 173.

127 2413 195 2446 *ziz-3
227 2414 315 2440 nom.
345 2409 533 2440 Camerinus
561 2410 592 2438 in
620 2410 695 2439 edit.
722 2412 831 2440 iuven.
869 2418 939 2439 cum
968 2410 1067 2439 tribus
1097 2412 1261 2440 comment.
1294 2411 1375 2440 Veu.
1404 2409 1495 2439 1492.

53 2458 125 2487 pag.
147 2452 267 2479 CLVII.
288 2457 317 2478 a.
358 2451 405 2477 lje
426 2456 463 2476 eo
486 2448 548 2476 vid.
571 2449 610 2477 A.
634 2448 725 2477 Polit.
745 2449 882 2477 Miscell.
904 2456 971 2483 cap.
993 2449 1022 2478 9.
1063 2451 1175 2477 FAEst.

127 2497 220 2532 -222252220
242 2497 396 2532 Georgius
418 2497 551 2531 Merula,
573 2497 624 2531 qui
646 2504 713 2526 cum
736 2497 990 2526 enarrationibus
1011 2497 1108 2526 edidit
1130 2499 1240 2527 luven.
1261 2496 1388 2525 Tarvis.
1406 2495 1497 2524 1478.

55 2537 132 2565 Veu.
155 2536 223 2563 eod.
243 2542 272 2563 a.
293 2539 326 2564 et
347 2534 486 2569 saepius.
527 2536 636 2563 FAESI.

130 2583 175 2621 ἡ)
197 2582 228 2610 in
249 2582 386 2611 editione
406 2582 568 2611 luvenalis
588 2590 657 2611 cum
677 2583 747 2612 trib.
768 2585 935 2613 comment.
957 2589 1028 2618 pag.
1050 2583 1172 2613 CLVII.
1194 2583 1224 2613 6.
1263 2586 1374 2612 ΕΛΕεῐ.

131 2630 204 2668 ·'s-{·)
224 2630 398 2673 Miscellan.
424 2638 494 2665 cap.
515 2632 565 2659 38.
606 2631 669 2659 Sed
699 2631 737 2659 cf.
765 2631 861 2662 etiam
886 2632 927 2660 A.
948 2632 1042 2661 Polit.
1074 2633 1108 2661 et
1135 2633 1176 2660 al.
1208 2631 1304 2661 viror.
1330 2631 1375 2660 iu.
1395 2630 1496 2668 Epist.

56 2669 156 2700 Basil.
181 2669 269 2697 1522.
291 2669 344 2695 hb.
366 2670 419 2697 XI.
441 2676 489 2703 ep.
509 2669 530 2697 6
551 2671 581 2697 et
604 2669 651 2697 10.
690 2672 803 2698 FAEsn

133 2722 233 2761 †††]
251 2713 439 2760 ιΥγιεινῶν
458 2724 511 2752 lib.
532 2725 570 2753 11.
591 2725 679 2753 Tom.
700 2725 753 2753 1v.
774 2732 846 2760 pag.
867 2724 938 2754 241.
959 2732 990 2754 v.
1013 2724 1064 2754 40.
1085 2724 1133 2752 ed.
1156 2725 1232 2752 Bas.

131 2772 174 2806 we)
194 2774 322 2807 Parerg.
345 2774 405 2801 Iur.
427 2774 479 2801 Vl.
499 2773 528 2801 3.

58 2820 213 2894 pagg-3⁵7}
231 2821 300 2849 vid.
330 2823 462 2851 Ptolom.
493 2820 599 2850 Flavii
626 2820 807 2852 Coniectan.
835 2827 904 2857 cap.
929 2819 980 2849 52.
1011 2819 1043 2849 in
1073 2819 1198 2849 Gruteri
1225 2821 1335 2856 Lamp.
1365 2822 1453 2851 Tom.
1473 2824 1496 2851 1.

1517 1023 1580 1055 23⁰
