1726 3106
98 1736 139 1764 42

135 126 192 169 3⁹3
706 126 835 170 VAR.
867 128 1023 171 LECT.

390 239 544 278 Natura
572 237 746 277 Immanis
773 241 896 279 omnia
924 247 1016 279 sunt
1035 242 1165 292 paria.

339 296 415 345 Qui
435 300 524 344 pote
547 295 662 344 plus,
692 302 830 346 urget:
864 297 990 347 pisces
1017 303 1061 334 nt
1087 310 1197 348 saepe
1224 297 1388 335 minutos

393 351 557 399 Magnu’
587 357 751 389 comest.-
789 359 832 390 ut
861 365 947 389 aves
975 359 1106 390 enecat
1135 354 1332 403 accipiter.

146 423 241 463 Eam
272 433 395 463 autem
436 439 521 464 esse
553 427 590 463 in
620 427 785 477 piscibus
822 428 1034 474 feritatem,
1073 435 1113 466 ut
1148 430 1183 466 in
1216 442 1333 480 genus
1373 441 1478 466 suum
1510 441 1593 466 sae-

146 482 271 526 viant,
317 482 418 519 multi
459 482 619 532 optimae
656 490 766 521 notae
806 491 979 522 auctores
1022 483 1288 534 prodiderunt:
1330 491 1371 522 ut
1400 484 1594 536 Oppianus

149 536 245 574 libro
276 535 439 574 secundo
467 533 709 578 Ἀλιευτικῶν
722 536 790 592 *)‚
818 540 876 577 his
903 539 1100 577 versibus:

252 609 403 664 Ἰχθύσι
432 610 465 653 δ’
497 611 584 654 ούτε
611 615 701 667 δίκη
731 616 1002 684 μεταρίθμιος,
1032 613 1119 656 ούτε
1144 632 1201 664 τις
1228 612 1360 665 αἰὸως,

264 666 323 707 Οὐ
354 667 522 721 φιλότης.
581 668 734 718 Πάντες
759 669 832 724 γὰρ
860 668 1037 710 ἇνάοσιοι
1068 669 1286 723 ἀλλήλοισιν

261 724 472 775 Δυςμενὲες
497 723 705 766 πλώουσιν.
761 725 805 766 O
833 725 874 766 δὲ
889 725 1176 795 κοατερώτερος
1203 727 1279 767 αἰει

261 778 423 819 Δαίνυτ’
454 778 739 848 ἆμαυροτέρους
754 782 844 850 ἡβᾷ).
889 779 1017 836 ’Ἄλλῳ
1048 779 1082 821 δ’
1116 780 1330 847 ἐπινήχεται
1349 777 1469 828 ἄλλος

265 833 464 887 Πότμον’
451 849 572 890 αγων·
602 835 727 889 ἕτερος
753 834 790 876 δ’
821 836 933 893 ἓτέοῳ
958 824 1151 890 πόρσυνεν
1177 833 1338 889 ἐδωδήν.

154 917 289 968 Neque
319 926 458 957 tantum
487 933 508 957 a
533 920 734 958 maioribus
765 920 949 968 minores,
979 919 1044 958 sed
1068 920 1251 959 interdum
1272 933 1417 972 quoque
1441 920 1602 958 maiores

156 987 178 1010 a
216 974 418 1011 minoribus
453 982 533 1012 arte
571 976 740 1026 superari
781 988 825 1014 ac
872 976 997 1013 vorari
1035 975 1159 1014 docet.
1228 976 1418 1013 Homerus
1457 987 1604 1027 quoque

156 1029 342 1066 Troianos
371 1029 558 1068 Achillem
589 1031 777 1081 fugientes
807 1038 1000 1082 comparat
1028 1031 1190 1082 piscibus
1222 1030 1395 1082 delphina
1426 1031 1606 1081 fugienti·

157 1083 252 1131 hus,
285 1098 331 1122 nc
362 1085 408 1122 ab
439 1087 520 1137 ipso
551 1093 743 1124 vorentur.
804 1085 951 1125 Versus
982 1087 1098 1137 ipsius
1129 1094 1214 1124 sunt
1245 1086 1384 1124 Iliados
1416 1085 1600 1138 Φωκῆς

267 1158 335 1209 Ὡς
362 1158 398 1201 δ’
433 1159 512 1203 υπὸ
544 1162 722 1214 δελφῖνος
749 1160 978 1231 μεγακήτεος
1008 1160 1140 1231 ἰχθύες
1168 1159 1276 1203 ἄλλοι

271 1214 481 1283 Φευγοντες
507 1223 698 1285 πιμπλασι
724 1216 866 1271 μυχοὺς
891 1218 1039 1270 λιμένος
1067 1216 1248 1272 εὖόομου,

268 1270 486 1320 Δειὸιότες·
515 1271 614 1325 μάλα
641 1291 712 1327 γαρ
741 1289 780 1313 τε
807 1276 1002 1314 κατεσθίει
1028 1273 1075 1314 όν
1103 1289 1146 1314 κε
1174 1271 1357 1326 λάβησεν·

258 1324 336 1374 Ὼς
369 1332 496 1380 Τρῶες
522 1334 708 1381 ποταμοῖο
738 1326 836 1369 κατὰ
864 1331 1004 1370 δεινοῖο
1032 1329 1174 1383 ῥέεθοα

270 1385 459 1423 Πτῶσσον
488 1381 564 1424 υπὸ
596 1382 802 1438 κοημνούς.

161 1459 238 1499 Sed
269 1468 307 1499 et
336 1460 430 1512 apud
462 1460 660 1500 Aelianum
698 1463 884 1514 principio
918 1462 1096 1500 librorum
1133 1460 1180 1499 de
1209 1460 1327 1499 Varia
1358 1459 1538 1506 historia,
1569 1466 1609 1497 ct

161 1515 258 1567 apud
286 1516 530 1555 Aristotelem
560 1517 657 1555 libro
687 1517 797 1557 VIII.
828 1519 875 1556 de
904 1518 1052 1556 Natura
1083 1518 1295 1555 animalium
1312 1516 1390 1570 †),
1427 1514 1609 1567 quaedam

161 1571 261 1610 idem
290 1573 549 1611 confirmantia
576 1573 766 1625 leguntur.

689 1725 974 1766 CAPUT
1029 1725 1083 1765 X,

163 1817 411 1866 Iugurtham,
455 1829 536 1854 cum
567 1817 603 1854 in
634 1816 821 1866 triumpho
853 1815 988 1852 (luctus
1016 1821 1136 1860 esset,
1171 1815 1341 1865 desipere
1368 1827 1416 1853 ac
1444 1816 1612 1854 delirare

488 1873 666 1923 coepisse.
722 1871 925 1910 Plutarchi
947 1871 985 1908 2'72
1014 1871 1143 1909 Mario
1172 1871 1290 1909 loeus.

163 1971 245 2028 De
284 1991 319 2029 vi
349 1990 490 2029 doloris
518 1990 716 2037 Venetiis‚
765 2004 897 2042 magna
939 1992 1094 2042 stipatus
1133 1990 1383 2029 studiosorum
1423 1991 1608 2029 hominum

164 2060 327 2093 corona,
366 2045 563 2098 aliquando
592 2045 846 2096 disputabam:
888 2060 1044 2097 cumque
1077 2046 1164 2083 mihi
1194 2048 1446 2093 occurrisset,
1487 2054 1527 2084 ut
1556 2047 1610 2084 di-

166 2115 316 2148 cerem,
355 2115 400 2140 co
431 2102 585 2148 dolore,
627 2115 732 2152 quem
765 2114 786 2139 e
827 2103 971 2152 magnis
1013 2102 1229 2139 infortuniis
1265 2109 1303 2139 et
1339 2102 1610 2139 calamitatibus

166 2158 336 2195 homines
365 2164 559 2208 caperent,
591 2164 751 2194 mentem
777 2170 921 2207 quoque
951 2158 1068 2207 ipsam
1095 2170 1209 2207 saepe
1241 2156 1403 2203 turbari3
1435 2157 1610 2208 adigique

165 2213 212 2250 ad
243 2214 421 2250 insaniam
452 2226 543 2257 eos,
583 2213 644 2262 qui
675 2220 784 2249 antea
815 2213 888 2249 cati
920 2212 956 2249 in
988 2212 1116 2263 primis
1147 2219 1184 2249 et
1223 2212 1396 2249 sollertes
1427 2213 1608 2250 fuissent:

167 2282 249 2306 cum
279 2269 373 2305 alios
413 2268 623 2318 complures
654 2268 866 2311 nominavi,
907 2268 1039 2318 quibus
1070 2266 1107 2304 id
1140 2268 1385 2317 contigisset,
1426 2275 1499 2305 tum
1530 2267 1614 2304 Nu-

167 2323 347 2361 midarum
375 2337 504 2374 regem
533 2323 765 2372 Iugurtham.
825 2322 919 2359 Eius
949 2329 1070 2360 autem
1097 2323 1152 2360 rei
1180 2330 1313 2360 testem
1345 2329 1454 2372 atque
1482 2330 1612 2360 aucto-

167 2392 245 2416 rem
277 2378 422 2417 laudavi
453 2378 693 2416 Plutarchum
725 2378 759 2415 in
791 2377 931 2416 Mario.
991 2377 1181 2415 Postridie
1210 2378 1292 2415 eius
1321 2376 1398 2416 diei
1435 2379 1536 2415 venit
1564 2377 1612 2415 ad

167 2448 225 2473 me
267 2447 361 2472 unus
391 2447 536 2480 eorum,
570 2435 630 2484 qui
662 2434 826 2471 sermoni
858 2434 908 2470 illi
939 2433 1210 2480 interfuerant,
1247 2433 1357 2470 homo
1386 2439 1424 2469 et
1454 2433 1608 2484 probus,

167 2497 206 2527 et
234 2491 426 2540 ceteroqui
469 2503 541 2527 non
572 2488 802 2533 ineruditus,
850 2488 916 2526 sed
950 2489 1178 2527 Graecarum
1210 2489 1350 2526 inscius
1385 2488 1608 2527 litterarum.

167 2545 206 2583 ls
236 2558 318 2583 cum
356 2545 444 2582 mihi
479 2545 606 2595 prius,
648 2545 725 2581 sive
763 2543 873 2582 officii
909 2556 1064 2592 caussa,
1109 2545 1188 2582 sive
1225 2542 1323 2595 quod
1357 2544 1440 2596 ipse
1477 2555 1609 2582 errore

241 2691 285 2726 es}
306 2698 336 2719 v.
357 2691 399 2719 43
418 2698 488 2726 sqq.

246 2744 314 2778 ὲῖὲ-ἓὲ)
335 2745 391 2774 Ed.
413 2744 596 2774 schneideri
627 2737 910 2784 ἀφαυροτέρους·

242 2799 334 2834 ³1÷³1÷³1÷J
355 2807 387 2829 v.
407 2801 448 2829 22
468 2807 536 2835 sqq.
557 2799 611 2829 uhi
630 2799 725 2829 scrib.
745 2806 815 2829 cum
835 2800 923 2831 editt.
951 2790 997 2829 ὅν
1018 2804 1060 2828 κε
1084 2790 1254 2839 λάβῃσιν·

242 2846 288 2883 ἡ)
308 2854 380 2883 pag.
401 2848 464 2877 900
485 2849 520 2878 C.
