1778 3096
560 111 661 151 mn.
693 88 784 150 xn'.
847 113 966 153 eff.
997 112 1106 153 xvi.
1476 113 1557 155 279

116 220 272 262 eruditis
309 232 485 259 nauseam
527 233 677 259 movere
717 229 884 273 possent.
953 223 1052 261 Nam
1089 236 1170 260 cum
1208 223 1264 269 is,
1315 223 1374 273 qui
1415 224 1554 273 primus

114 279 253 330 aliquot
281 274 561 328 proverbiorum
588 276 700 313 millia
723 278 943 327 eollegerat,
963 280 1024 329 qui
1047 279 1183 316 utinam
1207 285 1270 315 aut
1295 290 1340 315 ue
1364 278 1555 327 attigisset

114 345 283 384 uniquam
324 330 557 380 theologica,
598 338 661 368 aut
690 333 725 369 in
765 334 819 370 cis
849 334 1061 383 religiosius
1100 340 1138 370 et
1167 333 1350 371 sincerius
1381 340 1552 370 versatus

112 395 235 434 esset,
279 386 410 431 homo,
452 385 513 435 qui
553 399 672 437 neque
705 387 861 436 legendo
892 389 1057 438 expleri,
1098 401 1218 438 neque
1258 386 1457 425 scribendo
1487 387 1552 425 de-

111 442 260 493 fatigari
299 447 447 492 posset,
496 441 606 478 multa
649 443 687 478 in·
727 443 790 479 illo
829 443 1023 493 praecipiti
1064 442 1252 480 scribendi
1292 443 1417 480 calore
1455 443 1549 480 male

109 499 374 547 interpretatus
404 502 529 541 esset,
574 497 684 534 multa
714 498 936 534 coniecisset
973 498 1009 534 in
1046 497 1144 534 illum
1183 511 1356 535 acervum
1395 511 1548 548 prover-

107 553 274 596 biorum,
315 563 408 601 quae
438 551 635 602 proverbia
673 565 745 589 non
785 560 912 589 erant:
958 552 1085 590 decuit
1125 560 1230 590 certe
1261 554 1454 603 uti-iusque
1494 553 1548 589 in-

106 605 288 646 commodi
313 612 455 657 partem
487 607 644 656 aliquam
673 607 718 644 ab
749 608 805 644 eis
830 608 923 653 tolli,
943 608 1004 658 qui
1033 608 1261 657 provinciam
1291 608 1390 644 illi-us
1420 610 1546 658 operis

105 661 354 714 perpurgandi
396 670 659 711 susceperant:
710 669 748 699 et
782 663 817 699 in
860 675 1011 708 eorum,
1058 675 1152 712 quae
1193 662 1359 700 detracta
1399 670 1544 708 essent5

103 719 226 756 locum
254 716 452 761 substitui,
497 717 528 753 si
557 730 627 767 qua
656 717 701 754 ab
732 730 776 754 eo
807 718 945 755 omissa
983 716 1214 755 viderentur.
1275 717 1384 754 Nunc
1416 731 1544 754 omnes

102 774 223 811 fatuas
252 772 581 823 interpretationes
614 773 771 810 intactas
802 774 1034 823 reliquerunt
1064 773 1191 822 eisque
1220 779 1395 823 tanquam
1427 773 1545 810 sacris

101 834 373 880 pepercerunt:
407 839 501 877 quae
532 828 726 878 proverbia
756 841 827 865 non
859 835 959 874 suut,
994 841 1065 865 non
1094 834 1231 865 tantum
1263 841 1334 865 non
1366 840 1543 865 resecue-

101 890 207 930 runt,
242 881 306 920 sed
335 882 445 919 multa
475 890 694 932 praeterea,
733 890 772 920 ut
801 883 896 921 liber
924 882 1105 934 grandior
1134 883 1263 928 ficret,
1296 881 1539 920 addiderunt:

101 946 139 977 et
167 945 291 975 tamen
323 938 377 975 sic
405 950 550 988 quoque
581 939 709 983 multa,
732 951 824 989 quae
853 952 942 976 vere
964 938 1161 990 proverbia
1191 946 1293 985 sunt,
1321 938 1540 974 omiserunt.

99 994 161 1031 Ac
191 994 321 1031 vellem
358 1006 463 1030 suum
494 993 629 1043 cuique
659 993 899 1040 tribuissent,
946 1007 1073 1031 eorum
1107 994 1259 1039 saltem,
1297 1006 1450 1044 quorum
1480 1006 1544 1029 uo-

99 1050 198 1086 mina
225 1047 396 1086 damnata
425 1061 497 1085 non
528 1055 626 1085 sunt.
690 1048 743 1086 Ita
774 1049 872 1086 enim
906 1049 1022 1087 sciret
1051 1049 1230 1100 quisque,
1271 1047 1356 1099 quid
1389 1049 1423 1085 in
1454 1061 1543 1098 quo-

98 1117 170 1155 que
209 1111 273 1141 aut
309 1101 480 1140 laudaret
515 1109 578 1140 aut
615 1103 925 1154 reprehenderet.
993 1103 1106 1141 Nune
1147 1105 1368 1155 quicumque
1414 1102 1541 1140 rudem

96 1160 195 1196 illam
235 1165 273 1196 et
310 1156 533 1208 indigestam
570 1159 701 1195 molem
741 1159 953 1209 congessit:
998 1159 1153 1196 Paulum
1193 1160 1288 1196 enim
1329 1158 1539 1195 Manutium

94 1214 233 1258 fuisse,
277 1226 388 1251 nemo
414 1213 502 1250 mibi
531 1226 700 1263 umquam
730 1214 985 1264 persuaserit:
1031 1215 1092 1264 qui
1121 1214 1230 1250 etiam
1258 1213 1364 1251 brevi
1398 1214 1539 1263 scripto

93 1276 253 1307 testatus
290 1274 369 1313 est,
410 1281 455 1305 se
490 1280 535 1305 ea
572 1274 735 1313 tantum,
771 1281 865 1318 quae
906 1267 1149 1318 imprimenda
1187 1274 1405 1319 acceperat,
1456 1268 1539 1305 aliis

91 1322 336 1375 imprimenda
364 1321 535 1360 dedisse·
577 1321 712 1368 credo,
754 1321 850 1373 quod
880 1323 962 1374 ipse
994 1336 1065 1360 non
1092 1323 1182 1360 satis
1216 1321 1328 1373 digna
1361 1323 1537 1373 pleraque

91 1379 290 1424 iudicaret,
317 1391 411 1429 quae
439 1379 538 1429 typis
566 1379 643 1415 suis
670 1391 809 1415 excusa
838 1378 1079 1428 legerentur:
1112 1378 1181 1416 ille
1195 1379 1309 1429 igiun
1337 1375 1444 1425 ἕλξας
1471 1374 1534 1427 ἐφ’

91 1431 249 1481 ἑαυτὸν,
277 1449 328 1480 ως
357 1430 378 1472 ὁ
406 1433 578 1480 καικίας,
606 1430 767 1484 vs'tpwyss)
800 1446 930 1471 omnes
957 1434 1118 1471 omnium
1150 1433 1468 1484 repiehensiones
1498 1433 1537 1470 in

92 1497 203 1541 caput
229 1502 333 1526 suum
361 1489 488 1525 traxit.
550 1488 644 1525 Cum
673 1489 770 1525 enim
800 1488 908 1526 nobis
937 1488 1175 1527 interdictum
1208 1489 1285 1526 sit
1271 1486 1344 1540 Ἢ)
1377 1488 1536 1525 lectione

90 1546 245 1584 aliorum
275 1544 436 1580 omnium
467 1542 661 1588 librorum,
685 1543 817 1594 quibus
850 1544 1048 1594 proverbia
1078 1544 1335 1595 explicantur:
1362 1541 1539 1594 quicquid-

90 1599 249 1645 stolide,
289 1596 462 1650 quiequid
492 1598 686 1648 imperite,
727 1597 898 1649 quiequid
926 1599 1164 1648 ineleganter
1194 1598 1330 1636 dietum
1361 1599 1454 1635 crit:
1497 1596 1535 1635 id

90 1655 237 1693 scilicet
271 1655 305 1691 ei
334 1654 413 1698 uni,
445 1653 549 1691 cuius
582 1653 642 1690 ille
672 1652 767 1690 liber
796 1660 869 1699 est,
901 1653 1072 1704 imputari
1088 1652 1191 1705 ’ἷῆἕῆ
1220 1654 1420 1705 oportebit.
1476 1652 1534 1690 lta

88 1711 258 1749 homines
285 1707 486 1755 interdum,
517 1707 601 1745 dum
633 1708 786 1746 aliorum
817 1709 972 1757 gloriam
1007 1708 1053 1746 ad
1086 1722 1125 1747 sc
1154 1709 1306 1747 trahere
1335 1715 1532 1754 conantur,

89 1767 236 1804 alienae
267 1765 447 1802 stultitiae
477 1763 716 1809 succidanei,
749 1771 789 1801 ut
819 1763 973 1801 Plautus
990 1763 1040 1816 ff)
1073 1765 1254 1815 loquitur,
1288 1765 1393 1802 fiunt.
1454 1763 1534 1801 Sed

87 1821 205 1866 haec,
238 1820 269 1857 si
299 1819 502 1864 videbitur,
535 1819 642 1855 alias.
702 1817 830 1865 Nunc,
863 1818 959 1869 quod
989 1831 1249 1870 coeperamus,
1280 1832 1531 1870 exequamur:

91 1879 255 1927 Quorum
290 1882 487 1926 puteorum
526 1887 646 1924 neque
683 1874 876 1912 obstructa
913 1887 981 1912 ora
1018 1882 1127 1921 sunt,
1167 1889 1286 1926 neque
1323 1876 1533 1925 crepidines

81 1932 201 1984 paulo
243 1932 357 1968 altius
394 1936 682 1978 eoeaggeralae:
725 1943 843 1980 neque
879 1930 1037 1981 deniqne
1073 1931 1273 1981 quidquam
1310 1937 1389 1976 est,
1433 1930 1535 1980 qnod

90 1987 238 2025 obiectu
255 1999 322 2023 suo
342 1985 561 2036 prohibeat,
588 1998 634 2022 ne
657 1985 739 2035 quis
760 1986 797 2022 in
822 1997 885 2022 eos
913 1986 1103 2024 incautior
1119 1986 1369 2036 prolabatur.-
1402 1986 1532 2035 quales

87 2044 223 2080 multos
251 2042 341 2079 ruri
363 2041 551 2078 videmus.-
595 2041 634 2076 εἰ
658 2041 726 2089 qm·
754 2041 857 2077 eirea
887 2053 950 2077 eos
985 2041 1145 2079 choreas
1171 2047 1310 2090 agant,
1352 2053 1529 2090 magnum

83 2098 293 2149 perieulum
324 2094 483 2140 ade'mzt,
515 2108 584 2139 ne,
613 2095 699 2132 (lum
722 2096 1047 2145 progredz'mztm'‚
1078 2097 1365 2146 regrediuntur,
1394 2108 1530 2145 corpus

89 2154 127 2190 in
156 2152 281 2190 orbem
312 2157 473 2195 movent,
503 2151 693 2199 saltitant,
719 2151 756 2188 in
780 2157 934 2200 puteum
963 2151 1112 2201 delapsi
1136 2158 1375 2201 mergantur.
1432 2149 1529 2187 Pro-

89 2207 209 2244 verbii
236 2207 350 2257 igitur
377 2218 465 2243 usus
485 2217 571 2242 esse
602 2205 739 2256 poterit
770 2206 806 2242 in
836 2217 917 2250 eos,
939 2207 1001 2256 qui
1033 2218 1100 2257 per
1121 2205 1241 2243 ludum
1272 2219 1315 2243 ae
1337 2205 1527 2242 lasciviam

86 2262 163 2299 tale
191 2260 332 2312 aliquid
359 2261 542 2307 factitant,
564 2267 604 2298 ut
631 2272 676 2298 eo
705 2261 788 2312 ipso
820 2261 924 2299 sein
954 2274 1127 2312 magnum
1150 2260 1299 2313 aliquod
1323 2260 1528 2312 periculum

87 2318 301 2356 coniiciant.

167 2412 211 2446 ³3)
232 2409 329 2439 Scrib.
351 2405 392 2452 {q
394 2405 414 2437 >⁹
436 2401 558 2448 αὐτόν,
578 2411 613 2439 ut
628 2410 771 2439 Muretus
791 2407 854 2437 iam
875 2409 906 2438 in
919 2409 1021 2446 Epist.
1042 2409 1082 2439 ad
1099 2409 1286 2445 thnanium
1303 2411 1381 2446 opp.
1400 2412 1489 2439 Tum.
1506 2412 1529 2438 1.

92 2460 164 2490 pag.
183 2453 254 2482 544.
280 2459 474 2484 correxerat.
514 2454 559 2483 lbi
588 2455 694 2482 tamen
723 2449 833 2492 νέφος
858 2455 1015 2483 scribitur.
1053 2455 1135 2482 vser
1122 2462 1176 2482 us
1201 2455 1241 2482 ab
1262 2455 1438 2483 Aristotele
1458 2455 1529 2482 Me-

92 2499 245 2532 t.eorolog
271 2499 309 2526 11.
330 2499 360 2527 6
407 2499 568 2528 Plutatcti.
595 2492 720 2523 Hom.
738 2503 901 2536 nariam
929 2502 1000 2531 pag.
1028 2495 1175 2532 823.13.,
1203 2494 1256 2530 qui
1283 2497 1371 2524 solus
1401 2496 1530 2524 exhibet

89 2538 197 2580 νέφη,
218 2541 296 2569 Gell.
318 2543 353 2569 λ.
374 2542 414 2570 A.
436 2543 472 2570 11.
495 2542 543 2568 22.
565 2542 722 2569 senatus.
752 2544 862 2570 FAES1
883 2556 919 2562 ——
952 2540 1015 2571 An
1032 2537 1240 2567 Aristotelem
1261 2539 1378 2566 diserte
1397 2537 1528 2572 legitur:

90 2582 181 2616 Bm»
203 2582 266 2614 καὶ
289 2582 428 2625 λέγεται
452 2580 473 2624 ὴ
496 2582 696 2635 παωοιμία·
721 2579 863 2616 ἕλκων
886 2577 942 2625 ἐφ’
972 2575 1083 2611 αὑτὸν
1109 2575 1215 2617 ὥςτε
1241 2580 1380 2616 καικιτις
1407 2579 1476 2622 νέᾳ
1480 2590 1531 2615 ος.

92 2632 140 2663 Ibi
161 2640 242 2662 unus
260 2632 340 2661 liber
359 2632 503 2661 Bekkeri
521 2623 611 2671 πυὸς
634 2623 775 2666 ἑαυτό),
797 2636 864 2662 tres
884 2631 957 2660 libri
977 2620 1092 2668 ὥςπερ
1114 2639 1169 2665 pro
1190 2621 1284 2660 113¹ss&

167 2683 205 2707 *21
206 2681 326 2716 ’·)ῐὶῑ1.
347 2681 483 2709 inuicem
503 2683 634 2710 Roman.
653 2680 806 2710 librorum
826 2678 1052 2715 prohibitorum
1073 2679 1146 2707 edit.
1170 2680 1259 2707 1059.
1299 2679 1409 2705 FAEsr.

167 2728 260 2764 *izit-J
289 2730 471 2762 Argenteae
497 2729 616 2758 aetatis
643 2730 785 2757 verbum.
824 2728 894 2756 viu.
917 2726 1071 2756 Krebsius
1091 2725 1259 2756 Antibarb.
1286 2732 1358 2761 pag.
1380 2725 1449 2756 256.
1479 2725 1531 2761 qui

92 2775 114 2798 a
133 2767 248 2796 Faesio
268 2766 307 2794 ad
328 2768 359 2794 li.
379 2768 400 2795 l.
419 2770 572 2797 annotata
593 2767 675 2796 salso
695 2765 803 2796 tribuit
822 2764 1024 2796 Rutinkeuio.

167 2814 213 2854 ἐς)
234 2814 353 2851 Epidio.
373 2815 396 2845 1.
417 2815 446 2852 2,
467 2814 519 2844 37.

1557 2043 1618 2074 292
