1726 3106
183 135 249 170 ΧΠ

180 247 278 290 quas
325 239 458 288 postea
497 233 664 287 comperi
704 232 818 274 etiam
858 231 1130 274 Ruhnkenium
1170 232 1217 274 V.
1259 231 1304 273 C.
1347 232 1392 273 de
1428 229 1623 272 universis

181 299 362 355 operibus
395 300 601 341 Muretinis
638 314 761 354 nuper
791 299 1107 349 meritissimum,
1153 298 1349 354 amplioris
1385 296 1550 338 instituti
1585 303 1624 337 et

180 366 308 420 operis
339 365 400 406 sui
424 365 622 407 hahuisse.
679 366 778 408 Nam
810 380 925 420 quum
956 365 1050 406 haec
1079 364 1172 405 mihi
1201 364 1369 405 conditio
1399 364 1621 410 offerretur,

178 431 284 473 illius
316 430 431 472 editio
460 432 630 472 nondum
654 433 760 486 prelo
784 433 950 474 exierat.
1005 431 1158 485 Alioqui
1185 430 1364 485 quidquid
1393 429 1506 470 huius
1530 441 1622 469 eon-

178 498 255 540 silii
291 504 398 545 erat,
440 504 508 538 aut
540 497 651 552 plane
691 512 768 539 non
806 499 908 539 foret
938 504 1182 552 susceptum,
1222 504 1288 538 aut
1326 504 1432 537 certe
1470 501 1512 535 ut
1545 494 1622 536 alio

177 565 471 613 traduceretur,
520 578 736 606 curassem.
802 563 891 606 Non
925 564 1096 620 poenitet
1129 571 1258 604 tamen
1295 577 1357 604 me
1391 575 1529 617 operae
1562 560 1622 601 in-

176 638 366 686 sumptae.
427 629 615 682 Quoniam
652 631 754 672 enim
792 639 958 685 quatuor
994 632 1070 672 ista
1105 629 1385 671 Ruhnkeniana
1423 627 1621 671 volumina

174 697 326 753 pretio,
373 711 449 753 quo
475 706 671 748 veneunt,
711 696 849 738 maiori
878 697 1007 739 minus
1043 696 1211 738 invitant
1241 703 1434 745 emtores,
1475 707 1621 749 eosque

173 763 362 815 minime,
413 779 577 820 quorum
618 765 655 805 id
694 763 864 805 maxime
905 763 1120 805 intererat:
1177 762 1369 818 plerisque
1408 761 1618 810 iuvenum,

174 830 311 872 critica
349 831 475 872 studia
511 830 813 880 aemulantium,
856 830 927 872 hac
958 831 1110 871 demum
1147 830 1314 871 editione
1350 835 1485 870 nostra
1522 839 1619 881 opus

171 897 551 952 praestantissimum
590 897 630 937 in
680 909 819 936 manus
865 903 1075 938 venturum
1126 910 1283 951 sperare
1327 895 1431 936 licet.
1511 892 1619 945 Quae

170 970 287 1005 autea
321 965 446 1006 factae
491 969 603 1005 erant
641 963 858 1012 editiones,
906 969 945 1003 et
982 976 1126 1017 paucae
1165 969 1278 1003 erant
1313 969 1352 1003 et
1389 975 1515 1002 rarae.
1583 960 1619 1001 A

170 1027 341 1070 Grutero
363 1036 491 1071 autem
523 1028 563 1069 in
583 1029 775 1084 Lampade
798 1029 931 1070 critica
957 1029 1053 1070 liber
1073 1029 1198 1070 editus
1223 1035 1284 1070 est
1307 1029 1401 1070 adeo
1422 1026 1618 1068 immunde

169 1101 210 1136 et
238 1094 408 1145 sordide,
441 1110 514 1150 qua
544 1095 734 1145 chartam,
766 1110 840 1150 qua
869 1096 1066 1136 literarum
1098 1097 1244 1136 formas
1274 1101 1313 1136 et
1339 1100 1616 1143 atramentum,

167 1168 214 1202 ut
239 1169 424 1216 quantum
450 1162 568 1203 allicit
595 1162 716 1217 ipsius
743 1162 944 1218 scriptoris
974 1162 1092 1208 nitor,
1116 1168 1267 1202 tantum
1295 1161 1458 1202 istarum
1482 1175 1614 1201 rerum

166 1227 333 1269 foeditas
362 1229 592 1269 absterreat.
651 1229 734 1271 Hoc
764 1243 814 1271 ne
851 1229 938 1284 quis
967 1228 1129 1284 amplius
1168 1228 1276 1284 queri
1311 1227 1457 1283 possit,
1500 1228 1614 1268 libra-

166 1294 252 1336 rius
279 1295 493 1350 prospexit.

277 1361 373 1402 Mihi
414 1375 510 1402 vero
548 1368 587 1403 et
622 1361 695 1417 ipsi
724 1361 865 1417 aliquid
905 1362 1093 1416 agendum
1133 1362 1357 1411 videbatur,
1406 1376 1481 1416 quo
1509 1376 1613 1404 nova

165 1427 344 1482 repetitio
367 1427 493 1482 aptior
510 1430 555 1470 ad
577 1444 690 1470 usum
715 1430 839 1470 fieret.
890 1428 1022 1483 ltaque
1044 1429 1217 1470 locorum
1237 1428 1425 1477 omnium,
1448 1443 1611 1482 quorum

164 1509 189 1536 a
219 1496 373 1537 Mureto
402 1502 470 1536 aut
501 1494 692 1536 correctio
723 1496 764 1536 fit
793 1503 860 1537 aut
890 1496 1179 1550 qualiscumque
1208 1496 1376 1543 mentio,
1409 1496 1613 1549 dilig-enter

162 1562 347 1603 indicium
378 1561 466 1603 feei.
521 1562 612 1616 Egit
640 1562 712 1603 hoc
735 1562 926 1603 Gruterus
956 1576 1131 1615 quoque,
1163 1563 1229 1603 sed
1259 1576 1336 1602 non
1367 1570 1609 1614 constanter,

164 1635 206 1670 et
235 1629 274 1669 in
313 1629 361 1669 iis
390 1630 579 1669 duntaxat
609 1628 742 1676 libris,
783 1629 846 1682 qui
876 1628 992 1683 vulgo
1024 1630 1203 1669 feruntur
1240 1629 1303 1669 vel
1341 1629 1376 1669 ei
1407 1631 1507 1670 forte
1536 1631 1608 1671 sub

160 1709 281 1737 manu
312 1702 460 1737 essent.
522 1695 566 1736 In
603 1695 688 1736 aliis
728 1695 859 1735 multis
896 1709 1011 1749 opera
1048 1695 1130 1735 eius
1167 1695 1305 1736 delicit.
1365 1695 1520 1737 Scilicet
1547 1705 1608 1738 est

160 1762 228 1803 ubi
258 1775 320 1803 res
362 1761 559 1817 negotium
589 1761 729 1809 faciat,
779 1762 1006 1816 praesertim
1038 1762 1102 1803 ubi
1133 1777 1181 1802 ne
1218 1762 1315 1802 liber
1353 1763 1503 1816 qnidam
1535 1777 1605 1805 scu

158 1828 248 1870 libri
277 1835 414 1869 auctor
445 1828 683 1877 nominatur,
716 1830 783 1869 sed
809 1830 921 1869 modo
948 1830 1133 1870 universe
1156 1828 1439 1870 Grammaticus
1467 1830 1604 1885 aliquis

158 1895 225 1937 vel
254 1895 370 1936 Poeta
399 1894 586 1948 quippiam
618 1902 800 1935 narratur
829 1895 998 1943 dixisse3
1037 1903 1213 1936 veterum
1239 1896 1277 1936 id
1300 1897 1450 1950 quidem
1478 1912 1601 1948 more,

159 1968 202 2003 at
229 1961 340 2002 nobis
369 1961 460 2009 illo,
505 1968 562 2001 tot
597 1961 781 2002 librorum
819 1962 985 2002 lectione
1015 1962 1221 2010 districtis,
1270 1976 1384 2018 saepe
1421 1964 1596 2005 molesto.

159 2027 264 2068 Fieri
287 2041 364 2068 non
386 2033 528 2081 potest,
551 2027 623 2067 etsi
644 2028 729 2082 quis
750 2042 886 2070 omnes
905 2029 1144 2083 antiquitatis
1163 2029 1329 2070 latebras
1350 2030 1598 2084 perreptavit,

157 2101 204 2134 ut
230 2093 265 2135 ei
292 2093 432 2147 ubique
457 2094 641 2134 memoria
672 2094 712 2134 in
737 2101 909 2150 tempora
938 2104 1111 2151 prompta
1137 2104 1322 2150 suggerat
1350 2098 1448 2151 quod
1470 2104 1600 2151 postu-

157 2159 286 2201 latur:
333 2167 376 2201 ut
406 2173 485 2200 non
514 2160 614 2200 male
652 2160 696 2201 de
726 2162 836 2202 nobis
867 2163 1059 2203 meruisse
1094 2163 1296 2210 videatur,
1341 2163 1404 2218 qui
1435 2177 1506 2204 nos
1536 2163 1598 2205 vel

158 2226 276 2267 unius
305 2225 522 2267 semihorae
549 2226 744 2280 dispendio
773 2228 922 2269 liberet.
978 2228 1098 2279 Quam
1127 2229 1247 2284 igitur
1269 2244 1348 2271 rem
1378 2236 1416 2270 et
1438 2229 1502 2279 iis,
1533 2229 1597 2284 qui

157 2292 330 2347 hospites
359 2299 493 2334 essent
517 2292 557 2333 in
587 2292 694 2334 libris
716 2301 908 2344 veterum,
940 2296 1219 2346 necessariam,
1250 2304 1288 2337 et
1315 2295 1473 2337 eruditis
1492 2310 1597 2337 eom-

155 2360 309 2400 modam
338 2359 422 2400 fore
448 2358 646 2408 videbam,
678 2374 762 2401 eam
790 2363 862 2402 seci
890 2363 1135 2412 accuratius,
1171 2370 1433 2418 praeterquam
1465 2364 1595 2416 paucis

153 2423 197 2465 in
227 2425 348 2473 locis,
391 2425 454 2466 ubi
484 2426 530 2465 de
563 2426 680 2466 rebus
709 2427 862 2481 agitur,
902 2444 999 2483 quae
1027 2445 1142 2484 quum
1172 2428 1311 2471 Mureti
1342 2435 1467 2469 aetate
1499 2444 1594 2469 con-

154 2498 381 2541 troversae,
412 2491 604 2532 rationum
636 2499 674 2533 et
701 2503 1017 2548 argumentorum
1052 2496 1137 2537 luce
1168 2501 1349 2549 egerent,
1391 2508 1494 2535 nunc
1524 2510 1594 2536 ex-

152 2556 325 2612 ploratae
364 2565 455 2598 sunt
490 2566 529 2599 et
561 2558 671 2600 iuxta
699 2560 822 2602 doctis
859 2561 1100 2617 indoctisque
1128 2562 1318 2616 cognitae.
1377 2560 1511 2602 Putida
1540 2562 1592 2602 ibi

153 2623 351 2678 diligentia
379 2623 453 2664 ista
485 2625 636 2665 fuisset.

261 2689 463 2740 Alterum,
502 2691 600 2745 quod
629 2693 763 2734 addam
793 2694 954 2735 auctarii
983 2695 1090 2743 loco,
1129 2708 1179 2735 ex
1206 2699 1314 2748 parte
1342 2692 1416 2733 iam
1447 2694 1590 2734 factum

152 2761 215 2805 est
250 2770 270 2795 a
310 2755 554 2797 Ruhnkenio.
623 2757 721 2800 Nam
764 2768 856 2801 sunt
895 2762 1078 2814 quaedam
1120 2761 1217 2815 apud
1254 2761 1472 2808 Muretum,
1516 2759 1589 2800 etsi

151 2835 239 2862 eum
268 2821 353 2863 iure
384 2830 606 2865 nostrorum
639 2832 852 2882 temporum
887 2828 1112 2869 Ciceronem
1142 2825 1363 2881 appellaris,
1396 2839 1493 2880 quae
1515 2825 1588 2867 La-
