1726 3106
141 2084 202 2115 192

204 134 285 180 182
765 133 890 175 VAR.
922 133 1079 175 LECT.

205 246 293 299 Ego
319 252 464 291 autem,
506 256 711 296 quanquam
741 242 839 296 apud
866 256 926 283 me
954 243 1150 296 plurimum
1180 251 1218 284 et
1245 244 1422 284 Politiani
1452 252 1491 285 et
1518 244 1650 285 Victo-

207 305 257 342 rii
286 302 385 340 valet
413 302 644 347 auctoritas,
681 300 838 338 miriliee
870 306 995 338 tamen
1025 301 1069 338 ah
1101 308 1257 352 utroque
1288 301 1486 342 dissentio.
1546 302 1651 350 Quo-

210 360 312 397 circa
347 358 418 395 hoc
456 357 561 402 loco,
603 354 688 406 quid
733 355 779 393 de
808 356 882 393 illis
912 355 1083 393 versibus
1115 358 1296 404 sentiam,
1337 358 1485 408 aperire
1511 358 1651 395 consti-

209 415 285 459 tui3
325 420 362 450 ut
398 411 444 450 ab
481 410 637 449 eruditis
682 411 914 456 hominibus,
955 412 1088 464 merito
1126 425 1172 449 an
1211 413 1395 451 immerito
1432 411 1468 450 id
1500 412 1650 458 faciam,

211 467 411 506 iudicetur.
469 466 511 504 In
552 466 681 517 primis
722 467 836 517 igitur
864 466 1020 504 Latinos
1064 479 1195 505 versus
1237 469 1332 507 male
1362 468 1409 506 ab
1438 468 1493 507 eis
1522 467 1653 506 distin-

212 530 294 562 ctos
326 522 373 561 ad
401 522 499 560 hunc
530 529 653 560 autem
683 521 828 560 moduni
861 520 1144 572 distinguendos
1174 536 1335 562 censeo:

380 619 800 631 ..........
829 605 914 631 nam
945 593 1056 630 multi
1080 604 1186 630 snam

375 651 463 687 Rem
494 648 583 687 bene
608 660 763 698 gessere
792 655 829 686 et
851 647 1042 699 publicam
1068 649 1200 697 patria
1225 649 1376 699 procul.

376 705 518 750 Multz,
549 704 652 741 domz
677 716 740 753 qut
767 710 928 742 aetatem
957 709 1144 753 egerunt,
1172 711 1381 755 propterea

382 761 481 798 Sunt
505 758 720 810 z'lmprobale

214 835 312 875 Nam
353 836 450 888 quod
479 843 640 887 egerunt
667 835 780 885 lego,
820 832 883 872 uhi
910 833 1021 885 vulgo
1049 833 1187 885 legitur
1215 841 1404 886 agerent,
1440 841 1591 874 veteres
1621 835 1660 874 in

217 905 263 930 eo
299 892 414 930 libros
450 899 624 930 auctores
663 890 798 930 habeo,
858 888 910 927 Et
947 891 1027 941 ipse
1069 902 1213 941 quoque
1245 891 1433 928 Victorius
1471 890 1521 928 ita
1552 891 1658 943 legit.

217 946 273 985 At
305 948 375 985 hoe
413 946 560 998 quidem
592 947 673 983 leve
705 952 776 983 est.
836 943 931 983 Illud
962 945 1141 995 gravius,
1179 945 1275 996 quod
1303 946 1410 996 plane
1440 944 1563 983 iudico
1596 959 1662 984 ne·

219 1015 327 1041 cesse
367 1015 478 1049 esse,
516 1008 557 1040 ut
591 1008 654 1039 aut
690 1014 736 1038 ne
776 1000 850 1038 sint
885 1001 911 1037 ii
947 1013 1078 1038 versus
1110 999 1304 1051 Euripidis
1335 1014 1355 1038 a
1389 1000 1524 1038 Latino
1554 1004 1664 1051 poe’ta

219 1058 415 1096 conversi:
447 1065 510 1095 aut
538 1064 577 1094 ut
605 1069 692 1102 eos,
724 1056 803 1093 sive
833 1054 1003 1101 Ennius,
1045 1057 1124 1093 sive
1152 1057 1233 1106 quis
1260 1056 1355 1093 alius
1386 1056 1479 1101 fuit,
1520 1057 1581 1107 qui
1611 1058 1664 1094 ita

219 1114 486 1164 interpretatus
518 1120 602 1158 est,
649 1125 720 1149 non
751 1111 980 1148 intellexerit
1007 1118 1046 1148 et
1076 1112 1111 1148 in
1145 1112 1365 1148 sententiam
1396 1111 1663 1150 alienissimam

220 1167 435 1207 detorserit.
496 1168 591 1206 Nam
629 1165 726 1218 apud
754 1165 975 1217 Euripidem
1021 1165 1168 1217 quidem
1199 1180 1280 1204 cum
1311 1165 1451 1204 Medea
1482 1180 1570 1217 prae
1600 1166 1666 1204 do-

221 1224 302 1261 lore
340 1225 410 1261 iam
445 1237 517 1260 non
555 1236 706 1273 compos
745 1222 859 1259 animi
900 1221 999 1258 domi
1028 1222 1189 1258 clausam
1220 1235 1260 1259 se
1292 1222 1504 1259 contineret
1532 1235 1667 1260 excru-

221 1280 412 1330 ciaretque
442 1291 509 1326 se,
549 1285 587 1316 et
615 1290 681 1315 eos
713 1277 817 1328 quasi
848 1290 869 1313 a
899 1277 1005 1313 furiis
1036 1278 1170 1327 agitata
1203 1277 1384 1314 clamores
1413 1276 1569 1324 ederet,
1604 1278 1667 1326 qui

221 1335 332 1372 etiam
365 1334 457 1371 soris
488 1332 780 1372 exaudirentur:
815 1331 1038 1369 Corinthiae
1069 1332 1268 1377 mulieres,
1311 1344 1332 1369 e
1361 1332 1492 1382 quibus
1522 1339 1668 1371 constat

221 1389 387 1436 chorus,
430 1396 539 1426 orant
576 1389 781 1434 nutricem,
820 1394 860 1424 ut
897 1386 944 1424 ad
984 1400 1065 1424 eam
1094 1386 1202 1424 adeat
1233 1388 1425 1438 ipsamque
1455 1386 1590 1425 educat
1620 1401 1669 1426 ex

221 1443 393 1482 aedibus.
453 1444 666 1494 Sperabant
700 1443 818 1489 enim,
860 1455 902 1480 se
941 1449 1094 1492 aspectu
1124 1449 1161 1479 et
1190 1442 1350 1492 alloquio
1379 1456 1446 1480 suo
1472 1443 1570 1481 illum
1602 1443 1670 1481 do-

221 1499 313 1537 loris
346 1497 517 1536 ardorem
555 1500 677 1548 aliqua
720 1511 767 1536 ex
804 1504 911 1548 parte
954 1497 1204 1546 mitigaturus.
1271 1497 1392 1535 Paulo
1429 1506 1517 1549 post
1555 1499 1670 1550 igitur

222 1553 332 1593 domo
360 1553 562 1605 egrediens
590 1552 730 1590 Medea
760 1553 811 1590 ita
841 1564 905 1589 eas
935 1551 1089 1589 affatur.

500 1618 713 1670 Κορίνθιαι
740 1620 941 1671 γυναῖκες,
970 1615 1138 1668 ἐξῆλθον
1166 1612 1309 1669 δόμων,

498 1671 552 1726 μή
582 1674 648 1726 μοί
674 1687 709 1713 τι
741 1672 962 1724 μέμψησθε.

223 1739 268 1780 Id
299 1746 378 1779 est:
423 1740 644 1779 Corz‘ntlzzae
672 1740 874 1785 mulceres,
905 1750 1061 1788 egressa
1090 1751 1170 1777 sum
1200 1752 1250 1776 ex
1279 1737 1463 1786 aedzbus,
1501 1753 1550 1779 ne
1579 1742 1673 1793 quid

224 1797 320 1835 milei
348 1797 615 1834 succenseatis.
681 1794 799 1842 Quasi
841 1793 1011 1832 diceret:
1056 1793 1142 1832 Non
1183 1793 1354 1844 equidem
1398 1795 1560 1834 libenter
1598 1796 1670 1835 hoc

225 1859 395 1903 tempore
425 1852 461 1889 in
492 1858 682 1902 aspectum
710 1850 899 1887 hominum
931 1849 1085 1900 prodeo,
1145 1848 1287 1887 Omnes
1317 1850 1433 1896 enim,
1465 1864 1556 1902 quos
1584 1865 1672 1903 gra-

224 1908 309 1945 vior
339 1907 470 1958 aliquis
498 1914 608 1956 urget
637 1905 765 1951 dolor,
813 1903 989 1942 tenebras
1030 1912 1069 1943 et
1099 1904 1334 1942 solitudinem
1366 1913 1571 1957 quaeruntz
1615 1907 1672 1945 lu·-

227 1975 308 2000 cem
350 1969 389 2000 et
425 1961 669 2012 frequentiam
710 1960 883 1998 oderunt.
947 1959 1217 1998 Verumtamen
1254 1973 1335 1998 cum
1368 1969 1492 1999 vestro
1524 1964 1673 2001 nomine

231 2023 363 2067 rogata
392 2029 538 2062 essem,
570 2023 611 2053 ut
644 2016 715 2053 huc
745 2015 963 2067 prodirem,
996 2015 1140 2067 prodii:
1174 2028 1236 2061 ne,
1268 2016 1301 2053 si
1331 2016 1483 2066 prodire
1518 2019 1670 2065 nollem,

229 2085 297 2110 vos
339 2070 376 2109 id
414 2072 511 2109 forte
555 2072 730 2122 superbia
767 2070 922 2121 quadam
961 2083 1004 2108 ac
1038 2077 1251 2121 contemptu
1291 2072 1407 2109 vestri
1445 2085 1466 2109 a
1503 2085 1559 2111 me
1589 2074 1673 2110 fieri

232 2126 457 2166 crederetis.
518 2125 570 2163 At
607 2126 675 2163 illo
704 2126 822 2163 altero
852 2125 961 2163 modo
991 2126 1041 2163 ita
1073 2124 1291 2176 accipienda
1324 2133 1435 2163 erunt
1464 2127 1557 2165 haee
1586 2141 1674 2166 ver-

231 2183 300 2220 ba.
331 2181 495 2233 ἐξῆλθον
523 2177 674 2231 δόμων,
704 2179 739 2218 id
772 2187 849 2225 est,
878 2182 1044 2244 patrzam
1074 2194 1193 2219 meam
1221 2182 1381 2231 relz‘kquz
1413 2178 1465 2232 μή
1494 2197 1558 2234 μοι
1584 2181 1674 2234 μέμ.

231 2242 391 2289 ψησθε,
423 2235 461 2274 id
493 2243 551 2274 est
587 2238 702 2274 nolite
738 2236 779 2273 zd
803 2236 898 2274 mi'lzz
920 2237 1010 2274 vetio
1043 2243 1202 2275 vertere.
1262 2235 1372 2283 Quod
1403 2238 1491 2274 mihi
1524 2238 1672 2289 quidem

232 2294 394 2331 alienum
422 2289 488 2331 καὶ
515 2287 816 2358 ἇπροςδιόνυσον
841 2290 1000 2329 videtur.
1062 2292 1263 2342 Sequitur.
1297 2287 1385 2330 οἶδα
1394 2289 1497 2360 γὰρ
1509 2290 1675 2341 πολλους

231 2349 380 2401 βροτῶν
406 2343 567 2398 σεμνοὺς
593 2350 781 2400 γεγῶτας,
808 2342 898 2393 τοὺς
923 2344 991 2397 μὲν
1018 2343 1197 2398 ὀμμάτων
1224 2343 1312 2396 ἄπο,
1339 2343 1431 2394 τοὺς
1460 2344 1497 2387 δ’
1532 2348 1573 2388 ἐν
1597 2354 1675 2389 θυ-

232 2404 366 2457 ραίοις.
424 2402 531 2450 Quae
564 2404 614 2440 ita
642 2404 889 2453 interpretor:
929 2416 1013 2441 novt
1041 2416 1136 2440 emm
1165 2404 1300 2441 multos
1328 2405 1568 2450 mortalium,
1610 2418 1673 2455 que

234 2465 466 2509 arrogantes
494 2459 620 2496 habire
642 2465 744 2504 sunt,
776 2458 875 2508 quod
901 2471 939 2495 se
968 2459 1145 2496 vzdendos
1171 2458 1352 2496 eoelzzbere
1380 2460 1550 2498 nollent.-
1578 2461 1674 2498 alios

236 2521 393 2559 eontra,
427 2515 526 2564 quod
548 2515 586 2552 in
617 2514 729 2551 atrias
756 2513 926 2551 sedentes
954 2515 1173 2551 viderentur
1197 2513 1243 2551 de
1272 2527 1312 2551 se
1340 2527 1447 2564 quase
1477 2522 1673 2565 spectacu-

236 2571 309 2609 lum
338 2570 522 2620 quoddam
548 2569 746 2619 praebere,
778 2570 816 2606 in
839 2569 992 2606 eandem
1013 2570 1217 2619 epimonem
1241 2570 1400 2607 venisse.
1458 2570 1555 2607 Nam
1576 2568 1673 2620 quod

233 2625 298 2663 ille
329 2624 600 2661 Ciceronianus
637 2626 745 2674 poe'ta
783 2619 945 2674 σεμνοὺς
980 2625 1118 2674 accipit
1152 2637 1239 2671 eos,
1285 2637 1347 2675 qul
1383 2638 1461 2663 rem
1493 2638 1599 2663 suam
1637 2631 1674 2662 ec

229 2679 419 2731 publicam
450 2679 539 2717 bene
564 2685 789 2729 gesserunt.-
820 2690 892 2729 ego
919 2691 965 2716 eo
996 2680 1144 2717 nomine
1172 2680 1354 2730 superbos
1383 2688 1422 2717 et
1443 2686 1673 2730 arrogantes

235 2735 394 2786 accipio,
453 2733 506 2773 Et
535 2734 586 2772 ita
614 2735 760 2787 accepit
780 2732 1019 2788 Euripides
1009 2749 1046 2773 1n
1075 2735 1139 2775 illo
1173 2747 1285 2774 versu
1311 2747 1360 2774 ex
1383 2733 1670 2788 Hippolyto*):

310 2852 352 2889 ⁴³¹⁶)
374 2861 405 2884 v.
425 2854 478 2884 93.
