1778 3096
266 128 349 172 292
826 126 955 166 VAR.
988 126 1143 168 LECT.

269 241 425 293 scriptio
453 240 645 278 honestam
667 235 901 288 disciplinam
925 237 1181 288 polliceretur.
1229 237 1322 277 Illud
1344 239 1496 290 gravius
1519 245 1555 277 ct
1573 239 1713 277 acriori

270 297 568 350 reprehensione
602 293 776 344 dignuin,
816 291 912 343 quod
946 294 1086 331 veritus
1126 307 1198 331 non
1229 302 1287 332 cst
1323 296 1460 345 optimo
1494 301 1533 332 et
1560 294 1714 344 religio-

270 355 420 392 sissimo
461 349 701 400 imperatori,
746 347 988 393 Theodosio,
1039 349 1197 386 violatae
1235 350 1429 400 religionis
1469 350 1611 387 crimen
1651 347 1716 386 ad-

272 411 431 459 fingere.
491 405 641 442 Etenim
682 403 766 441 libri
796 406 884 441 noni
915 416 997 454 cap.
1026 407 1066 441 9.
1108 403 1221 441 tradit
1247 404 1441 443 Valentem
1473 412 1512 443 et
1539 402 1717 442 Theodo-

273 467 367 503 sium
396 462 588 511 Augustos
619 461 671 497 ita
700 458 869 497 scribere
898 458 944 496 ad
973 458 1208 505 Eudoxium,
1249 461 1477 511 praefectum
1509 460 1714 510 praetorio,

271 520 343 559 etsi
380 518 461 569 ipse
500 515 647 567 quidem
677 513 887 552 Eudoxium
924 528 997 552 non
1034 515 1219 552 nominat:
1267 518 1359 553 Cum
1396 518 1446 554 sit
1483 515 1591 554 nobis
1622 527 1717 552 cura

272 577 437 625 diligens
482 574 518 609 in
569 571 683 609 rebus
727 571 895 608 omuibus
932 571 1091 620 superni
1121 571 1285 608 numinis
1330 572 1548 620 religionem
1591 570 1714 608 tueri.-

272 633 432 680 Signum
462 627 678 666 Salvatoris
705 624 879 662 Cnmsn
907 626 1049 663 nemini
1069 625 1215 675 quidem
1246 627 1485 664 concedimus
1510 624 1715 669 coloribus,

274 686 399 736 lapide
436 684 557 721 aliave
596 681 758 719 materia
790 679 977 730 fingere,
1009 681 1262 729 ,insculperc,
1305 687 1373 718 aut
1404 682 1579 731 pingere.
1639 679 1721 718 Sed

273 741 531 793 quodcumque
557 737 774 787 reperitur,
807 736 896 773 tolli
920 735 1103 780 iubemus,
1130 736 1358 782 gravissima
1383 749 1506 786 poena
1534 748 1597 773 eos
1625 735 1720 772 mul—

274 796 411 841 tando,
444 793 512 843 qui
535 791 770 829 contrarium
799 791 960 828 decretis
985 791 1127 827 nostris
1156 798 1194 827 et
1223 791 1376 840 imperio
1405 791 1607 840 quidquam
1635 795 1720 827 ten-

274 851 451 890 taverint.
511 846 637 897 Atque
675 843 714 881 id
753 844 900 882 referre
940 856 981 881 se
1019 844 1072 882 ait
1110 856 1158 881 ex
1196 844 1301 882 libris
1330 844 1624 894 Augustalibusz
1666 844 1720 881 ita

273 905 396 950 enim,
427 903 555 952 inepta
584 898 740 951 quadam
770 900 1043 945 ostentatione,
1074 897 1254 937 Codicem
1284 899 1555 937 Iustinianeum
1583 905 1717 945 voeat3

273 961 405 999 nolens
433 970 517 995 eum
545 958 682 994 usitato
706 955 856 993 nomine
886 954 1092 1005 appellare,
1118 960 1158 992 ut
1184 954 1400 992 reconditos
1429 954 1572 1005 aliquos
1602 953 1719 992 libros

272 1022 436 1054 tractare
475 1011 681 1051 videretur.
743 1010 820 1048 Sed
858 1011 1027 1061 profecto
1067 1009 1201 1060 dignus
1241 1010 1332 1056 fuit,
1378 1010 1440 1061 qui
1478 1010 1563 1047 falsi
1599 1021 1721 1061 poena

272 1071 525 1123 plecteretur,
566 1079 679 1104 ausus
709 1067 968 1104 sanctissimae
997 1064 1286 1103 Constitutionis
1321 1065 1436 1102 verba
1477 1076 1718 1115 corrumpere

273 1133 313 1165 et
341 1138 421 1164 eam
460 1122 508 1161 ad
539 1122 767 1173 impietatem
799 1121 1039 1172 detorquere.
1098 1120 1155 1158 Ita
1191 1121 1289 1158 enim
1321 1120 1460 1170 legitur
1492 1120 1530 1158 in
1564 1119 1718 1158 Codicis

271 1180 467 1221 Iustiniani
503 1178 598 1216 libro
638 1179 783 1229 primo,
823 1177 928 1214 titulo
965 1183 1119 1214 octavo:
1160 1177 1276 1227 Impp.
1313 1177 1451 1215 Theoti.
1494 1182 1534 1214 ct
1561 1176 1715 1213 Valent.

272 1240 328 1277 A.
360 1238 414 1275 A.
451 1234 624 1272 Eudoxio
652 1235 693 1274 P.
723 1235 763 1271 P.
824 1234 912 1270 Cum
936 1233 990 1269 sit
1018 1231 1126 1269 nobis
1154 1244 1249 1269 cura.
1277 1231 1462 1281 diligens,
1489 1243 1563 1282 per
1595 1231 1718 1268 onmia

272 1291 433 1344 superni
464 1289 626 1327 numinis
666 1289 885 1337 reug-ionem
928 1289 1054 1324 tueri.-
1098 1287 1255 1335 Segnum
1290 1287 1505 1324 Salvatoris
1543 1284 1720 1323 Cnms'n

183 1357 247 1388 305
273 1347 416 1386 nemim·
441 1346 556 1383 licere
584 1344 646 1380 vel
667 1344 704 1381 in
732 1344 833 1388 solo,
876 1342 937 1379 vel
958 1343 997 1379 iu
1027 1342 1153 1386 silice,
1187 1342 1247 1378 vel
1271 1342 1309 1378 in
1337 1340 1588 1379 marmoribus
1617 1341 1724 1379 humi

267 1402 407 1455 positis
435 1399 649 1449 insculpere
685 1399 746 1436 vel
769 1398 955 1448 pingere,
997 1397 1064 1433 sed
1100 1397 1355 1447 quodcumque
1388 1398 1580 1446 reperitur
1613 1397 1716 1434 tolli:

271 1457 499 1508 gravissima
526 1465 652 1505 poena
690 1453 883 1490 multando
913 1465 985 1497 ee,
1027 1452 1096 1502 quc·
1127 1452 1359 1489 contrarium
1388 1453 1542 1489 statutis
1577 1452 1719 1489 nostris

274 1511 500 1555 tentaverit,
540 1508 758 1558 specialiter
790 1508 1031 1557 imperamus.
1090 1507 1182 1543 Dat.
1223 1507 1296 1542 xii.
1329 1508 1416 1545 Hal.
1448 1508 1533 1546 Iun.
1587 1507 1719 1545 Hierio

274 1574 315 1606 et
339 1565 564 1606 Ardaburio
593 1564 697 1601 Coss.
757 1561 816 1599 Ac
846 1573 892 1598 ne
928 1561 1009 1610 quis
1047 1560 1211 1597 fortasse
1241 1566 1366 1610 putet,
1408 1560 1520 1599 aliam
1549 1568 1720 1600 veterum

273 1623 453 1661 librorum
485 1617 707 1676 scripturam
737 1618 878 1655 fuisse:
920 1615 1039 1653 habeo
1068 1616 1150 1666 ipse
1181 1614 1363 1653 Codieem
1393 1617 1571 1668 scriptum
1601 1629 1720 1654 anuos

273 1678 409 1716 abhinc
437 1675 518 1713 fere
551 1681 767 1718 sexcentos,
793 1673 831 1709 in
860 1683 932 1722 quo
962 1671 1070 1722 plane
1100 1669 1232 1709 eodem
1263 1670 1386 1716 modo,
1412 1679 1452 1709 ut
1477 1672 1515 1709 in
1541 1672 1716 1722 vulgatis,

273 1733 426 1784 legitur.
485 1729 659 1768 Licuerit
698 1730 858 1766 fortasse
891 1725 1037 1764 Crinito
1072 1726 1110 1764 in
1151 1725 1264 1764 rebus
1302 1725 1452 1764 ludicris
1491 1740 1536 1765 ac
1575 1727 1718 1765 levibus

272 1789 380 1839 leges
420 1799 465 1825 ae
495 1783 828 1824 Senatusconsulta
855 1782 1092 1832 confingere:
1136 1789 1240 1819 certe
1271 1782 1308 1819 in
1349 1795 1390 1820 re
1419 1781 1466 1820 ad
1496 1782 1633 1820 cultum
1662 1781 1720 1820 di-

272 1845 351 1883 vini
396 1842 555 1881 numinis
603 1841 816 1892 pertinente
865 1837 1103 1888 imperatoris
1144 1837 1458 1875 commemorabili
1498 1838 1638 1890 pietate
1674 1850 1719 1876 ae

273 1898 457 1951 religione
489 1895 650 1949 praediti
664 1893 710 1949 ᾖ)
743 1894 957 1935 constitutio
986 1891 1257 1946 corrumpenda
1285 1906 1359 1931 non
1388 1893 1472 1932 fuit.

784 2001 1072 2044 CAPUT
1128 2000 1209 2043 IX.

330 2087 541 2124 Puerorum
570 2085 696 2130 lasus,
726 2083 860 2135 quibus
888 2083 1049 2120 max-imi
1069 2083 1246 2120 momente·
1269 2083 1424 2133 negotia
1447 2081 1664 2133 praeszgni-

859 2137 988 2188 ficata
1015 2144 1116 2175 sunt.

275 2207 450 2266 Somm
490 2226 597 2278 pueri
634 2221 819 2261 interdum
867 2222 1096 2261 colludentes
1133 2223 1269 2261 imitari
1310 2236 1376 2270 ea,
1426 2236 1520 2275 quae
1560 2223 1716 2261 maxime

275 2284 378 2321 seria
409 2288 515 2327 sunt;
557 2292 678 2331 neque
705 2291 792 2317 raro
822 2277 1115 2316 animadversum
1148 2286 1227 2324 est,
1264 2291 1390 2317 eorum
1421 2279 1573 2317 ludicris
1602 2291 1718 2330 quan-

274 2337 357 2377 dam
386 2338 532 2376 futurae
562 2336 674 2375 sortis
702 2347 746 2373 ae
775 2333 1007 2372 condicionis
1036 2334 1346 2384 significationem
1377 2335 1577 2372 contineri.
1636 2333 1717 2371 Ro-

273 2394 392 2432 mulus
432 2400 561 2437 certe,
611 2403 694 2429 cum
730 2388 851 2427 adhuc
889 2390 1041 2439 ignarus
1081 2402 1169 2427 suae
1209 2390 1365 2440 originis
1409 2390 1508 2427 inter
1542 2396 1714 2441 pastores

273 2448 498 2488 educaretur
511 2444 608 2500 ἢ),
652 2458 721 2484 rex
748 2444 794 2482 ab
833 2445 906 2482 illis
936 2458 1005 2495 per
1033 2444 1158 2482 ludum
1188 2452 1337 2483 creatus
1368 2451 1407 2483 et
1440 2457 1510 2496 per
1539 2457 1620 2483 eam
1649 2457 1714 2482 oe-

273 2505 462 2543 casionem
512 2501 559 2540 ad
602 2513 775 2552 magnum
813 2507 980 2551 patruum
1027 2500 1230 2551 perductus
1269 2500 1427 2552 puerilis
1465 2499 1713 2551 simplicitatis

270 2559 585 2611 praesagitionem
623 2569 665 2595 re
713 2569 757 2593 ae
797 2555 904 2593 factis
949 2556 1216 2607 comprobavit.
1287 2554 1397 2603 Quod
1435 2556 1554 2607 ipsum
1592 2561 1630 2593 et
1666 2553 1713 2592 (le

271 2615 375 2667 Cyro
391 2612 493 2666 ’Μ’Υὲ)
523 2613 680 2664 aliisque
706 2609 892 2663 proditum
922 2612 1104 2651 novimus.
1153 2609 1231 2650 Sed
1259 2617 1298 2649 et.
1330 2610 1378 2648 L.
1402 2609 1619 2662 Septimium
1642 2609 1712 2647 Se-

291 2752 308 2780 d
328 2714 388 2780 ix}
409 2714 552 2780 Siumipm
573 2718 616 2740 ex
635 2710 701 2741 cic.
723 2710 802 2739 orat.
822 2715 880 2745 pro
899 2710 999 2739 Marc.
1019 2715 1088 2744 cap.
1107 2707 1137 2737 4.
1157 2708 1211 2739 ubi
1230 2707 1300 2738 iure
1319 2709 1446 2738 notatur
1465 2714 1486 2738 a
1504 2707 1630 2739 Wolfio.
1663 2706 1712 2739 Cf.

267 2758 287 2781 a
389 2773 397 2780 .
441 2772 449 2780 0
515 2757 600 2778 AESI.

342 2798 411 2834 -zt--th
431 2797 503 2828 vid.
523 2798 594 2827 Liv.
615 2798 638 2826 1.
660 2797 690 2826 4.
726 2795 861 2831 Dionys.
879 2793 1042 2825 Halicarn.
1061 2793 1171 2829 Antiq.
1191 2794 1281 2824 Rom.
1300 2795 1326 2825 1.
1346 2792 1397 2831 79,
1417 2793 1469 2824 81.

339 2846 433 2882 *³:223
453 2845 603 2876 Hei-odet.
624 2844 678 2875 lib.
698 2846 721 2874 1.
743 2851 812 2881 cap.
834 2843 906 2874 114.
