1726 3106
351 615 431 671 M.
485 615 856 672 ANTONII
905 614 1267 671 MURETI
1558 642 1646 673 12n.

764 727 853 760 AD

88 812 859 884 HIPPOLYTUM
928 813 1529 887 ESTENSEM

368 938 402 965 S.
440 938 481 963 R.
521 939 560 964 E.
602 937 868 965 CARmNALEM
907 938 1255 966 ILLUSTRISSIMUM

255 1054 739 1103 VARIARUM
802 1056 1355 1106 LECTIONUM

453 1158 722 1197 LIBER
798 1159 1158 1199 SEXTUS.

611 1374 898 1412 CAPUT
965 1375 998 1412 Ι.

88 1452 144 1489 De
172 1451 508 1501 praenotc'om'bus,
549 1452 684 1501 quibus
717 1453 958 1490 scientiarum
989 1453 1149 1490 omm'um
1173 1455 1365 1505 principia
1393 1458 1528 1497 deben-

199 1515 279 1544 tur.
338 1507 577 1557 Explicatzmz
607 1514 646 1544 et
673 1514 882 1545 correctum
916 1508 1140 1557 pm‘rzez'piutn
1162 1512 1417 1559 posteriorum

527 1563 819 1612 Analylz'corum
848 1563 1081 1600 Aristotelis.

88 1638 281 1704 EORUM,
318 1672 412 1709 quae
441 1658 485 1696 ab
518 1659 723 1697 hominihus
753 1667 815 1697 aut
844 1659 1061 1706 discuntur,
1103 1668 1166 1698 aut
1195 1660 1396 1710 docentur,
1435 1680 1527 1704 non-

89 1715 186 1753 nulla
220 1713 403 1751 eiusmodi
444 1721 552 1760 sunt,
594 1722 634 1751 ut
664 1716 772 1766 plane
804 1716 937 1752 nullam
971 1716 1103 1753 mentis
1135 1718 1372 1766 agitationem
1404 1723 1527 1771 requi-

90 1770 211 1808 rentia
254 1782 365 1806 sensu
402 1782 518 1820 prope
552 1770 714 1808 nitantur
750 1784 844 1808 uno:
881 1771 978 1819 alia,
1018 1772 1054 1807 in
1096 1772 1227 1822 quibus
1267 1781 1385 1811 motus
1423 1777 1527 1826 quasi

90 1824 234 1876 quidam
274 1825 407 1862 mentis
449 1826 684 1863 necessarius
723 1833 805 1871 est,
845 1825 1122 1876 progredientis
1163 1840 1210 1864 ex
1251 1841 1324 1865 uno
1363 1830 1398 1866 in
1427 1831 1527 1869 aliud

89 1881 259 1930 viamque
305 1880 374 1917 sibi
407 1880 578 1930 paulatim
617 1893 665 1918 ex
706 1881 787 1918 aliis
821 1880 865 1917 ad
907 1881 977 1918 alia
1011 1882 1223 1919 munientis,
1282 1882 1434 1922 Etenim
1466 1886 1527 1923 ubi

91 1935 172 1985 quis
212 1935 371 1985 exempli
409 1948 542 1972 caussa
580 1936 714 1973 saltare
755 1935 887 1981 discit,
927 1936 1027 1973 nullo
1065 1935 1111 1973 ad
1152 1949 1232 1973 eam
1272 1951 1348 1976 rem
1393 1943 1527 1978 mentis

90 1996 192 2027 motu
230 1989 391 2039 indiget:
433 1996 569 2026 tantum
601 2004 691 2041 opus
719 1998 803 2036 est,
844 1998 908 2035 ut,
949 1989 1044 2041 quod
1077 1992 1292 2042 magistrum
1325 1995 1526 2034 facientem

90 2043 248 2090 viderit,
287 2045 323 2081 id
359 2045 438 2094 ipse
474 2058 617 2095 quoquc
648 2046 784 2083 imitari
812 2045 982 2091 studeat,
1025 2053 1063 2083 et
1092 2059 1160 2092 ea,
1197 2060 1291 2098 quae
1324 2049 1447 2096 videt,
1489 2053 1526 2089 in

92 2100 272 2138 memoria
311 2100 488 2149 infigere:
533 2107 595 2146 ut,
639 2114 718 2138 cum
758 2101 857 2137 volet
895 2108 1045 2151 postea,
1094 2103 1202 2139 etiam
1242 2104 1324 2142 sine
1362 2105 1526 2143 doctoris

91 2167 227 2205 opera,
276 2154 406 2192 eodem
454 2154 560 2192 modo
596 2162 705 2206 atque
748 2155 879 2193 ordine
917 2169 1051 2207 corpus
1090 2170 1240 2195 movere
1280 2162 1411 2210 possit.
1477 2162 1528 2199 Iis

90 2217 214 2248 autem
259 2210 295 2247 in
334 2210 446 2247 rebus
486 2211 621 2247 nullum
660 2212 809 2248 omniuo
838 2212 972 2248 mentis
1004 2225 1087 2249 esse
1119 2226 1272 2260 munus,
1319 2217 1376 2253 vel
1406 2229 1453 2253 cx
1483 2230 1528 2254 eo

91 2265 251 2314 intelligi
293 2272 439 2316 potest,
478 2264 575 2316 quod
612 2266 701 2304 talia
745 2267 852 2304 etiam
893 2266 1035 2304 bestiae
1077 2266 1248 2306 discunt:
1292 2270 1461 2322 quodque
1491 2273 1528 2308 in

91 2319 278 2357 hominum
314 2333 453 2370 genere
491 2334 563 2358 non
604 2322 723 2358 minus
767 2335 879 2373 saepe
918 2321 1024 2359 tardo
1056 2329 1094 2359 et
1124 2323 1249 2361 hebeti
1277 2338 1382 2375 quam
1414 2327 1530 2364 celeri

91 2381 131 2412 et
168 2382 276 2412 acuto
306 2374 486 2426 praeditis
516 2376 664 2425 ingenio
694 2377 817 2413 talium
850 2378 980 2414 artium
1015 2380 1278 2426 praestantiam
1309 2383 1529 2431 contingere

91 2427 274 2467 videmus.
333 2430 392 2467 Ac
423 2444 505 2468 cum
537 2431 599 2468 illa
628 2432 900 2483 philosophiae,
932 2439 970 2469 ut
999 2433 1048 2469 ita
1081 2433 1253 2480 dixerim,
1286 2449 1530 2486 progymnas-

93 2491 190 2522 mata
233 2483 431 2532 discimus,
486 2499 579 2536 quac
629 2494 780 2538 propter
820 2488 1091 2538 perfectionem
1133 2502 1326 2528 commune
1365 2491 1529 2542 discipli-

93 2551 223 2577 narum
259 2553 391 2578 nomen
429 2540 633 2579 effecerunt
663 2556 793 2580 suum:
843 2543 1027 2593 multoque
1059 2544 1200 2593 magis,
1247 2559 1328 2583 cum
1359 2546 1404 2583 ad
1431 2548 1528 2586 illam
1562 2552 1620 2582 121

93 2595 213 2645 ipsam
254 2594 430 2632 bonorum
466 2598 625 2634 omnium
666 2606 857 2648 parentem
898 2598 1168 2649 philosophiam
1201 2600 1435 2640 accedimus:
1478 2602 1529 2639 ihi

94 2662 185 2687 vero
225 2650 390 2687 cernitur
425 2657 462 2688 ct
492 2659 690 2690 exercetur
720 2654 780 2690 illa
810 2655 889 2698 vis,
936 2667 1042 2704 quam
1073 2653 1239 2700 Graeci,
1281 2669 1434 2705 quorum
1465 2657 1535 2694 fuit

95 2710 134 2742 et
162 2703 330 2742 doctrina
363 2706 502 2751 maior,
535 2714 572 2744 et
598 2708 795 2746 verborum
826 2709 935 2759 eopia
966 2709 1142 2755 uberior,
1181 2708 1379 2759 διάνοιαν,
1411 2712 1536 2763 vulga-

94 2771 157 2797 res
206 2760 412 2810 sapientiae
450 2762 617 2811 magistri
664 2777 735 2800 non
771 2763 908 2801 usitato
946 2763 1136 2801 veteribus
1187 2767 1304 2817 magis
1342 2779 1450 2817 quam
1490 2766 1538 2804 ad

94 2826 173 2852 rem
228 2813 505 2866 exprimendam
551 2830 622 2855 non
669 2826 755 2870 apto
805 2818 984 2857 vocabulo
1030 2819 1238 2858 de'scursum
1285 2823 1536 2861 nominarunt.

1196 2879 1265 2922 8*
