1726 3106
153 115 236 159 200
717 115 848 157 VAR.
877 113 1034 158 LECT.

156 228 319 266 omnium
354 226 599 266 saluberrima
630 232 741 274 utor,
784 240 915 278 aquam
946 227 1130 279 pluviam,
1165 226 1392 267 circumdata
1428 228 1514 268 nive
1542 242 1604 269 re·
1644 249 1647 252 ⁴

157 284 397 334 frigeratam:
430 282 497 320 scd
521 294 608 320 esse
635 283 673 319 in
703 283 765 321 illa
794 282 893 321 aliud
923 296 997 321 non
1025 283 1145 320 minus
1173 283 1459 323 incommodum.
1507 283 1604 324 Cum

158 340 256 377 enim
288 338 418 376 humor
445 339 481 376 vi
514 338 668 388 frigoris
705 337 887 378 densetur
923 351 968 377 ac
1003 339 1215 376 concrescit
1249 340 1285 377 in
1315 341 1438 378 nivem
1475 346 1539 378 aut
1567 341 1605 379 in

157 395 341 444 glaciem,
373 406 467 444 quae
498 400 625 444 partes
655 393 692 431 in
722 408 767 432 eo
798 393 1014 432 subtiliores
1042 406 1086 431 ac
1117 395 1309 433 tenuiores
1338 402 1439 441 sunt,
1472 408 1535 433 eas
1566 396 1605 434 in

157 450 220 487 illo
259 450 340 499 ipso
380 461 599 499 compressu
646 461 876 488 evanescere
916 463 960 487 ac
999 448 1133 487 difflari
1174 462 1334 489 necesse
1374 457 1456 488 est:
1505 451 1606 488 solas

158 512 281 543 autem
316 517 466 542 manere
506 504 714 543 crassiores
745 512 782 543 et
822 503 1139 556 ponderosiores,
1181 504 1216 542 id
1245 512 1303 543 cst
1342 506 1459 557 ipsius
1488 519 1606 558 aquae

158 559 264 610 quasi
294 559 422 597 faeces
461 559 637 610 quasdam
675 574 718 598 ac
748 562 980 598 retrimenta.
1041 559 1170 610 Itaque
1204 560 1235 597 si
1274 561 1354 612 quis
1393 574 1458 599 vas
1488 574 1606 612 aquae

157 615 245 665 gelu
274 613 492 652 adstrictum
513 614 659 653 admoto
692 616 777 666 igne
808 615 1002 660 dissolvat,
1028 616 1150 652 minor
1179 615 1309 653 modus
1332 630 1467 667 aquae,
1500 630 1608 668 quam

158 677 268 708 antca
313 671 457 717 fuerat,
503 672 729 721 reperietur.
800 669 910 719 Quod
950 678 1169 720 argumento
1209 678 1290 717 est,
1341 672 1379 710 in
1416 673 1480 710 illa
1519 686 1612 710 con-

159 725 327 763 cretione
358 734 497 776 partem
526 726 684 776 aliquam
717 726 860 764 abiisse
885 740 929 764 ac
949 725 1165 776 dissipatam
1189 739 1287 764 esse.
1339 726 1465 765 Nocet
1494 728 1610 778 igitur

158 780 378 831 corporibus
411 794 482 818 non
515 788 586 818 tam
619 781 761 832 frigore
792 783 897 832 ipso,
940 794 1047 832 quam
1073 781 1323 819 crassitudine
1353 796 1396 819 ac
1426 782 1607 834 pondere.

158 836 286 886 Itaque
317 837 464 873 etiamsi
495 836 675 874 dissoluta
705 838 873 883 calefiat,
906 850 1025 888 acque
1057 839 1167 874 noxia
1200 838 1288 876 erit.
1348 837 1432 875 Hoc
1463 840 1608 888 vitium,

160 890 258 941 quod
289 893 484 929 maximum
516 898 597 938 est,
636 892 682 930 ab
713 892 803 938 hac,
841 906 912 944 qua
943 905 1014 942 ego
1046 899 1157 938 utor,
1188 892 1326 930 abesse
1354 900 1459 931 certe
1488 893 1608 933 vides.

160 946 233 985 His
264 945 372 984 dictis
398 954 435 984 et
456 960 497 985 re
524 948 632 998 paulo
654 948 866 985 accuratius
892 947 1132 986 considerata
1160 948 1361 998 acquievit.
1406 948 1449 986 ln
1479 948 1612 988 codem

160 1009 280 1040 autem
314 1002 376 1039 illo
401 1001 590 1040 Macrobii
619 1003 700 1051 loco
731 1004 934 1041 leviuscula
958 1002 1138 1054 quaedam
1166 1010 1363 1053 praeterea
1394 1016 1442 1041 ex
1470 1006 1612 1044 veteris

160 1057 246 1095 libri
280 1057 351 1096 fide
383 1071 404 1095 a
435 1071 493 1097 mc
523 1058 721 1096 emendata
752 1066 872 1097 crant.
919 1058 1018 1096 Nam
1041 1059 1103 1096 ubi
1131 1059 1284 1108 legitur,
1316 1071 1413 1109 qaae
1441 1067 1501 1098 est
1526 1074 1612 1099 cor-

154 1115 314 1164 pulenta
351 1120 438 1163 post
472 1121 638 1161 terram,
685 1121 792 1152 votus
831 1114 1016 1152 habebat:
1066 1127 1141 1165 qua
1179 1121 1236 1152 esc
1272 1116 1494 1164 corpulenta
1523 1122 1617 1167 post

70 1174 133 1205 210
163 1175 304 1207 terram
321 1166 395 1219 >i³):
437 1176 475 1206 ct
513 1170 620 1220 paulo
650 1177 732 1221 post
769 1171 977 1216 coalescit,
1021 1169 1083 1207 ubi
1112 1169 1223 1220 vulgo
1260 1169 1399 1219 legitur
1434 1172 1610 1210 calescit.-

162 1230 200 1261 et
232 1224 359 1274 paucis
389 1231 472 1275 post
500 1225 626 1263 verbis
654 1239 736 1262 cam
767 1227 1014 1271 demeretur,
1047 1239 1145 1271 non,
1177 1232 1217 1262 ut
1245 1225 1379 1274 vulgo,
1410 1238 1491 1263 cum
1521 1228 1613 1264 clen-

160 1285 329 1317 saretar.
391 1277 581 1330 Certeque
612 1281 782 1327 denseri,
820 1294 895 1318 non
927 1282 1102 1325 densari,
1145 1281 1254 1317 etiam
1285 1279 1382 1329 apud
1412 1280 1613 1330 Virgilium

162 1341 200 1373 ct
228 1333 324 1387 apud
353 1333 556 1374 Horatium
571 1334 652 1389 affl)
684 1335 782 1387 legi,
820 1336 884 1374 alii
915 1348 1061 1388 quoque
1090 1336 1164 1373 iam
1193 1333 1340 1387 pridem
1368 1344 1609 1376 annotarunt.

692 1470 724 1510 C
754 1470 791 1509 A
822 1470 854 1509 P
882 1472 918 1510 U
946 1472 981 1510 T
1037 1470 1089 1510 X.

188 1549 246 1587 De
275 1549 367 1587 locis
396 1547 617 1600 quibusdam
646 1562 667 1587 e
691 1549 820 1600 prima
851 1550 1024 1601 Epistola
1054 1547 1148 1587 libri
1166 1549 1288 1599 prz‘mz‘
1311 1548 1365 1587 ad
1388 1550 1578 1590 Atticum.

161 1626 332 1685 B'IULTA
371 1654 457 1686 sunt
483 1647 604 1686 adhuc
640 1648 678 1686 in
718 1648 887 1700 epistolis
911 1647 958 1686 ad
984 1648 1152 1686 Atticum
1190 1647 1414 1699 depravata}
1454 1650 1525 1688 etsi
1558 1650 1615 1688 eis

163 1710 201 1741 et
220 1702 413 1741 Manutius
445 1704 516 1741 iam
549 1703 708 1755 pridem,
738 1711 774 1742 et
801 1711 883 1755 post
914 1717 996 1741 eum
1023 1704 1085 1742 alii
1116 1703 1251 1742 eruditi
1278 1704 1448 1742 homines
1479 1719 1615 1756 magno

163 1765 299 1796 conatu
336 1760 484 1797 multum
528 1760 610 1809 opis
647 1760 864 1798 attulerunt.
923 1760 1007 1797 Nos
1048 1773 1192 1810 quoque
1230 1773 1295 1809 pro
1336 1768 1446 1810 captu
1486 1769 1615 1799 nostro

163 1813 302 1864 aliquid
333 1827 459 1852 earum
487 1814 664 1853 studiosis
696 1823 889 1866 praestare
918 1815 1150 1862 conabimur,
1174 1814 1414 1866 dabimusque
1444 1829 1611 1867 operam,

161 1876 202 1907 nt
231 1870 326 1907 liber
353 1870 576 1921 prudentiae
608 1878 647 1908 et
669 1872 881 1921 elegantiae
910 1871 1150 1922 plenissimus
1174 1877 1301 1909 nostra
1322 1884 1467 1922 quoque
1499 1885 1617 1924 opera

163 1924 317 1962 nitidior
358 1933 396 1963 et
435 1925 667 1964 emendatior
703 1927 865 1977 legatur.
925 1926 983 1964 Ac
1022 1927 1176 1978 primum
1219 1940 1291 1965 non
1329 1925 1484 1972 dubito,
1526 1928 1615 1979 quin

162 1980 267 2018 locus
299 1981 361 2018 ille
403 1995 449 2019 ex
487 1982 643 2033 epistola
684 1983 802 2032 prima
820 1980 917 2033 *Μὴ
958 1982 1010 2019 ita
1040 1981 1219 2032 distingui
1249 1981 1407 2020 debeat:
1450 1984 1616 2022 Prensat

162 2048 260 2072 zenas
289 2038 332 2074 P.
366 2037 500 2075 Galba.
551 2039 644 2077 Sine
660 2037 759 2090 fuco
783 2051 828 2075 ac
847 2037 1041 2089 fallaciis,
1069 2051 1173 2075 more
1199 2039 1398 2083 maiorum,
1431 2045 1612 2088 negatur.

161 2090 297 2141 Neque
330 2092 427 2129 enim
459 2093 540 2130 sinc
568 2094 653 2131 fuco
682 2106 725 2130 ac
754 2093 914 2135 fallaciis
940 2093 1096 2130 Galbam
1126 2106 1306 2143 prensare
1337 2091 1451 2130 dicit:
1483 2092 1547 2131 sed
1577 2094 1615 2131 ei

162 2147 355 2196 prensanti
385 2147 554 2185 homines
586 2156 715 2198 aperte
753 2161 796 2185 ac
835 2148 915 2185 sine
947 2148 1168 2185 circuitione
1212 2148 1284 2185 ulla
1315 2160 1479 2198 negare:
1516 2147 1616 2199 quod

162 2202 290 2239 iocans
320 2202 400 2252 ipse
431 2216 535 2240 more
568 2203 747 2240 maiorum
779 2203 861 2240 fieri
892 2202 1006 2248 dicit,
1047 2203 1109 2254 qui
1137 2203 1341 2253 simplicius
1372 2203 1548 2241 vivebant
1577 2211 1616 2243 et

162 2263 293 2307 aperte
328 2270 370 2294 ac
401 2258 484 2295 sine
520 2258 627 2301 fuco,
670 2271 763 2309 quae
805 2259 841 2295 in
881 2265 1033 2309 pectore
1073 2259 1282 2304 habebant,
1327 2259 1612 2310 eloquebantur,

162 2311 325 2350 nondum
352 2320 502 2363 reperto
530 2314 690 2351 artificio
722 2313 939 2351 mentiendi.
999 2314 1078 2351 Iam
1108 2313 1218 2360 illud,
1250 2313 1347 2365 quod
1379 2314 1486 2365 paulo
1515 2315 1615 2352 infra

161 2369 321 2418 positum
351 2376 432 2414 est,
477 2370 523 2407 Ut
541 2369 713 2421 frontem
739 2367 893 2417 fer-ias,
937 2382 1009 2406 non
1041 2368 1192 2407 dubium
1230 2377 1312 2415 est,
1352 2370 1439 2420 quin
1477 2370 1615 2407 babeat

163 2423 480 2473 significationem
516 2424 803 2475 indignationis,
854 2432 893 2461 ut
923 2431 1027 2462 recte
1059 2425 1248 2463 annotavit
1277 2424 1488 2463 Manutius.
1547 2425 1615 2464 Sic

160 2484 200 2516 et
227 2477 323 2529 apud
351 2478 592 2518 Plutarchum
623 2480 660 2518 in
681 2480 863 2532 'Pompeio
879 2478 954 2533 †)·
988 2479 1054 2520 καὶ
1079 2477 1317 2534 πληξάμενος
1343 2476 1414 2532 τὴν
1441 2476 1616 2532 ’κεφαλὴν

239 2611 281 2649 ἕξ)
302 2613 356 2642 Sic
375 2613 438 2642 iam
459 2613 532 2642 edit.
556 2613 740 2648 Gryphiana
758 2613 858 2648 Lugd.
879 2614 950 2642 Bat.
972 2613 1063 2642 1542.
1085 2620 1156 2649 pag.
1178 2613 1250 2644 546.
1280 2613 1365 2649 quod
1385 2615 1418 2644 et
1435 2613 1471 2643 in
1487 2606 1612 2650 Bipont.

163 2650 212 2680 ed.
233 2659 316 2680 nunc
336 2655 508 2688 receptum,
532 2651 610 2680 item
630 2660 671 2681 ex
692 2660 779 2687 seqq.
798 2652 956 2686 coalescit,
976 2659 1039 2680 non
1060 2651 1135 2680 item
1155 2652 1347 2681 demeretur.

239 2699 308 2733 *³20
328 2700 410 2728 Vide
430 2699 612 2728 Bentleium
633 2700 672 2728 ad
693 2701 767 2729 Hor.
790 2700 847 2728 od.
868 2701 891 2728 Ι.
912 2700 964 2736 28,
987 2700 1036 2729 19.
1070 2699 1180 2728 Heins.
1206 2700 1247 2729 ad
1268 2699 1361 2730 ovid.
1380 2700 1509 2730 Metam.
1528 2698 1612 2729 XIV.

163 2736 236 2767 369.
269 2737 473 2766 Ramsnomii
494 2738 547 2766 Gr.
566 2738 638 2766 Lat.
659 2739 754 2773 ampl.
775 2737 806 2774 S.
829 2737 869 2765 74
889 2742 972 2766 extr.
992 2744 1065 2773 pag.
1087 2739 1149 2767 212
1167 2745 1216 2774 sq.

239 2785 332 2821 *³³30
354 2785 386 2822 S.
409 2788 438 2815 1.
474 2787 565 2815 Haec
583 2785 743 2816 distinctio
762 2787 803 2816 ab
822 2785 998 2816 editoribus
1017 2788 1157 2823 recepta.

239 2831 286 2870 ἦ)
307 2841 379 2869 pag.
399 2834 471 2865 658.
492 2835 527 2865 C.
