1778 3096
142 1945 203 1976 291

208 131 289 176 278
779 128 913 170 VAR.
945 127 1098 168 LECT.

697 237 730 278 C
759 238 798 277 A
828 237 860 277 P
889 237 921 277 U
949 238 984 276 T
1039 236 1166 277 XVI.

402 317 639 358 proverbium
669 317 717 355 ub
748 317 835 355 allis
856 316 1166 368 praetermissum
1196 328 1215 353 e
1247 314 1467 354 Plutarcho.

215 397 537 455 Ruri-:mumma
557 416 723 455 nonnulli
743 416 927 461 hominm,
950 415 1028 465 qui,
1051 412 1135 451 dum
1162 414 1273 452 faceti
1295 427 1338 452 ac
1365 413 1515 451 dicaces
1539 409 1661 450 videri

216 474 365 518 volunt,
414 473 549 510 nullam
585 472 682 510 salse
712 470 851 523 aliquid
888 468 1038 508 dicendi
1078 470 1312 507 occasionem
1362 468 1663 520 praetermittunt

216 528 429 578 maluntque
471 540 583 579 saepe
623 527 782 565 amicum
821 539 927 578 quam
969 525 1105 563 dictum
1146 524 1304 576 perdere
1321 523 1393 577 ῆς
1444 524 1663 574 faciliusque

217 585 399 621 flammam
430 582 624 622 ardentem
655 584 690 620 in
723 595 814 628 ore,
856 595 963 632 quam
994 579 1130 618 dietum
1160 579 1308 630 aliquod
1339 580 1545 618 aculeatum
1574 591 1665 617 cou-

218 635 487 692 tiue1·ent**).
547 638 651 677 Talis
680 645 762 676 erat
790 638 878 684 ille,
910 635 957 674 de
988 649 1060 687 quo
1089 635 1270 673 Horatius
1287 634 1404 688 ***):

804 715 891 753 dum
923 714 1031 752 modo
1064 714 1182 753 re‘secm

384 772 573 810 Emeutz'ac
600 770 696 818 sibi,
726 784 801 809 non
829 771 892 808 laic
921 771 1093 820 culquam
1119 774 1257 819 parcet
1283 769 1417 806 amico.

219 847 354 899 Neque
384 849 421 885 in
450 849 614 899 privatos
640 845 749 884 modo
779 860 822 885 ae
853 847 967 884 sortis
998 859 1087 883 suae
1118 845 1312 891 homines,
1342 842 1408 882 sed
1437 849 1476 882 et
1500 843 1536 881 in
1564 842 1669 894 prin-

221 903 325 953 cipes
355 903 596 941 immoderata
631 903 692 940 illa
722 901 970 941 maledicendi
1008 900 1162 939 libidine
1195 901 1418 938 abutuntur:
1458 912 1532 937 non
1566 898 1671 948 cogi-

220 965 367 1005 tantes,
408 972 515 1010 quam
552 959 701 996 stultum
731 959 779 995 sit
815 958 982 996 scribere
1021 957 1057 994 in
1091 969 1179 1002 eos,
1222 957 1283 1007 qui
1314 960 1468 1005 possunt
1508 953 1671 1005 proseri-

221 1013 313 1052 bere
328 1013 402 1067 ’ὓς
437 1021 497 1060 et,
528 1021 567 1051 ut
597 1013 734 1052 Cicero
750 1013 834 1066 ††)
864 1012 1001 1051 alicubi
1031 1013 1215 1063 loquitur,
1255 1009 1378 1062 gladio
1407 1006 1673 1061 ἀντιμυκτηρὶ-

221 1070 307 1117 ζειν.
366 1069 483 1109 Vitae
523 1069 637 1120 igitur
675 1070 843 1120 periculo
879 1068 1088 1106 dicacitatis
1126 1068 1258 1105 famam
1298 1072 1529 1116 aucupantur
1566 1076 1673 1114 spar-

222 1132 388 1175 guntque
433 1137 547 1163 voces
592 1138 660 1176 per
702 1125 867 1175 iugulum
908 1125 1068 1161 fortasse
1112 1122 1322 1160 redituras:
1374 1133 1418 1158 ae
1457 1120 1674 1172 plerumque

223 1180 437 1218 levissimae
467 1181 542 1226 rei,
569 1187 609 1217 ut
636 1179 744 1217 Plato
775 1178 987 1232 ait†††)‚
1017 1178 1231 1224 verborum,
1263 1176 1504 1227 gravissimas
1531 1187 1674 1226 poenas

225 1235 419 1274 sufferunt.
475 1235 535 1272 Ac
565 1248 612 1273 ne
642 1236 775 1272 mortui
808 1235 955 1285 quidem
986 1234 1095 1271 aliam
1127 1232 1339 1271 mercedem
1378 1232 1524 1278 ferunt,
1565 1242 1674 1282 quam

224 1296 265 1328 ut
295 1288 340 1328 de
371 1291 429 1328 eis
461 1289 631 1336 dicatur,
664 1290 762 1341 quod
791 1289 837 1327 de
866 1289 1026 1328 Tantalo
1055 1288 1259 1339 Euripides
1278 1285 1341 1340 ἧς),

446 1363 660 1417 ἀκόλαστον
688 1365 769 1419 ἔσχε
796 1369 990 1421 γλῶσσαν,
1021 1365 1215 1418 αἰσχίστην
1242 1361 1368 1405 νόσον.

225 1442 422 1482 Eiusmodi
449 1444 619 1482 homines
645 1444 870 1483 Plutarchus
899 1445 935 1482 in
967 1444 1252 1489 commentario,
1283 1456 1355 1493 quo
1385 1439 1514 1487 tradit,
1545 1439 1678 1491 quibus

225 1499 323 1536 notis
359 1497 530 1537 adulator
568 1500 615 1538 ab
655 1500 774 1537 amico
812 1498 977 1537 discerni
1016 1496 1239 1550 queat**)‚
1281 1498 1355 1542 ait,
1402 1493 1473 1547 τὴν
1511 1494 1599 1548 περὶ
1632 1492 1676 1535 τὸ

226 1552 350 1606 φρέαρ
389 1550 545 1607 ὄρχησιν
582 1551 746 1606 ἀτεχνῶς
781 1551 989 1606 ὀρχεῖσθαι.
1048 1552 1158 1600 Quod
1188 1566 1271 1589 cnm
1302 1551 1492 1603 proverbii
1522 1552 1679 1601 liguram

227 1609 370 1647 habere
404 1609 600 1657 videatur,
638 1611 782 1661 quaesii
812 1622 949 1660 nuper,
992 1621 1076 1647 num
1116 1609 1154 1645 in
1192 1608 1289 1645 illam
1321 1606 1552 1658 praeclaram
1589 1619 1681 1643 cou-

228 1665 371 1715 geriem
402 1664 644 1716 adagiorum,
676 1678 770 1717 quae
798 1665 1016 1703 Florentiae
1049 1677 1131 1701 cum
1161 1670 1215 1700 tot
1243 1662 1427 1714 speciosis
1460 1674 1503 1699 ae
1537 1662 1681 1711 magni-

229 1720 312 1758 ficis
340 1720 458 1759 titulis
487 1721 668 1772 impressa
698 1729 773 1759 tum
804 1721 959 1772 primum
989 1718 1205 1771 prodierat,
1241 1719 1396 1757 relatum
1428 1723 1543 1755 esset.
1603 1715 1682 1754 Sed

229 1775 301 1813 hoc
329 1774 413 1814 dum
443 1790 601 1829 quaem,
626 1789 672 1814 ea
699 1776 792 1824 vidi,
823 1789 917 1827 quae
948 1776 1087 1814 vidisse
1117 1775 1250 1825 piguit.
1304 1773 1438 1824 Neque
1466 1785 1538 1823 ego
1567 1771 1681 1809 ullum

231 1844 400 1882 umquam
439 1833 588 1883 inspexi
625 1832 780 1878 librum,
829 1833 890 1882 qui
931 1832 1049 1881 magis
1093 1830 1332 1867 confirmaret
1372 1835 1478 1866 vetus
1517 1826 1678 1865 dietum:

230 1888 399 1937 Magnus
437 1887 557 1934 liber,
607 1901 784 1938 magnum
822 1889 959 1925 malam
982 1883 1100 1937 ἋγκῆΜΕ).
1162 1885 1317 1922 Sublata
1355 1882 1502 1935 quidem
1539 1882 1679 1929 omnia,

233 1955 328 1992 quae
357 1943 501 1992 piorum
531 1944 675 1981 animos
705 1941 896 1981 offendere
927 1948 1122 1993 poterant,
1159 1941 1353 1978 existimo:
1387 1951 1508 1989 neque
1537 1937 1680 1983 dubito,

232 1998 319 2048 quin
351 1996 563 2048 Episcopus
594 1998 824 2049 Regiensis,
869 2010 940 2048 qua
977 2010 1099 2035 rerum
1137 2009 1325 2033 sacrarum
1363 1995 1611 2044 intelligentia
1645 1999 1683 2030 et

233 2065 303 2104 qua
331 2052 368 2090 in
405 2053 518 2090 rebus
549 2053 620 2091 sibi
650 2053 833 2091 mandatis
865 2053 1059 2103 diligentia
1089 2058 1172 2097 est,
1214 2050 1310 2100 quod
1341 2063 1487 2087 suarum
1525 2048 1684 2099 partium

233 2114 338 2153 erat,
370 2108 527 2158 egregie
558 2110 812 2159 praestiterit:
850 2107 916 2145 sed
948 2108 1079 2146 vellem
1109 2105 1247 2156 aliquid
1277 2105 1494 2155 diligentiae
1523 2104 1568 2141 ab
1598 2103 1682 2140 aliis

233 2163 403 2201 collatum
430 2162 477 2200 ad
506 2176 550 2201 ea
578 2176 723 2215 quoque
749 2162 930 2209 tollenda,
953 2175 1047 2213 quae
1075 2160 1274 2199 ineruditis
1299 2173 1468 2198 errorem
1498 2158 1682 2205 obiicere,

311 2280 354 2315 κε)
376 2279 606 2314 Quinctilianus
626 2281 702 2309 Inst.
724 2280 776 2308 Or.
796 2278 850 2308 lib.
872 2278 926 2307 Vt.
946 2284 1015 2312 ean.
1035 2278 1066 2305 3.
1087 2277 1119 2312 ς.
1141 2277 1192 2304 28.
1225 2276 1365 2304 Laedere
1382 2281 1538 2311 nunquam
1556 2276 1686 2304 velimus

233 2319 385 2355 tonqeque
403 2318 482 2346 absit
500 2318 694 2352 propositum
713 2318 808 2354 illud,
838 2317 977 2351 potius
997 2316 1161 2343 amicum
1181 2321 1254 2349 qua
1268 2321 1297 2341 m
1317 2314 1464 2342 dictum
1482 2314 1686 2348 perdendi.

311 2368 378 2400 -:::-·:::<)
408 2367 536 2395 Dictum
557 2368 606 2394 est
626 2365 719 2394 Ennii
748 2373 799 2400 ap.
822 2364 886 2394 Cic.
909 2364 948 2391 de
972 2364 1023 2392 Or.
1045 2363 1099 2391 tit».
1120 2364 1159 2391 Π.
1179 2369 1248 2397 cap.
1268 2363 1319 2391 54.
1341 2363 1373 2398 §-
1395 2363 1466 2392 222.
1495 2362 1648 2398 stammam
1666 2370 1687 2392 α

235 2406 374 2441 sapiente
391 2404 518 2438 facilius
538 2411 605 2432 ore
625 2404 664 2431 in
683 2403 857 2432 ardente
878 2403 1029 2437 opprimi,
1050 2408 1140 2437 quam
1161 2401 1241 2428 bona
1260 2401 1343 2429 dicta
1362 2401 1473 2430 teneat.

315 2452 408 2487 ιὶε-εἱεεῑε)
430 2452 526 2480 Satir.
546 2453 570 2479 l.
590 2450 621 2488 4,
642 2451 684 2479 34
704 2458 752 2486 sq.

314 2500 361 2539 †)
382 2501 488 2530 verba
507 2499 664 2529 Pollionis
683 2498 716 2527 in
731 2499 910 2534 Augustum
933 2506 983 2533 an.
1001 2499 1141 2527 Macrob.
1161 2499 1287 2527 saturn.
1308 2496 1362 2526 lib.
1381 2499 1419 2526 11.
1434 2503 1505 2531 cap.
1518 2496 1547 2526 4.
1576 2498 1689 2526 FAEsz.

316 2548 389 2588 -ζ--Η
418 2550 465 2578 De
486 2550 584 2582 Legg.
612 2548 666 2577 lib.
687 2548 741 2578 IV.
767 2554 839 2584 pag.
860 2548 931 2577 717.
962 2549 998 2576 Ι).
1020 2550 1066 2576 St.
1096 2546 1150 2576 ubi
1177 2546 1243 2576 vid.
1269 2548 1342 2575 Ast.
1383 2545 1432 2576 Cf.
1460 2546 1515 2576 lib.
1535 2547 1588 2575 XI.
1616 2551 1689 2581 pag.

239 2588 312 2618 935.
333 2590 374 2617 A.
394 2589 439 2615 St.
480 2588 593 2615 Masi.

317 2633 418 2673 †-3-†)
440 2636 505 2663 lmo
529 2635 657 2663 Cassius
677 2634 717 2662 ad
740 2634 813 2662 Div.
834 2635 900 2662 XV.
925 2634 973 2663 19.
1013 2635 1051 2663 D.
1072 2635 1112 2664 It.
1133 2648 1169 2656 —
1207 2632 1335 2669 Repetit
1354 2634 1437 2662 hunc
1457 2630 1562 2662 Cassii
1589 2629 1690 2660 iocum

242 2676 365 2703 Seneca
385 2676 516 2702 suasor.
537 2674 560 2701 1.
582 2679 654 2707 pag.
674 2673 704 2702 6.
725 2672 774 2701 ed.
795 2671 921 2708 Bipont.

321 2724 343 2748 ³1÷
386 2722 489 2750 Orest.
510 2728 541 2750 v.
565 2721 613 2750 10.

316 2723 384 2805 ’τε-εξ)
406 2777 479 2805 pag.
500 2770 550 2799 68.
566 2770 607 2799 A.
642 2771 691 2798 De
711 2771 772 2798 hoe
792 2769 962 2805 proverbio
983 2768 1048 2797 vid.
1068 2769 1257 2797 zenob.1v.
1277 2766 1348 2796 100.
1369 2764 1554 2800 Diogenian.
1575 2765 1628 2794 VI.
1644 2764 1692 2793 21.

316 2818 410 2854 ῑῐϋὶεεῑὶ)
437 2817 627 2847 Callimachi
657 2818 792 2852 dietum,
833 2818 870 2845 de
898 2825 960 2853 quo
988 2817 1052 2846 vid.
1082 2818 1200 2847 Athen.
1230 2815 1314 2851 Epit.
1342 2817 1396 2844 111.
1424 2821 1495 2850 pag.
1523 2814 1573 2842 72.
1594 2814 1634 2842 A.
1663 2814 1694 2841 et

240 2857 382 2887 casaub.
403 2856 602 2887 Auimadvv.
624 2858 679 2885 111.
702 2858 729 2885 1.
770 2859 882 2886 FAESL
