1778 3096
174 1804 236 1833 332

269 138 350 181 318
833 140 957 180 VAR.
991 141 1146 183 LECT.

270 253 411 290 amicus
452 251 512 289 ille
547 248 736 288 Gellianus
774 252 941 302 quaerit,
977 253 1058 303 quis
1087 253 1246 292 Homeri
1281 267 1412 294 versus
1442 255 1512 300 sit,
1555 256 1616 307 qui
1646 268 1713 307 per

269 308 414 357 singula
450 306 626 342 voeabula
666 307 821 356 singulis
860 307 1013 359 syllabis
1056 309 1266 348 increscat:
1311 324 1385 349 non
1424 309 1575 360 dubito,
1624 312 1711 363 quin

267 364 370 401 illum
400 361 667 412 significaverit
697 373 717 398 e
749 363 857 399 tertio
887 362 1023 400 Iliados
1040 361 1103 416 xe),

479 424 532 469 ³52
560 427 686 484 μάκαρ
710 427 885 486 ’Λτρείὸη
914 432 1132 486 μοιρηγενὲς
1160 430 1426 487 ὅλβιοδαίμων.

267 507 345 547 Sed
377 515 415 546 et
443 508 540 545 illius
570 510 799 559 quaestionis
829 511 1138 561 explicationem,
1170 526 1239 562 qua
1268 514 1412 552 ratione
1444 512 1541 551 dicat
1569 514 1714 553 Home-

266 577 353 609 rus,
381 564 546 613 singulas
577 563 739 614 pecudes
776 565 812 601 in
842 567 975 603 Africa
1007 567 1045 603 in
1076 567 1242 616 singulos
1273 581 1389 606 annos
1421 576 1527 607 terna
1557 583 1710 621 parere,

267 619 457 669 reperiet,
505 619 565 668 qui
605 619 676 656 hoe
718 620 811 657 tanti
851 621 1011 671 putabit,
1057 621 1153 671 apud
1192 621 1427 662 Eustatbium
1465 625 1501 662 iu
1543 633 1712 676 quartum

268 674 467 726 Odysseae
484 671 574 725 Η).
634 674 751 712 Levia
780 674 873 712 baec
903 689 987 714 csse
1019 676 1162 714 fateor:
1204 676 1270 715 sed
1301 685 1340 715 ut
1371 680 1406 716 in
1432 680 1496 719 ,eis
1526 693 1713 731 quaeren-

268 729 323 766 dis
354 728 549 779 defatigari
588 730 736 766 stultum
776 731 911 776 fuerit,
953 733 1003 769 ita
1040 744 1121 770 cum
1160 744 1203 770 se
1241 741 1375 785 sponte
1413 734 1595 782 oss'erunt,
1637 749 1711 773 non

266 786 416 823 omnino
447 783 676 836 repudianda
707 797 792 824 esse
822 786 1000 826 arbitror.

755 895 1042 936 CAPUT
1097 896 1223 937 XIV.

416 974 649 1012 Emendatus
677 974 780 1013 locus
809 988 829 1012 e
856 976 1010 1026 septimo
1040 976 1283 1014 politicorum
1311 975 1550 1014 Aristotelis.

267 1052 354 1111 CUl
384 1085 543 1123 unquam
574 1073 632 1110 vel
665 1072 777 1111 fando
807 1073 970 1112 auditum
1001 1081 1080 1120 cst,
1122 1074 1182 1113 vel
1211 1073 1432 1126 persuaderi
1459 1081 1603 1126 potest,
1646 1087 1711 1113 eas

266 1128 394 1166 domos
422 1141 512 1166 eave
551 1129 740 1175 cubicula,
779 1143 872 1180 quae
903 1130 1067 1180 aquiloni
1097 1131 1266 1182 exposita
1297 1137 1405 1177 sunt,
1439 1143 1524 1168 esse
1553 1129 1600 1168 ad
1629 1129 1714 1168 bie-

265 1183 434 1222 mandum
465 1184 834 1222 accommodatiora?
890 1185 1005 1223 Certe
1035 1186 1159 1230 enim,
1193 1187 1225 1223 si
1257 1186 1306 1223 ita
1336 1192 1414 1232 est,
1446 1198 1613 1236 magnam
1645 1186 1710 1223 bo-

265 1240 400 1276 minum
424 1246 565 1289 partem
591 1240 625 1276 in
646 1253 779 1289 magno
801 1253 932 1278 errore
952 1241 1096 1278 versari
1119 1253 1277 1279 neccsse
1303 1248 1378 1287 est,
1399 1242 1459 1292 qui
1482 1240 1594 1278 hiemi
1610 1238 1709 1293 statae)

264 1294 411 1346 quidem
443 1294 524 1331 loca
555 1293 676 1344 tepida
708 1302 941 1345 praeoptant,
972 1302 1115 1332 aestate
1144 1303 1266 1333 autem
1296 1296 1432 1333 alsiosa
1449 1295 1516 1348 ἦ).
1569 1295 1708 1334 Notum

264 1357 386 1387 autem
414 1356 485 1394 est,
518 1362 611 1399 quae
644 1348 689 1386 ad
720 1350 929 1400 aquilonem
962 1350 1120 1388 obversa
1143 1358 1242 1396 sunt,
1274 1351 1434 1388 omnium
1465 1351 1709 1402 frigidissima

265 1418 367 1443 esse.
417 1403 547 1454 ltaque
570 1404 751 1442 Horatius
777 1405 899 1442 villam
929 1418 1030 1442 suam
1055 1405 1335 1451 commendans,
1359 1408 1444 1451 Est,
1475 1407 1592 1457 inquit
1604 1406 1706 1459 ††)‚

264 1460 438 1510 ube'plecs
460 1466 609 1508 tepeant
634 1460 800 1496 hiemes?
843 1460 931 1498 Illae
953 1473 1043 1497 vero
1071 1461 1107 1497 in
1135 1461 1225 1498 locis
1253 1461 1528 1511 aquilonaribus
1558 1462 1708 1501 minime

263 1521 408 1566 tepent.
470 1513 523 1551 Et
553 1513 754 1551 Cornelius
788 1513 922 1552 Celsus
937 1514 1053 1567 †††)
1092 1514 1139 1552 ad
1170 1515 1424 1553 salubritatem
1455 1524 1579 1554 monet
1604 1517 1708 1555 babi-

263 1570 411 1608 tandum
441 1582 525 1609 esse
550 1568 720 1607 aedilicio
751 1569 890 1616 lucido,
919 1571 1113 1621 perflatum
1141 1571 1338 1616 aestivum,
1369 1570 1562 1609 hibernum
1591 1573 1708 1611 solem

264 1626 440 1665 habente.
500 1625 553 1663 Et
592 1624 661 1664 boc
700 1631 760 1662 est
802 1624 898 1674 quod
927 1625 1157 1663 Aristoteles
1194 1626 1246 1662 ait
1284 1626 1319 1663 in
1360 1625 1623 1665 Oeconomicis
1639 1626 1706 1681 ᾖ),

263 1689 438 1732 oportere
475 1684 619 1720 domum
661 1676 760 1733 πρὸς
795 1679 945 1735 ὑγίειαν
985 1676 1083 1720 εἶναι
1127 1677 1296 1720 εὔπνουν
1336 1679 1404 1732 μὲν
1443 1685 1513 1720 τοῦ
1551 1681 1707 1735 θέρους,

264 1734 417 1788 εὐήλιον
447 1736 488 1776 δὲ
513 1739 582 1776 τοῦ
610 1739 803 1788 χειμῶνος.
862 1735 1057 1784 Quomodo
1097 1744 1219 1774 autem
1257 1735 1302 1773 ad
1336 1738 1611 1787 septentriones
1642 1752 1707 1776 ex-

263 1794 385 1844 posita
426 1793 621 1830 hibernum
664 1793 780 1830 solem
823 1792 993 1830 habitura
1032 1791 1147 1829 sunt?
1202 1791 1337 1829 Mirari
1375 1793 1492 1841 igitur
1526 1806 1598 1830 nou
1640 1795 1708 1831 im-

264 1850 396 1886 merito
430 1850 547 1899 possit
582 1848 737 1898 aliqum,
777 1861 844 1885 cur
872 1848 1099 1885 Aristoteles
1129 1846 1193 1884 lib.
1227 1847 1313 1885 Vll.
1350 1846 1595 1886 Politieorum
1613 1846 1704 1902 ΔΗΕ),

261 1911 301 1942 ut
332 1918 429 1942 nune
460 1902 605 1955 quidem
638 1904 721 1940 libri
747 1903 800 1940 illi
830 1904 1007 1941 collocari
1036 1903 1179 1940 solent:
1207 1903 1295 1939 mibi
1324 1903 1421 1940 enim
1452 1902 1602 1942 dubium
1632 1918 1704 1942 non

262 1967 340 2004 est,
383 1959 469 2010 quin
504 1966 654 2009 quartus
685 1959 782 1996 liber
810 1959 880 2005 sit,
924 1959 985 2010 qui
1015 1959 1125 2009 vulgo
1153 1964 1369 1995 numeratur
1397 1959 1597 2008 septimus:
1638 1959 1706 1998 sed

261 2027 329 2052 cur
359 2015 395 2051 in
427 2027 472 2051 eo
503 2014 620 2059 libro,
652 2021 944 2066 quotuscumque
972 2013 1118 2051 tandem
1151 2014 1211 2050 ille
1242 2014 1314 2060 sit,
1351 2013 1530 2051 obversas
1562 2013 1607 2051 ad
1639 2014 1706 2053 bo-

261 2083 363 2108 ream
396 2069 642 2106 habitationes
675 2071 838 2120 aptiores
868 2083 953 2107 esse
983 2069 1083 2106 dicat
1111 2068 1155 2106 ad
1187 2067 1434 2106 biemandum.
1494 2068 1591 2106 Nam
1621 2083 1705 2109 cum

261 2125 421 2162 omnium
445 2124 710 2161 saluberrimas
731 2137 816 2162 esse
841 2123 1000 2162 dixisset
1030 2138 1110 2169 eas,
1135 2136 1229 2174 quae
1255 2124 1444 2174 excipiunt
1465 2136 1530 2161 eos
1553 2132 1701 2171 ventos,

262 2180 324 2231 qui
356 2180 401 2217 ab
442 2179 586 2217 oriente
616 2180 724 2223 flant,
770 2180 891 2216 statim
925 2179 1095 2217 subiicit:
1138 2174 1313 2230 δεύτερον
1341 2176 1383 2217 δὲ
1410 2175 1508 2218 κατὰ
1541 2178 1702 2231 βορέαν·

261 2232 470 2286 εὐχείμεροι
495 2231 566 2287 γὰρ
593 2227 706 2272 αὗται
734 2237 884 2284 μᾶλλον.
943 2234 996 2271 At
1026 2232 1222 2284 quomod0,
1257 2234 1287 2270 si
1317 2233 1525 2284 aquilonem
1557 2242 1703 2285 speeta-

260 2291 371 2337 bunt‚
412 2291 559 2328 suturae
596 2296 681 2327 sunt
716 2286 891 2341 εὐήλιοιζ)
946 2289 1061 2328 Tales
1091 2295 1239 2334 autem,
1281 2295 1320 2326 ut
1363 2301 1409 2326 ex
1437 2288 1703 2328 Oeconomicis

336 2407 379 2442 *J
400 2414 431 2436 v.
453 2405 523 2434 182.
544 2404 597 2434 ubi
617 2406 702 2435 recte
722 2395 972 2445 ὀλβιόδαιμον.

334 2454 403 2489 *²³3
432 2461 504 2489 pag.
527 2454 616 2483 1485.

333 2502 427 2537 *aza-J
448 2503 536 2530 Bene
557 2504 709 2532 Gruterus
729 2503 833 2539 hieme,
858 2508 931 2531 nam
952 2499 1084 2530 ablativi
1105 2499 1285 2530 terminatio
1305 2500 1337 2529 in
1357 2501 1368 2528 i
1386 2508 1490 2535 neque
1510 2500 1702 2530 Grammati-

258 2548 364 2569 corum
385 2540 563 2574 praeeentis
585 2548 687 2575 neque
715 2549 773 2570 usu
795 2541 1024 2575 comprobatur.
1065 2538 1129 2567 Cic.
1151 2539 1184 2567 in
1203 2540 1310 2569 Pison.
1330 2546 1400 2574 cap.
1416 2539 1465 2568 24.
1486 2539 1518 2574 §-
1536 2540 1588 2567 57.
1609 2545 1702 2574 quum

259 2587 345 2607 »nare
364 2579 567 2606 vastissimum
586 2578 706 2606 hieme
725 2579 890 2607 transibas.

335 2624 380 2663 †)
401 2626 432 2654 A
452 2624 614 2654 veteribus
634 2627 782 2655 alsiosum
802 2627 931 2662 dicitur,
960 2626 1042 2660 quod
1064 2624 1207 2660 frigoris,
1237 2624 1356 2659 algoris
1377 2622 1548 2658 impatiens
1567 2626 1635 2662 est,
1665 2624 1701 2654 ut

257 2664 420 2698 homines,
442 2663 596 2698 pecudes,
619 2665 758 2698 plantae.
797 2666 902 2701 Quare
921 2663 1119 2694 scribendum
1139 2667 1210 2694 etat
1229 2663 1299 2692 loca
1384 2661 1550 2699 friyida.

333 2711 407 2750 ††)
428 2711 528 2746 Epist.
549 2712 572 2740 Ι.
595 2711 645 2747 10,
669 2713 718 2743 15.

331 2760 434 2799 †††)
453 2760 507 2789 lib.
527 2761 550 2788 Ι.
572 2767 642 2796 cap.
663 2762 692 2791 2.

330 2810 375 2843 *q
395 2808 450 2837 lib.
470 2809 494 2837 Ι.
514 2815 582 2844 cap.
603 2810 634 2838 6.

330 2857 398 2894 em)
422 2864 490 2894 cap.
513 2858 561 2887 11.
582 2857 650 2887 init.
