1726 3106
80 1409 144 1441 198

175 131 258 177 188
737 135 867 177 VAR.
899 136 1052 179 LECT.

632 243 664 285 C
692 244 854 285 APU
881 246 916 285 T
979 246 1156 289 XXIII.

217 322 410 364 Medicum
432 321 554 374 fuisse
581 324 779 363 Herculem
809 331 849 363 et
875 331 1047 364 sanatam
1077 326 1125 364 ab
1153 339 1196 366 eo
1222 327 1418 376 Alcestin,
1448 342 1560 382 quum

685 380 760 418 z’am
789 380 958 431 deposita
986 388 1097 420 esset.

172 456 354 515 Scmmtr
394 476 619 516 Plutarchus
637 475 710 532 ἦε),
763 479 1005 518 fortissimum
1053 480 1207 519 heroum
1251 482 1454 521 Herculem
1500 481 1618 521 medi-

171 533 279 571 cinae
316 534 474 583 peritum
514 533 647 573 fuisse.
706 533 837 585 Itaque
878 534 974 586 quod
1007 535 1103 586 apud
1141 535 1358 588 Euripidem
1398 538 1534 589 legitur
1569 537 1617 576 de

169 587 389 635 Alcestide,
431 602 564 640 quam,
603 602 685 627 cum
724 597 879 627 mortem
911 604 978 642 pro
1016 592 1097 629 viro
1140 605 1206 629 suo
1237 591 1400 631 Admeto
1445 594 1616 641 obiisset,

170 642 362 682 Hercules
392 657 473 682 cum
502 645 582 695 ipsa
610 643 739 682 Morte
768 645 926 684 luctatus
957 659 1026 698 per
1051 647 1122 684 vim
1151 648 1186 685 ei
1216 649 1401 698 eripuisse
1430 656 1469 686 et
1496 650 1618 687 vivam

170 696 219 736 ad
251 697 451 738 Admetum
488 699 686 738 reduxisse
723 708 918 739 narratur:
969 702 1020 739 ita
1058 702 1340 751 intelligendum
1381 717 1491 742 esse:
1533 717 1617 742 cum

167 752 338 792 Alcestis
367 755 419 792 ita
443 756 611 806 graviter
639 763 873 806 aegrotaret,
904 764 944 794 ut
968 755 1140 808 deposita
1155 756 1229 811 Δ*(ἕή
1260 760 1332 797 iam
1361 767 1398 797 et
1421 759 1619 811 desperata

169 815 296 855 esset,
337 811 490 848 venisse
520 810 725 848 Herculem
766 818 804 849 et
847 810 1019 850 medendi
1057 820 1160 858 arte,
1200 827 1270 865 qua
1310 815 1539 862 excellebat,
1581 815 1618 854 ei

168 863 422 903 valetudinem
453 866 648 916 pristinam
683 865 909 905 reddidisse.
968 866 1132 906 Admeto
1160 877 1282 907 autem
1321 882 1366 908 ea
1395 870 1431 907 in
1461 883 1503 908 re
1532 883 1619 921 gra-

167 919 306 958 tificari
343 921 475 959 voluit.
544 921 632 958 Non
680 922 779 961 enim
818 923 941 961 minus
981 923 1129 963 amabat
1162 923 1365 963 Admetum
1411 924 1616 973 Hercules,

169 987 279 1028 quam
307 973 481 1015 Alcestin
508 974 709 1016 Admetus.
788 977 790 980 ’
1614 997 1616 999 ·

637 1109 926 1150 CAPUT
981 1110 1153 1154 XXIV.

474 1189 532 1227 De
559 1189 717 1228 immani
737 1190 961 1229 crudelitate
989 1191 1097 1240 regis
1124 1190 1311 1228 Deiotari.

166 1265 345 1325 ATROCI
372 1284 568 1325 admodum
607 1295 646 1326 et
674 1288 836 1327 barbaro
870 1289 1023 1339 iugenio
1054 1289 1173 1326 fuisse
1204 1295 1353 1340 oportet
1381 1301 1510 1339 regem
1537 1288 1618 1328 De-

169 1341 352 1380 iotarum:
396 1344 428 1380 si
458 1356 587 1381 verum
616 1351 694 1390 est,
742 1343 839 1396 quod
870 1343 916 1382 de
942 1356 987 1382 eo
1015 1343 1111 1381 idem
1144 1344 1230 1391 ille,
1271 1357 1379 1394 quem
1409 1344 1518 1382 modo
1551 1358 1619 1383 no-

169 1398 328 1445 minavi,
379 1397 603 1437 Plutarchus
624 1397 730 1452 9θρῆὲἦέ)
774 1399 976 1437 memoriae
1016 1397 1192 1450 prodidit.
1262 1399 1314 1437 Et
1354 1413 1444 1437 sane
1482 1401 1516 1437 is
1558 1407 1619 1438 est

167 1459 300 1491 auctor
319 1453 562 1500 Plutarchus,
595 1467 703 1504 quem
727 1468 835 1492 nemo
863 1455 1025 1492 reiiccre
1054 1462 1094 1492 ut
1122 1468 1250 1506 parum
1273 1454 1446 1493 idoneum
1479 1457 1614 1507 possit.

165 1507 236 1546 Ait
272 1515 395 1545 autem
425 1508 610 1546 Deiotaro
644 1510 771 1561 plures
810 1510 928 1547 fuisse
967 1510 1087 1555 filios,
1129 1523 1282 1560 quorum
1314 1523 1396 1547 cum
1434 1511 1514 1561 ipse
1553 1511 1617 1548 uni

165 1563 382 1613 relinquere
413 1565 606 1614 imperium
637 1574 746 1615 atque
776 1577 885 1602 omne
918 1565 1176 1615 patrimonium
1208 1578 1312 1602 suum
1337 1573 1511 1616 cuperet:
1545 1579 1617 1617 quo

165 1617 205 1656 id
235 1619 382 1656 facilius
411 1619 594 1666 efficeret,
625 1627 774 1657 ceteros
807 1633 937 1657 omnes
969 1619 1137 1657 manibus
1170 1621 1246 1657 suis
1277 1620 1490 1667 trucidavit,
1522 1621 1618 1659 vini-

165 1680 287 1712 torum
316 1675 503 1725 exemplO,
535 1675 613 1725 qui,
644 1688 725 1712 cum
755 1675 841 1712 vitis
865 1675 988 1726 aliqua
1010 1675 1219 1726 complures
1239 1676 1408 1714 emiserit
1426 1676 1616 1725 surculos,

166 1742 278 1767 unum
311 1729 421 1768 modo
451 1743 498 1767 cx
527 1732 584 1768 eis
619 1731 861 1781 relinquere,
899 1731 993 1768 alios
1010 1729 1059 1782 †)
1093 1737 1285 1781 amputare
1321 1739 1615 1780 consueverunt,

165 1791 208 1823 ut
235 1785 291 1832 is,
325 1786 388 1838 qui
417 1786 663 1838 relinquitur,
694 1787 815 1825 maior
841 1793 881 1825 et
908 1786 1103 1824 robustior
1128 1786 1206 1824 fiat.

644 1931 934 1972 CAPUT
989 1931 1138 1972 XXV.

372 2011 429 2048 De
458 2009 545 2061 lege
576 2011 739 2062 quadam
765 2012 971 2050 Persarum
997 2010 1244 2049 hzmnam'catz’s
1267 2011 1397 2061 plena.

164 2088 360 2147 MULTAE
397 2109 484 2147 olim
525 2109 623 2160 apud
652 2110 796 2148 Persas
835 2110 939 2160 leges
980 2110 1096 2147 fuisse
1136 2107 1351 2146 traduntur:
1399 2121 1448 2147 ex
1481 2109 1614 2160 quibus

165 2165 276 2204 facile
306 2165 464 2215 intelligi
494 2172 633 2215 potest,
666 2165 893 2215 singularem
925 2164 1105 2216 quandam
1136 2165 1216 2202 eius
1243 2165 1365 2214 gentis
1394 2164 1613 2215 sapientiam

164 2221 299 2259 fuisse.
360 2220 486 2272 Atque
515 2233 643 2258 earum
678 2221 714 2258 in
751 2233 858 2258 unam
889 2233 1008 2271 nuper
1046 2233 1128 2256 cum
1157 2218 1352 2257 inciderim
1368 2219 1478 2272 ††),
1520 2233 1614 2271 quae

165 2289 289 2327 neque
322 2276 467 2323 multis,
501 2277 573 2313 nisi
606 2289 662 2314 me
692 2276 784 2313 fallit
814 2276 981 2320 animus,
1015 2275 1166 2325 cognita
1195 2282 1274 2320 est,
1311 2282 1349 2312 et
1375 2275 1611 2325 dignissima,

164 2345 260 2384 quae
301 2338 552 2382 cognoscatur
581 2332 626 2369 ab
662 2331 851 2369 omnibus:
898 2329 1060 2368 iudicavi
1098 2344 1169 2367 non
1200 2330 1387 2380 ingratum
1427 2331 1510 2369 fore
1548 2331 1610 2376 iis,

165 2387 230 2438 qui
260 2386 354 2425 haec
384 2387 526 2438 legent,
556 2387 589 2425 si
617 2399 699 2426 eam
728 2386 799 2425 hoc
826 2387 910 2425 loco
939 2398 1202 2438 proponerem.
1248 2385 1346 2424 Erat
1374 2386 1492 2437 igitur
1515 2384 1614 2438 apud

240 2519 285 2556 -:t<·)
305 2521 475 2550 Amatorio
495 2528 566 2557 pag.
588 2522 660 2552 ¹761.
679 2523 717 2551 Ε.

241 2569 312 2604 εἱεεζε]
334 2569 398 2598 Cic.
419 2570 451 2598 in
471 2571 561 2599 verr.
583 2571 637 2599 lib.
657 2573 681 2600 Ι.
702 2577 771 2605 cap.
792 2570 821 2599 2.
843 2569 876 2605 §-
896 2570 926 2598 5.
966 2570 1074 2605 Itaque
1094 2570 1164 2598 mihi
1183 2569 1292 2597 videor
1375 2575 1477 2603 prope
1486 2568 1613 2612 ‚depo-

166 2606 281 2636 sitam
301 2608 489 2641 reipublicae
508 2610 629 2642 partem
649 2609 830 2642 suscepisse.
870 2609 917 2635 De
937 2609 1116 2635 hominibus
1138 2609 1220 2642 apud
1242 2608 1330 2635 solos
1350 2609 1464 2640 poetas
1483 2613 1612 2636 mvem-

166 2647 230 2682 tur,
252 2645 317 2673 vid.
338 2645 481 2674 Thielius
501 2646 542 2673 ad
561 2647 649 2681 virg.
669 2648 752 2676 Aen.
771 2645 826 2674 lib.
848 2646 915 2673 ΧΠ.
936 2652 967 2674 v.
987 2646 1060 2674 335.
1082 2647 1171 2674 Tom.
1190 2647 1229 2674 11.
1252 2651 1325 2680 pag.
1346 2644 1418 2674 773.

241 2692 336 2727 —212--222220
358 2692 398 2720 de
419 2693 515 2722 Stoic.
535 2700 666 2729 repugn.
687 2701 759 2729 pag.
782 2693 872 2723 1049.
893 2693 928 2722 C.

242 2739 288 2779 ἦ)
318 2748 374 2775 pro
403 2743 532 2771 ceteros.
579 2744 629 2770 Ita
653 2742 812 2772 interdum
840 2743 995 2770 Muretus.
1042 2740 1090 2771 Cf.
1120 2743 1202 2770 Mur.
1229 2741 1332 2770 Schol.
1358 2739 1392 2768 in
1419 2741 1502 2769 lianc
1531 2742 1611 2770 orat.

168 2777 249 2812 Opp.
270 2779 359 2806 Tom.
379 2780 433 2807 111.
461 2787 532 2814 pag.
553 2780 625 2809 860.
664 2782 776 2809 FAESI.
797 2796 835 2802 -
874 2780 927 2808 Sic
952 2780 1006 2807 vel
1026 2779 1138 2814 optimi
1163 2778 1336 2814 scriptores
1364 2779 1486 2812 passim
1512 2777 1611 2807 locuti

165 2817 251 2853 sunt,
274 2815 396 2844 Caesar
415 2817 455 2845 de
474 2819 512 2847 B.
533 2819 568 2846 G.
588 2818 642 2847 lib.
663 2819 686 2846 1.
707 2825 776 2852 cap.
792 2817 844 2846 41.
870 2817 984 2848 Livius
1003 2817 1058 2848 lib.
1074 2818 1142 2850 Vll.
1160 2824 1230 2854 cap.
1247 2816 1297 2848 19.
1317 2816 1369 2846 26.
1389 2816 1500 2846 XXIV.
1518 2817 1548 2846 1.
1567 2816 1610 2845 al.

243 2861 318 2901 ἦ)
337 2863 400 2900 Ap.
419 2865 570 2897 Herodot.
589 2865 643 2897 lib.
663 2868 687 2897 1.
707 2873 777 2903 cap.
797 2865 868 2898 137.
