1778 3096
139 1217 202 1247 418

230 98 312 142 39⁴3
794 99 920 140 VAR.
952 99 1105 138 LECT.

231 209 329 264 quod
360 212 396 249 in
427 210 596 249 omnihus
624 209 823 260 divulgatis
850 207 1088 260 depravatum
1118 218 1176 248 est
1191 209 1262 262 ἧς
1294 213 1344 250 Si
1367 217 1424 249 esc
1448 212 1518 248 hoc
1545 223 1677 249 novum

231 271 270 306 in
301 269 384 318 lege
411 269 532 313 Iulia,
572 268 688 303 secuti
713 267 831 303 nialla
868 271 959 302 sunt
993 267 1159 303 severius
1187 267 1330 317 seroepta
1367 279 1476 317 quam
1511 267 1548 304 in
1578 268 1677 305 anti-

231 325 315 376 quis
347 323 508 372 legibus,
543 328 581 359 ec
606 323 788 366 sanctius,
819 320 1024 358 inducatur
1053 333 1144 358 sane
1171 323 1281 359 etiam
1307 321 1536 360 consuetudo
1567 322 1678 359 lanius

228 380 382 430 generis
410 378 631 415 indiciorum
660 389 770 414 nova.
832 374 940 422 Quae
971 383 1091 412 autem
1126 375 1343 423 subiiciam,
1384 384 1422 414 et
1449 377 1483 413 in
1515 376 1676 427 vulgatis

232 435 336 473 libris
364 441 400 471 et
429 433 464 470 in
495 432 686 469 veteribus
708 436 891 481 corrupta
911 438 1009 467 sunt.
1059 430 1310 481 Utrorumque
1339 433 1559 483 scripturam
1591 444 1677 483 pro-

230 503 387 542 ponam:
422 495 520 533 tum,
552 486 638 538 quid
669 487 756 523 mihi
787 485 979 532 videatur,
1012 487 1192 536 aperiam.
1252 486 1454 524 Lambinus
1484 488 1597 537 igitur
1625 487 1677 524 ita

230 541 453 593 edidit*³“⁵):
494 545 585 588 Illo,
628 544 768 592 inquit,
810 543 952 589 capite,
997 542 1098 591 quod
1125 547 1210 578 erat
1240 543 1277 579 in
1307 544 1541 588 Postumum,
1579 542 1681 593 quod

230 603 268 638 in
301 600 498 638 Gabiniam
529 599 644 635 iudea:
672 611 784 642 esses,
815 597 913 633 nihil
942 597 1099 634 Gabinio
1129 597 1271 642 clatum,
1303 610 1384 635 eum
1413 599 1451 635 in
1482 610 1565 635 eum
1594 598 1679 635 lites

229 657 539 694 aestimarentur.
600 653 747 701 Quibus
777 665 824 689 ex
863 651 989 689 verbis
1026 665 1096 688 non
1128 651 1320 689 meliorem
1356 654 1581 690 sententiam
1613 665 1679 690 ex-

228 710 368 748 tuderit
396 710 601 761 quisquam,
627 721 731 758 quam
766 720 812 745 ex
846 707 1139 744 febricitantium
1169 708 1338 745 somniis.
1388 706 1495 744 Libri
1527 714 1678 745 veteres

229 767 301 804 hoc
331 764 464 811 modo,
505 766 596 810 Illo,
628 764 768 813 inquit,
802 765 944 811 capz'le,
977 763 1078 812 quod
1105 763 1143 800 in
1169 769 1374 813 posterum.
1435 761 1533 800 Puto
1560 761 1678 800 verba

229 822 314 867 illa,
362 831 467 864 QUOD
498 831 544 857 IN
571 829 811 863 Pos'rssnUM,
854 829 940 854 esse
968 817 1189 867 principium
1230 818 1310 855 eius
1339 817 1474 868 capitis
1513 830 1560 855 ex
1591 818 1677 867 lege

228 877 340 922 Iulia,
373 889 444 927 quo
466 881 665 913 accusator
686 873 903 910 Postumum
935 873 1055 910 teneri
1081 872 1249 911 dicebat:
1278 880 1317 910 et
1340 880 1538 924 propterea
1565 885 1678 923 gran-

229 932 430 980 diusculis‚
478 938 518 968 ut
554 930 614 975 fit,
658 929 793 966 litteris
833 928 949 966 scribi
986 934 1178 978 oportere.
1248 928 1426 979 Sequitur
1463 928 1500 965 in
1535 927 1677 965 eisdem

228 988 358 1026 libris:
403 989 516 1037 Quom
547 987 585 1023 in
616 984 814 1023 Gabinium
843 984 960 1021 iudex·
989 997 1106 1029 esses,
1137 985 1237 1022 nihil
1259 985 1414 1022 Rabirio
1442 984 1588 1029 elatum,
1617 983 1679 1021 ni-

228 1045 355 1095 hilque
395 1044 434 1080 ei
465 1042 549 1080 lites
589 1042 895 1079 aestimarentur.
956 1038 1055 1076 Puto
1087 1038 1306 1090 legendum:
1355 1042 1470 1090 Quom
1499 1040 1536 1076 in
1565 1037 1678 1077 Gabi-

226 1101 329 1138 nium
357 1099 474 1136 iudea:
503 1110 624 1142 esses,
654 1097 754 1134 nihil
775 1095 821 1132 de
847 1095 1003 1134 Rabirio
1034 1096 1202 1133 auditam
1216 1124 1229 1142 ‚
1268 1095 1367 1133 nihil
1393 1107 1500 1146 quom
1529 1096 1568 1132 ei
1593 1095 1678 1133 lites

228 1156 550 1193 aestimarentur.-
585 1159 623 1190 et
651 1164 786 1202 spero,
818 1163 1040 1188 assensuros
1073 1150 1163 1187 mihi
1194 1163 1283 1196 eos,
1318 1151 1380 1201 qui
1411 1157 1525 1188 totum
1556 1149 1676 1187 locum

228 1217 370 1248 attente
411 1207 699 1247 considerarim.
770 1206 910 1244 Omitto
951 1204 1129 1255 quaedam
1171 1205 1326 1256 pusilla:
1380 1206 1486 1244 cuius
1523 1205 1676 1256 generis

228 1266 300 1304 hoc
328 1272 411 1310 est,
451 1262 548 1315 quod
587 1264 624 1300 in
654 1263 710 1300 eis
752 1262 804 1299 ita
834 1261 938 1311 legas
956 1259 1080 1312 ***):
1125 1263 1257 1311 Neque
1294 1262 1412 1299 solum
1449 1261 1519 1298 hoc
1553 1273 1678 1311 genus

221 1323 410 1373 pecuniae
441 1319 649 1370 capiendae
689 1324 826 1367 turpe,
870 1317 939 1354 sed
965 1317 1076 1353 etiam
1106 1316 1294 1366 nefariam
1324 1329 1404 1353 esse
1433 1316 1677 1354 arbitraban-

229 1383 315 1415 tur:
354 1389 401 1414 ac
430 1382 554 1413 tamen
590 1381 629 1411 et
667 1379 808 1410 cetera.
868 1372 922 1409 At
962 1384 1035 1408 non
1075 1370 1163 1408 illud
1201 1370 1466 1417 omittendum,
1508 1370 1605 1422 quod
1637 1371 1674 1408 in

228 1443 357 1469 eorum
389 1443 461 1467 uno
499 1429 634 1479 legitur
649 1427 723 1480 †)·
770 1429 896 1477 Quare
935 1433 1003 1464 aut
1037 1427 1157 1464 iudici
1191 1428 1286 1464 milei
1317 1440 1390 1465 non
1424 1440 1504 1464 esse
1543 1427 1673 1472 liceat,

227 1493 296 1525 aul
323 1488 439 1536 legem
475 1485 716 1523 Senatorium
745 1496 820 1520 uon
859 1483 1006 1519 timere.
1067 1480 1229 1518 Prorsus
1260 1482 1359 1519 enim
1391 1480 1592 1519 absurdum
1620 1481 1676 1519 vi-

228 1541 360 1587 detur,
393 1538 489 1591 quod
519 1540 554 1576 in
586 1539 746 1588 vulgatis
779 1537 950 1574 omnibus
980 1536 1138 1585 legitur,
1179 1539 1266 1574 Aut
1293 1537 1413 1586 legem
1446 1538 1527 1586 lege
1557 1539 1676 1575 Sena-

228 1599 328 1636 toria
357 1610 430 1634 non
456 1597 604 1634 timere.
663 1593 734 1630 Est
763 1599 800 1630 et
829 1592 898 1630 hoc
929 1592 980 1629 ita
1009 1591 1254 1642 perscriptum
1289 1592 1326 1629 in
1357 1592 1548 1629 veteribus
1564 1590 1673 1645 †·1·):

226 1655 312 1692 Non
338 1653 488 1703 patitur·
517 1663 598 1688 mea
627 1657 702 1687 met
725 1650 798 1686 iam
816 1649 948 1698 fides.-
990 1646 1088 1684 unde
1120 1645 1230 1684 deleo
1263 1647 1424 1685 litteram
1453 1660 1499 1693 T,
1539 1655 1580 1684 ut
1609 1647 1672 1693 sit,

226 1710 311 1748 Non
348 1709 500 1758 patitur·
537 1719 618 1743 mea
656 1719 712 1742 me
752 1706 825 1741 iam
851 1704 971 1754 fides.
1041 1701 1250 1753 Equidem,
1291 1709 1330 1739 ut
1367 1715 1497 1741 verum
1536 1703 1673 1750 fatear,

227 1776 375 1802 muscas
407 1762 495 1799 mihi
534 1768 684 1812 captare
717 1758 1003 1811 vide01·†††),
1048 1771 1129 1796 cum
1164 1758 1255 1795 haec
1295 1765 1368 1795 tam
1408 1759 1547 1796 minuta
1586 1771 1675 1796 con-

228 1826 369 1857 sector.
430 1816 507 1855 Sed
547 1824 669 1854 tamen
709 1829 789 1853 cum
832 1815 947 1852 semel
980 1814 1194 1864 coeperim,
1238 1826 1444 1865 persequar
1481 1826 1599 1865 usque
1629 1811 1676 1851 ad

227 1881 450 1912 extremum.
512 1872 728 1922 Quanquam
769 1871 866 1908 cuim
902 1882 1021 1920 genus
1057 1870 1127 1907 boc
1164 1870 1376 1920 scriptionis
1419 1876 1456 1907 et
1493 1869 1674 1907 scribenti

227 1930 421 1968 molestum
453 1936 532 1972 est,
565 1935 625 1974 et,
659 1934 697 1964 ut
728 1927 881 1977 opinor,
914 1925 1075 1976 legenti:
1117 1926 1195 1963 seio
1226 1932 1372 1971 tamen,
1403 1925 1440 1963 in
1470 1923 1674 1976 purgandis

225 1993 395 2023 veterum
429 1985 579 2035 scriptis
609 1996 759 2032 operam
798 1981 895 2019 bene
923 1988 961 2019 et
991 1981 1133 2018 utiliter
1170 1980 1359 2018 collocari.
1421 1980 1530 2018 Alias
1561 1980 1676 2030 igitur

227 2040 488 2078 oblectationis
527 2038 666 2090 aliquid
708 2037 887 2075 dabimus.
949 2036 1062 2074 Nunc
1102 2037 1223 2075 vineat
1261 2037 1417 2073 utilitas.
1478 2035 1590 2073 Haud
1623 2036 1674 2072 ita

227 2096 340 2134 mutto
377 2102 461 2146 post
497 2095 533 2132 in
574 2108 648 2132 uno
680 2107 729 2132 ex
762 2094 819 2131 eis
856 2092 963 2130 libris
1001 2093 1054 2131 ita
1085 2089 1307 2144 legitur*):
1354 2092 1455 2141 Quid
1488 2090 1674 2143 voeffera-

302 2238 345 2273 ³12)
366 2238 454 2266 Haec
472 2235 566 2265 lectio
587 2236 627 2264 ab
649 2231 769 2263 Orellio
789 2234 928 2267 recepta.
967 2231 1149 2261 Ernestius:
1169 2233 1200 2261 ec
1218 2232 1355 2261 sanctius
1373 2231 1578 2261 iudicata:
1597 2236 1674 2260 eane

225 2277 317 2306 etiam
336 2276 523 2303 consuetudo
544 2277 603 2303 cet.

301 2324 370 2358 zze-22³)
392 2330 461 2358 cap.
482 2324 512 2351 5.
533 2323 564 2358 §—
586 2323 635 2351 12.
674 2320 861 2350 Lambinum
881 2319 983 2347 secuti
1005 2320 1078 2346 sunt
1098 2317 1261 2346 Ernestius
1281 2319 1316 2347 et
1337 2317 1486 2347 OrelliuS.

301 2372 394 2407 -:::--::<--:::-)
421 2379 489 2406 cap.
511 2371 538 2399 7.
567 2370 598 2405 ς.
622 2370 670 2399 16.
710 2371 792 2398 Post
818 2367 997 2397 Ernestium
1025 2366 1179 2395 Oreltius:
1209 2367 1265 2395 sed
1289 2367 1380 2396 etiam
1404 2365 1561 2401 nefarium
1585 2364 1674 2394 arbi-

225 2413 401 2441 trabantur.
440 2411 581 2437 Attamen
601 2410 661 2437 cet.

302 2459 347 2498 ἐς)
369 2466 436 2493 can.
458 2459 486 2486 7.
508 2458 540 2491 S.
563 2457 610 2486 17.
650 2456 821 2488 vulgatam
841 2453 1047 2491 scripturam,
1070 2459 1164 2488 quam
1184 2452 1353 2481 absurdam
1373 2459 1447 2481 esse
1467 2451 1543 2481 dicit
1561 2453 1672 2481 Mure-

227 2500 298 2535 tuS‚
325 2504 395 2525 cum
415 2495 562 2524 Ernestio
582 2497 688 2523 tuetur
710 2493 858 2521 Oreltius.

302 2545 374 2583 ἢ)
396 2551 464 2579 cap.
485 2545 513 2573 8.
537 2544 569 2579 g.
591 2543 640 2572 19.
681 2543 759 2572 cum
780 2542 903 2570 Mureto
922 2538 1040 2568 faciunt
1062 2539 1227 2568 Ernestius
1248 2541 1282 2567 et
1303 2537 1451 2567 Oremus.

303 2593 404 2631 †††)
424 2595 559 2624 Murem,
582 2599 651 2619 cum
671 2592 752 2619 haec
771 2591 933 2623 scriberet,
957 2589 1196 2623 obversabatur,
1219 2586 1279 2614 nisi
1301 2586 1404 2623 fallor,
1426 2585 1534 2621 lepida
1553 2586 1612 2615 illa
1632 2587 1672 2616 de

227 2633 408 2662 Domitiano
430 2630 620 2665 imperatore
638 2628 788 2659 narratio,
809 2629 860 2663 qui
882 2633 1007 2655 muscas
1028 2630 1176 2659 cantasse
1193 2629 1289 2659 atque
1308 2625 1382 2652 stilo
1403 2627 1573 2659 praeacuto
1595 2631 1671 2652 con-

227 2671 338 2699 fixisse
358 2668 486 2704 dicitur,
519 2667 642 2696 scilicet
669 2669 703 2695 ut
723 2667 865 2701 paullum
890 2664 1062 2699 respiraret
1091 2671 1110 2692 a
1133 2662 1270 2698 negotiis
1297 2662 1443 2697 publicis.
1483 2662 1554 2691 Vid.
1581 2664 1670 2691 Suet.

228 2708 347 2737 Domit.
368 2714 437 2741 cap.
455 2707 484 2734 3.
507 2706 572 2734 init.

303 2755 346 2791 -:::-]
374 2762 443 2789 cap.
464 2755 491 2782 8.
513 2755 545 2788 ς.
566 2755 614 2782 21.
653 2752 819 2782 Ernestius
840 2753 871 2779 et
893 2749 1032 2779 Orellius
1053 2757 1121 2778 cum
1142 2748 1313 2777 Lambino:
1345 2746 1585 2782 Vociferabare‚
1613 2747 1671 2775 de-

227 2801 291 2822 cem
308 2815 315 2822 .
326 2816 332 2822 .
344 2816 350 2822 .
364 2792 541 2827 promissa?
559 2793 639 2820 Huic
653 2792 792 2820 videncet
803 2790 992 2826 perblandus
1011 2809 1018 2818 .
1028 2809 1035 2816 .
1044 2810 1051 2818 .
1065 2789 1227 2825 exoraret,
1241 2784 1417 2816 sestertiam
1433 2787 1480 2814 bis
1493 2786 1604 2815 millies
1621 2805 1630 2815 .
1641 2806 1648 2813 .
1658 2807 1666 2814 .

228 2839 336 2867 magno
357 2837 450 2866 opere
468 2831 684 2859 conlenmeret.
