1726 3106
199 143 279 185 194
761 139 890 179 VAR.
922 138 1079 178 LECT.

199 254 382 293 Ciofanus
421 250 682 291 Sulmonensis
701 247 774 298 ³³),
823 250 887 287 ubi
925 249 986 287 illa
1025 249 1147 287 omnia
1194 261 1242 287 ex
1276 248 1423 293 Gellio,
1471 254 1513 287 ut
1551 247 1647 287 solet

199 310 443 354 Macrobius,
471 308 662 357 descripta
692 306 930 350 referuntur,
961 306 1099 354 legitur
1111 305 1250 356 fiscz'ne
1279 312 1317 342 ct
1332 305 1482 356 fise-ini,
1513 302 1648 355 depra-

201 367 296 405 vatis
324 364 495 417 quidem,
529 361 597 401 sed
626 369 749 400 tamen
782 361 991 400 manifestis
1019 367 1146 399 rectae
1175 361 1384 412 scripturae
1414 360 1599 410 vestigiis.

714 490 1002 532 CAPUT
1057 491 1134 532 lV.

542 572 601 609 De
633 571 715 609 loco
746 572 905 622 quodam
936 584 986 608 ex
1016 572 1106 609 Odz's
1135 571 1328 628 Horatz‘zll

207 651 451 711 OMINOSUM
492 684 578 709 esse
610 669 853 709 crediderunt
880 676 1029 708 veteres
1061 669 1140 714 illi,
1180 682 1291 707 verae
1323 667 1516 718 religionis
1547 667 1654 717 igno-

205 731 352 768 ratione
381 728 586 773 0ccaecati,
609 739 805 764 occursum
838 726 1024 776 serpentis
1049 726 1160 770 viam,
1183 737 1252 775 qua
1281 725 1363 775 quis
1387 725 1458 760 itcr
1490 724 1654 760 facturus

207 791 332 830 esset,
374 784 478 834 quasi
517 782 768 828 dissecantis,
807 794 926 832 exque
947 778 1020 830 Μ)
1055 793 1099 818 ea
1138 781 1404 831 superstitione
1440 777 1580 816 dictum
1607 777 1654 816 ab

207 840 370 878 Horatio
394 845 451 876 est
466 834 586 887 ἸΨῊΕ),

432 918 596 966 Rumpat
621 920 658 952 ec
686 926 840 965 serpens
868 914 943 951 ι’·ίιη
972 913 1199 950 i'nstztutum.

210 993 273 1045 Ap
277 993 393 1031 ertius
424 999 547 1031 autem
579 992 690 1029 etiam
721 990 817 1028 idem
849 990 1090 1040 cognoscitur
1118 1002 1166 1026 ex
1196 985 1416 1032 Heliodori,
1448 986 1659 1024 suavissimi

213 1050 430 1100 scriptoris,
459 1047 711 1098 Aethiopicon
743 1046 838 1083 libro
867 1046 977 1083 tertio
994 1044 1069 1111 †),
1108 1045 1169 1082 ubi
1200 1045 1250 1081 ita
1279 1043 1436 1093 legitur.
1479 1038 1589 1081 αὐτοὶ
1618 1040 1660 1081 δὲ

211 1102 298 1157 άρτι
326 1119 395 1154 της
424 1099 554 1154 κώμης
582 1099 689 1148 ἐκτὸς
713 1098 909 1169 γεγονότες
935 1100 1000 1139 καὶ
1027 1097 1094 1146 τὰς
1121 1096 1243 1151 όχθας
1268 1101 1336 1137 τοῦ
1361 1096 1505 1136 Νείλου
1537 1112 1659 1150 παρα-

212 1160 406 1212 μείβοντες
433 1155 678 1211 κροκόδειλον
706 1154 847 1209 ὁρῶσιν
874 1153 949 1195 ἀπὸ
983 1156 1117 1203 δεξιῶν
1149 1154 1212 1194 ἐπὶ
1240 1151 1387 1205 θάτερα
1413 1132 1659 1218 διερπύζοντα

212 1215 278 1255 καὶ
302 1217 355 1268 τῷ
386 1214 530 1279 ῥείθρῳ
557 1217 627 1252 τοῦ
656 1216 829 1263 ποταμοῦ
859 1209 930 1251 σὺν
955 1208 1057 1265 ὀξεία
1083 1214 1129 1265 τῇ
1155 1207 1256 1278 ῥύμῃ
1283 1204 1662 1262 καταδυόμενον.οἷ

213 1268 282 1321 μὲν
310 1266 358 1320 δη
399 1266 504 1308 ἄλλοι
534 1265 718 1319 συνηθως
753 1282 792 1306 τε
821 1267 886 1306 καὶ
916 1251 1124 1334 ἀθορύβως
1157 1262 1196 1304 τὸ
1233 1262 1338 1314 ὅφθὲ
1340 1280 1362 1302 ν
1395 1263 1512 1316 ἠγον·
1558 1260 1660 1313 πλὴν

215 1324 308 1365 ὅσον
334 1321 357 1364 ὁ
375 1321 584 1375 Καλάσιρις
605 1319 762 1373 κώλυμα
784 1337 820 1361 τι
850 1325 926 1360 τῶν
953 1318 1049 1361 καθ’
1086 1317 1179 1359 ὁδὸν
1203 1318 1522 1370 ἐπισημαίνεσθαι
1543 1315 1661 1371 πρού-

214 1384 330 1434 λεγεν.
389 1380 464 1418 Sed
505 1380 573 1417 hoc
614 1386 676 1416 aut
715 1378 819 1415 nihili
861 1385 939 1422 est,
985 1376 1081 1427 quod
1116 1377 1198 1426 ipse
1232 1388 1377 1426 quoque
1415 1388 1486 1411 non
1523 1374 1659 1411 invitus

216 1436 387 1481 fatebor,
434 1441 518 1479 aut,
572 1434 603 1471 si
641 1447 712 1471 non
752 1445 905 1483 prorsus
943 1432 1133 1481 indignum
1174 1438 1275 1476 er,at
1316 1428 1412 1481 quod
1451 1436 1658 1476 notaretur,

216 1492 430 1541 reperietur
467 1496 570 1528 certe
587 1488 694 1541 ††),
736 1489 797 1538 qui
828 1489 886 1524 vel
924 1500 946 1524 a
976 1500 1016 1524 se
1051 1487 1123 1523 iam
1165 1485 1306 1536 pridem
1345 1484 1659 1532 animadversum,

216 1547 275 1584 vel
309 1547 421 1583 ctiam
452 1557 473 1583 6
505 1542 619 1582 scidis
655 1551 765 1595 atque
803 1542 1032 1580 adversariis
1074 1542 1152 1578 suis
1183 1553 1205 1578 a
1235 1553 1294 1578 me
1331 1539 1539 1578 subtectum
1577 1552 1664 1579 6556

216 1599 432 1640 contendat.

739 1715 1030 1756 CAPUT
1086 1714 1140 1755 V.

485 1797 718 1835 Emendatus
744 1797 847 1834 loeus
872 1808 922 1832 ex
949 1794 1121 1833 Polz'tt'cz's
1147 1793 1386 1832 Arztetocelzte.

219 1877 515 1935 ARISTOTELES
547 1895 704 1946 septimo
722 1894 909 1933 Politicon
927 1893 1043 1947 †††)
1065 1891 1294 1945 quorundam
1315 1905 1483 1932 errorem
1509 1899 1660 1957 notans,

220 1954 280 2004 qui
318 1953 509 1990 felicitatis
546 1964 715 1989 caussam
747 1964 817 1988 non
860 1951 896 1987 in
927 1951 1085 1995 virtute,
1125 1947 1191 1986 sed
1223 1949 1259 1985 in
1295 1948 1426 1999 opibus
1461 1961 1505 1986 ac
1544 1950 1661 2000 copiis

220 2020 306 2046 esse
345 2013 528 2051 censent,
574 2007 647 2052 ait,
689 2005 846 2057 perinde
886 2018 952 2044 cos
985 2004 1143 2042 ridicule
1182 2004 1332 2050 facere,
1376 2017 1420 2042 ac
1457 2004 1515 2050 si,
1563 2003 1662 2055 quod

220 2063 384 2100 musicus
425 2062 558 2112 aliquis
594 2062 688 2098 bene
720 2069 896 2107 caneret,
939 2061 1018 2098 eius
1049 2061 1104 2097 rei
1143 2072 1312 2096 caussam
1343 2072 1417 2096 non
1458 2060 1496 2096 in
1525 2066 1661 2106 artem,

221 2117 289 2158 sed
317 2119 352 2154 in
385 2117 501 2181 lyrani
534 2116 737 2154 referrent.
797 2116 838 2154 Id
869 2123 990 2153 autem
1023 2115 1079 2151 his
1110 2114 1236 2151 verbis
1267 2114 1462 2164 exprimit:
1495 2111 1569 2153 Διὸ
1598 2113 1664 2154 καὶ

219 2173 460 2237 νομίζουσιν
478 2167 681 2221 ἄνθρωποι
717 2174 787 2222 τῆς
815 2168 1060 2221 εὐδαιμονίας
1098 2168 1200 2208 αι’τια
1234 2183 1281 2207 τα
1317 2166 1425 2216 ἐκτὸς
1453 2164 1551 2208 εἶναι
1585 2170 1664 2209 τῶν

220 2226 401 2295 αγαθῶν·
439 2224 561 2278 ὥςπερ
592 2226 626 2265 εἰ
645 2229 714 2265 τοῦ
741 2226 954 2277 κιθαρίζειν
979 2221 1152 2277 λαμπρὸν
1173 2222 1239 2263 καὶ
1267 2227 1393 2271 καλῶς
1422 2224 1573 2279 αἰτιῷτο
1592 2221 1663 2277 τὴν

220 2282 341 2336 λύραν
362 2285 506 2333 μᾶλλον
532 2285 601 2332 τῆς
622 2280 762 2333 τέχνης.
820 2281 964 2328 Quibus
990 2281 1025 2317 in
1052 2279 1193 2325 verbiS,
1223 2286 1264 2317 ut
1290 2278 1379 2316 illud
1407 2288 1661 2330 praeteream,

134 2349 197 2381 204
221 2338 318 2391 quod
359 2339 435 2389 legi
473 2337 595 2375 malim
631 2344 695 2375 aut
730 2336 927 2392 αἰτιῷντο,
960 2342 1024 2373 aut
1053 2335 1169 2382 εἴτις
1193 2337 1262 2374 τοῦ
1291 2334 1523 2388 κιθαρίζειν,
1562 2335 1664 2375 aliud

219 2505 245 2533 F
294 2466 339 2502 ·“ῑ’-)
365 2465 418 2495 Ad
442 2466 525 2494 hunc
551 2463 684 2493 exstant
709 2461 826 2491 Mureti
853 2461 1010 2498 epistolae
1037 2461 1116 2497 Opp.
1138 2461 1227 2490 Tom.
1247 2462 1271 2490 1.
1298 2467 1371 2497 pag.
1390 2461 1463 2491 525.
1490 2461 1564 2492 530.
1588 2461 1662 2494 611.

247 2511 332 2532 AESI.

309 2551 364 2587 ’->ῑ’-·)
384 2552 434 2580 Ex
449 2549 575 2584 vulgari
594 2548 822 2578 consuetudine
841 2547 1039 2577 scribendum
1059 2554 1102 2575 ex
1121 2553 1217 2582 eaque
1232 2547 1382 2581 superest.
1409 2547 1567 2582 Exempla
1585 2553 1661 2581 par-

219 2589 336 2618 ticulae
351 2596 409 2624 que
426 2587 652 2622 praepositioni
666 2595 708 2615 ecc
724 2586 771 2615 sic
786 2585 953 2615 adiunctae
971 2587 1066 2614 nabet
1078 2585 1309 2615 Ramsnornius
1323 2585 1662 2621 Gramm.1.at.amp1.

219 2629 252 2663 5.
273 2628 344 2662 188,
367 2627 403 2663 Β,
428 2627 455 2654 1.
476 2632 548 2661 pag.
569 2625 640 2653 808.
661 2625 710 2653 ed.
730 2626 786 2654 alt.

293 2674 389 2710 ,ῖς-52.)
410 2674 467 2702 Od.
485 2675 539 2702 111.
560 2674 615 2710 27,
637 2673 667 2702 5.

292 2722 338 2761 †)
360 2722 422 2751 imo
443 2721 571 2751 lib.V1.
591 2729 654 2750 non
674 2721 769 2756 longe
788 2721 829 2750 ab
849 2720 916 2750 init.

216 2770 364 2838 ΡΜΣ-ξ)
389 2770 576 2800 Lambinum
601 2770 711 2806 procul
738 2769 832 2800 dubio
856 2768 968 2804 tangit.
1009 2767 1102 2799 cr.1.
1125 2769 1173 2800 19.
1201 2771 1234 2799 et
1258 2767 1402 2805 inprimis
1421 2768 1505 2796 XIII.
1524 2765 1554 2797 6.
1575 2766 1658 2795 extr.

291 2854 392 2894 ἰι-ι’)
415 2863 485 2892 cap
507 2857 548 2887 ¹3
