1726 3106
283 607 561 666 GEORG
610 604 1079 664 AENOTHEUS
1125 606 1347 668 KOCH

746 725 789 760 L.
825 725 865 760 S.

93 934 249 1019 Quae
284 963 383 1022 post
416 958 727 1005 Ruhnkenium
764 975 790 1005 a
823 956 985 1005 Carolo
1015 956 1210 1006 Henrico
1242 957 1529 1024 Frotschero‚

92 1028 184 1073 viro
208 1026 600 1088 praestantissimo,
632 1031 733 1072 ante
758 1026 839 1072 hos
869 1042 947 1072 sex
976 1041 1112 1072 annos
1144 1027 1213 1073 edi
1243 1035 1398 1091 coepta
1427 1038 1529 1078 sunt

87 1093 257 1140 Mureti
283 1109 433 1155 opera,
461 1093 624 1153 insigni
651 1093 870 1138 hominum
897 1092 1163 1138 eruditorum
1189 1094 1343 1156 plausu
1367 1097 1528 1160 ubique

87 1166 176 1206 tum
202 1166 399 1221 accepta,
430 1175 481 1205 ea
503 1175 618 1205 nunc
646 1160 733 1205 alio
760 1159 915 1205 edente
940 1159 1185 1205 continuari
1212 1177 1267 1207 ne
1291 1163 1386 1224 quis
1411 1164 1525 1212 sorte

87 1226 339 1285 demiretur,
365 1226 492 1284 sciat,
524 1226 703 1272 eundem
729 1225 1040 1272 Frotscherum
1074 1227 1307 1290 multiplici
1335 1232 1524 1278 muneris

85 1294 333 1356 gravissimi
368 1299 411 1339 et
444 1293 778 1339 laboriosissimi
822 1293 968 1339 officio
1006 1292 1191 1356 aliisque
1233 1296 1390 1356 rebus,
1438 1315 1523 1360 quo

83 1361 225 1407 minus
251 1377 358 1423 opus
384 1376 549 1406 summo
573 1360 745 1407 fervore
768 1360 1017 1406 inchoatum
1042 1361 1162 1407 solus
1184 1361 1236 1407 ad
1263 1362 1391 1410 finem
1415 1380 1522 1426 per-

83 1428 278 1486 duceret,
302 1427 599 1490 praepeditum
622 1427 786 1473 laboris
810 1427 1047 1489 peragendi
1068 1428 1130 1473 ita
1155 1444 1223 1475 me
1245 1429 1328 1475 sibi
1353 1432 1520 1479 socium

81 1495 317 1556 adiungere
349 1495 561 1554 voluisse,
612 1500 657 1540 ut
692 1493 852 1541 Varias
888 1494 1162 1553 Lectiones,
1201 1512 1311 1558 quae
1343 1498 1518 1544 tertium

81 1563 306 1608 efficerent
333 1562 546 1621 volumen,
578 1561 622 1606 in
649 1578 715 1608 me
741 1562 1005 1624 susciperem
1035 1562 1338 1609 absolvendas.
1391 1564 1520 1613 Hauc

80 1635 166 1675 tam
192 1629 475 1675 honorificam
505 1628 796 1675 conditionem
824 1645 875 1675 eo
903 1629 1124 1676 lubentius
1150 1631 1377 1692 amplexus
1405 1648 1516 1693 sum,

81 1713 164 1758 quo
200 1712 251 1742 ca
287 1696 603 1758 exoptatiorem
637 1696 743 1741 mibi
787 1697 974 1742 oblatam
1005 1712 1100 1742 esse
1138 1696 1222 1742 vidi
1256 1701 1518 1761 opportuni-

79 1771 229 1822 tatem,
267 1763 361 1809 viro
390 1763 459 1808 illi
487 1762 820 1822 candidissimo,
858 1764 929 1826 qui
959 1763 1116 1809 studiis
1143 1764 1357 1827 rebusque
1392 1767 1517 1826 meis,

79 1847 207 1893 quum
235 1831 276 1874 in
306 1830 387 1876 hac
416 1830 638 1876 academia
665 1831 788 1876 bonis
811 1830 956 1876 literis
983 1845 1161 1892 operam
1185 1831 1349 1893 darem,
1378 1849 1514 1897 usque

77 1897 332 1961 prospexit,
367 1897 639 1957 gratissimos
673 1897 936 1944 testificandi
971 1898 1103 1943 animi
1134 1913 1304 1945 sensus.

177 1963 270 2009 Iam
317 1980 419 2009 vero
481 1980 735 2026 quamquam
786 1963 966 2010 eandem
1014 1964 1127 2010 viam
1177 1981 1229 2011 ac
1280 1965 1512 2028 rationem,

76 2046 202 2093 quam
237 2031 279 2076 in
318 2032 539 2092 prooemio
576 2031 630 2076 ad
673 2032 859 2094 primum
901 2032 1103 2078 volumen
1140 2034 1388 2080 accuratius
1431 2035 1511 2081 de-

74 2098 252 2160 scripsit
283 2096 602 2157 Frotscherus,
650 2115 715 2146 me
751 2115 922 2161 quoque
964 2104 1158 2145 secutum
1205 2116 1300 2147 esse
1349 2102 1418 2148 vel
1454 2119 1510 2148 ex

73 2165 227 2228 primis
268 2165 458 2227 plagulis
506 2171 688 2228 apparet
737 2182 819 2212 nec
866 2182 1120 2229 quemquam
1166 2167 1510 2230 improbaturum

74 2249 169 2278 esse
214 2232 410 2278 confido:
468 2233 733 2295 paucissima
767 2238 936 2293 tamen,
992 2250 1076 2296 quo
1120 2235 1275 2281 melius
1324 2235 1377 2282 de
1425 2236 1510 2283 hoe,

72 2299 258 2345 iudicari
298 2298 436 2361 possit
471 2301 716 2360 consortio,
763 2302 1042 2363 praemittere
1075 2317 1216 2348 meum
1252 2317 1347 2349 esse
1385 2302 1509 2349 duxi.

71 2366 217 2413 Habet
250 2366 334 2413 hoc
357 2365 592 2413 Variarum
620 2367 883 2414 Lectionum
919 2369 1173 2432 opusculum
1206 2376 1381 2432 praet-er
1411 2369 1507 2415 sin—

72 2433 244 2495 gularia
274 2432 510 2496 quaedam,
542 2451 651 2497 quae
683 2435 798 2481 infra
825 2436 871 2482 in
902 2452 989 2482 uno
1020 2442 1257 2498 conspeetu
1286 2437 1507 2483 collocare

71 2501 183 2545 haud
222 2500 416 2562 ineptum
451 2501 610 2562 fuerit,
654 2502 739 2548 hoc
773 2518 871 2549 cum
907 2503 1066 2550 ceteris
1101 2502 1340 2550 Muretinis
1383 2520 1506 2550 com-

69 2584 214 2626 mune,
239 2567 352 2629 quod
376 2567 614 2615 foedissimi
637 2569 683 2614 in
708 2571 851 2617 varias
874 2570 1065 2618 eiusdem
1087 2570 1303 2617 editiones
1323 2570 1506 2617 subinde

68 2634 340 2696 irrepserunt
384 2651 573 2684 errores,
640 2636 766 2695 Quae
810 2644 955 2684 autem
1001 2637 1310 2700 impedimenta
1353 2638 1506 2700 spinae

70 2701 229 2747 viatori
278 2702 324 2747 in
370 2701 554 2764 itinere,
615 2704 765 2751 eadem
811 2705 970 2752 lectori
1022 2705 1214 2751 obiicere
1269 2705 1412 2752 solent
1459 2705 1506 2750 in

69 2768 267 2816 oratione
298 2784 488 2818 errores.
547 2769 748 2820 Maximo
780 2771 916 2837 igitur
947 2788 1080 2837 opere
1112 2771 1160 2820 in
1193 2788 1247 2821 eo
1279 2773 1508 2821 elaboran-
