1778 3096
165 1568 227 1598 427

241 128 323 195 406
802 153 933 195 van.
963 152 1119 194 Lacr.

241 265 395 303 Interea
424 277 505 303 cum
544 271 694 302 veteres
733 263 815 301 illos
853 269 892 301 et
921 263 1126 314 sapientiae
1167 271 1205 303 et
1233 265 1467 317 eloquentiae
1496 264 1604 305 laude
1633 267 1686 306 ita

243 321 419 358 floruisse
453 318 616 364 videam,
650 325 690 356 ut
720 331 839 369 neque
869 332 890 355 a
919 332 1001 364 me,
1034 331 1154 369 neque
1184 334 1206 357 a
1236 334 1414 373 quoquam
1444 334 1594 369 eorum,
1624 323 1687 374 qui

247 388 345 413 nunc
375 381 479 420 sunt,
521 388 541 412 a
573 388 630 412 me
659 373 805 424 quidem
836 380 938 411 certe
969 374 1117 412 minime
1147 376 1331 423 omnium,
1364 376 1559 428 quidquam
1594 379 1688 415 scri-

246 430 369 474 batur,
392 428 488 479 quod
519 429 577 466 vel
605 426 688 468 κατ’
722 425 816 481 oveto
846 429 892 466 ad
920 429 1064 466 illorum
1096 433 1356 480 praestantiam
1387 432 1558 478 accedat5
1593 433 1688 470 malo

248 485 407 530 ceteris,
450 483 569 534 quoad
601 498 775 535 possum,
818 485 912 521 viam
945 483 990 521 ad
1021 497 1087 522 eos
1126 485 1271 523 facilius
1302 487 1564 537 intelligendos
1595 494 1691 525 ster-

249 552 365 585 nere,
396 553 501 590 quam
534 540 719 585 seribere,
754 552 845 589 quae
878 553 1003 589 parum
1035 541 1159 586 cauti,
1192 542 1366 578 novitatis
1396 542 1519 580 studio
1548 543 1689 589 allecti,

248 595 321 632 illis
354 596 503 632 omissis
535 595 673 646 legant.
733 595 784 632 Ut
816 596 911 632 enim
945 594 1081 632 dictum
1112 602 1171 632 est
1200 609 1219 632 a
1254 597 1367 633 nobili
1397 601 1502 647 poeta
1519 596 1582 649 Ἄγε),
1615 611 1692 635 mo-

249 650 356 688 ribus
395 663 441 688 ae
468 652 560 688 viris
595 652 761 700 antiquis
790 663 866 688 rem
898 653 1098 688 Romanam
1136 657 1262 696 stare,
1309 652 1358 689 ita
1390 653 1492 690 libris
1529 660 1566 691 et
1597 654 1693 690 seri-

247 705 417 756 ptoribus
449 706 610 757 antiquis
649 718 773 744 veram
813 717 857 743 ac
893 705 1048 742 solidam
1083 705 1331 745 eruditionem
1346 704 1418 758 *²³³3
1463 715 1565 746 stare
1594 707 1693 746 dica-

248 773 330 800 mus
360 760 461 798 licet.

308 828 404 864 Vz'tzo
434 827 503 876 qui
526 833 685 864 utuntur
713 832 861 871 vetere,
895 826 946 863 ait
978 824 1122 877 quidam
1141 823 1265 876 Ὴέἱῖὲ),
1298 827 1484 878 sapientes
1507 834 1618 879 pute,

305 882 359 920 Et
385 883 454 931 qui
478 888 622 919 veteres
648 887 820 931 spectant
850 881 1008 919 libenter
1026 881 1202 933 fabulas.

305 938 403 974 Num
431 950 530 974 nunc
555 950 672 974 novae
704 950 799 986 qztae
824 937 1015 986 prodeunt
1045 938 1274 982 comoediae,

305 993 428 1030 Multo
459 998 549 1029 sunt
575 993 797 1043 nequiores,
832 1005 941 1042 quam
971 993 1078 1030 numi
1102 993 1200 1029 novi.

251 1067 295 1107 ld
325 1069 458 1106 leviter
496 1069 671 1106 inflexum
704 1067 748 1105 ad
779 1081 887 1105 omne
918 1082 1033 1119 prope
1064 1081 1184 1118 genus
1217 1067 1393 1105 librorum
1425 1065 1697 1105 accommodari

253 1131 388 1176 potest.
451 1123 502 1161 Et
537 1131 682 1170 tamen,
726 1123 820 1174 quod
860 1125 947 1160 mihi
985 1123 1169 1161 interdum
1209 1124 1348 1168 risum,
1393 1123 1576 1161 interdum
1619 1131 1697 1160 sto-

253 1179 422 1217 machum
453 1186 596 1224 movet,
637 1179 786 1216 obscuri
818 1180 1085 1216 homunciones
1120 1179 1381 1228 reperiuntur,
1421 1180 1479 1229 qui
1511 1178 1698 1216 nobilissi-

252 1248 333 1272 mos
370 1248 534 1284 quosque
576 1235 803 1284 scriptoi·eS‚
847 1248 1010 1285 quosque
1050 1241 1220 1285 tanquam
1261 1235 1296 1271 in
1336 1234 1439 1271 caelo
1457 1233 1533 1286 †),
1570 1240 1609 1270 ut
1645 1234 1698 1270 ita

254 1289 398 1336 dicam,
432 1290 563 1327 merita
595 1290 845 1334 collocarunt,
880 1290 915 1326 in
946 1289 1112 1326 ordinem
1144 1302 1306 1337 cogere,
1339 1296 1377 1327 et
1406 1288 1451 1326 (le
1483 1289 1536 1326 cis
1564 1287 1699 1326 adver-

254 1358 317 1382 sus
346 1352 400 1381 lot
430 1345 660 1382 saeculorum
692 1345 914 1381 sententiam
946 1344 1110 1382 iudicare
1141 1344 1330 1394 audeant..
1363 1343 1470 1381 Alius
1491 1343 1697 1381 Homerum

255 1399 419 1446 damnat,
451 1400 545 1437 alius
576 1400 611 1436 in
639 1399 805 1448 Virgilio
837 1400 949 1436 multa
979 1398 1236 1449 reprehendit,
1269 1399 1362 1436 alius
1391 1406 1589 1450 praecepta
1619 1399 1699 1435 flo-

253 1456 341 1492 ratii
373 1454 417 1491 (le
445 1462 524 1492 arte
550 1455 696 1505 poetica
726 1453 878 1499 irridet,
912 1454 1005 1491 alius
1035 1453 1207 1491 Ovidium
1240 1455 1408 1491 nescisse
1427 1454 1510 1506 ’Ῑ-Ί)
1540 1454 1592 1491 ait
1622 1453 1702 1491 La-

255 1511 334 1547 tine
363 1510 483 1560 loqui:
521 1510 625 1559 quasi
655 1522 721 1546 nos
750 1508 876 1553 hodie,
902 1507 987 1558 quid
1017 1510 1065 1546 sit
1083 1508 1217 1545 Latine
1246 1509 1360 1559 loqui,
1391 1510 1575 1546 sciamus:
1607 1509 1700 1546 alius

256 1566 351 1611 alia,
391 1578 544 1614 quorum
576 1577 633 1601 me
670 1562 785 1615 pudet
821 1565 1010 1615 pigetque.
1069 1563 1228 1609 Miseri,
1269 1570 1404 1614 quanto
1435 1565 1566 1602 melius
1598 1564 1701 1601 face-

256 1627 356 1665 rent,
383 1621 414 1657 si
443 1619 489 1657 ad
522 1632 586 1657 eos
615 1619 877 1670 intelligendos
907 1626 945 1656 et
973 1617 1017 1656 ad
1051 1619 1208 1656 virtutes
1238 1631 1364 1656 eorum
1388 1620 1533 1669 penitus
1563 1632 1702 1669 cogno-

257 1675 415 1713 scendas
447 1682 507 1721 et,
551 1682 725 1726 quantum
757 1675 933 1724 cuiusque
974 1675 1073 1711 vires
1115 1674 1261 1719 ferunt,
1305 1673 1500 1712 imitandas
1542 1675 1701 1712 studium

257 1732 496 1776 conferrent,
539 1744 645 1781 quam
685 1743 782 1767 nunc
814 1743 919 1775 cum,
961 1742 1091 1767 canum
1122 1728 1265 1766 Lunam
1302 1730 1545 1767 allati-antium
1579 1743 1699 1776 more,

257 1786 302 1823 ad
331 1800 420 1837 quos
459 1785 651 1836 adspirare
684 1799 756 1823 non
788 1791 963 1836 possunt,
1005 1797 1131 1821 eorum
1173 1785 1305 1822 famam
1344 1785 1511 1823 lacerare
1543 1792 1701 1823 eonten-

258 1841 360 1879 dunt.
431 1841 564 1892 Neque
606 1842 841 1891 negaverim,
890 1852 974 1877 esse
1015 1847 1052 1877 et
1090 1840 1126 1876 in
1165 1841 1374 1886 veteribus,
1428 1854 1520 1891 quae
1560 1841 1702 1890 culpari

256 1897 424 1948 possint:
469 1896 638 1934 homines
679 1897 777 1934 enim
811 1897 984 1933 fuerunt:
1030 1893 1097 1932 sed
1136 1896 1240 1932 utin
1273 1896 1444 1933 formosis
1483 1897 1701 1946 corporibus

258 1966 398 1989 naevos
430 1959 596 1990 notamus
612 1951 752 2005 †††),
790 1966 861 1989 non
893 1957 1091 2001 propterea
1121 1957 1231 1988 totam
1264 1952 1417 1988 formam
1447 1950 1699 2002 despicimus:

259 2008 314 2045 sie
346 2014 384 2044 et
412 2009 448 2044 in
479 2008 574 2052 illis,
608 2008 638 2044 si
667 2021 737 2059 qua
767 2021 838 2044 non
865 2007 1036 2057 placent,
1079 2005 1245 2044 modeste
1276 2005 1457 2051 notanda,
1498 2020 1568 2044 non
1600 2007 1702 2057 ipsos

258 2062 357 2100 tribu
389 2061 589 2100 movendos
604 2060 650 2113 ᾗ)
691 2075 844 2100 cense0.
905 2061 1081 2098 Modesta
1116 2060 1253 2099 iudicia
1287 2062 1392 2099 fero:
1437 2062 1702 2112 impudentiam

259 2125 297 2155 et
336 2120 585 2167 arrogantiam
625 2131 697 2154 non
739 2119 837 2155 fero.
905 2115 981 2154 Sed
1022 2117 1142 2153 sentio
1187 2129 1244 2154 me
1282 2117 1427 2167 longius
1469 2124 1698 2167 provectum,

259 2186 365 2236 quam
397 2185 678 2223 proposueram.
739 2173 797 2210 Ac
825 2184 959 2209 vereor
986 2170 1191 2217 interdum,
1225 2184 1270 2208 ne
1302 2179 1430 2209 nostra
1460 2172 1551 2210 huee
1581 2171 1701 2209 dicaci

260 2228 419 2276 cuipiam
450 2227 643 2265 videantur
673 2240 758 2265 esse
795 2240 842 2264 ex
870 2238 1012 2276 genere
1042 2225 1414 2278 Macrocephalorum
1428 2223 1527 2279 2³⁴⁶),
1569 2227 1701 2278 quibus

334 2336 378 2372 ἐξ)
404 2335 507 2365 Ennio
528 2343 577 2371 ap.
600 2336 663 2365 Cic.
685 2336 723 2364 de
743 2337 822 2371 Rep.
844 2335 901 2365 lin.
922 2336 959 2364 V.
981 2342 1050 2370 cap.
1073 2336 1100 2365 1.
1121 2335 1154 2371 S.
1175 2337 1203 2365 1.

537 2385 682 2413 Moribus
700 2386 834 2420 antiquis
852 2392 904 2413 res
923 2387 985 2413 stat
1001 2386 1144 2413 Romana
1164 2385 1307 2419 virisque.

334 2432 403 2468 effi)
425 2433 478 2461 Sic
497 2433 551 2461 inf.
572 2433 624 2462 lib.
646 2434 757 2462 XVIII.
778 2441 845 2468 cap.
867 2433 918 2461 20.
947 2440 1023 2461 vera
1043 2436 1072 2461 et
1090 2434 1190 2461 solida
1217 2434 1360 2462 eruditio.
1407 2434 1470 2463 Sed
1490 2433 1554 2464 vid.
1575 2435 1702 2465 RuhnK.

260 2470 301 2500 ad
321 2472 401 2500 Mur.
424 2472 500 2505 Opp.
523 2473 609 2500 Tum.
630 2472 652 2499 1.
676 2478 746 2506 pag.
771 2474 817 2499 13.
851 2470 978 2499 Krebsii
998 2471 1106 2500 Antib.
1127 2477 1199 2505 pag.
1220 2471 1291 2499 453.

334 2518 428 2553 {ute-:tq
454 2520 559 2548 Plaut.
581 2518 686 2548 casin.
707 2520 833 2553 prolog.
855 2526 885 2548 v.
906 2520 935 2548 5.
955 2521 985 2549 6.
1006 2519 1036 2548 9.
1058 2519 1107 2548 10.
1146 2518 1195 2548 Ibi
1213 2519 1347 2554 legitur:
1379 2520 1438 2554 Qui
1463 2520 1592 2549 utuntur
1618 2520 1702 2555 vino,

260 2556 390 2586 deinde:
410 2558 451 2585 Ec
472 2559 522 2591 qui
542 2557 671 2584 libenter
691 2559 809 2585 veteres
829 2561 892 2585 eet.

334 2602 380 2642 †)
400 2606 450 2632 Ex
469 2605 536 2632 XII.
558 2606 635 2633 Tan.
657 2612 706 2639 ap.
726 2605 790 2634 Cic.
813 2605 852 2633 de
869 2606 964 2640 Legg.
985 2604 1037 2634 lib.
1056 2605 1220 2639 11.can.8.
1242 2605 1275 2642 S.
1292 2605 1341 2635 19.
1376 2604 1423 2636 Cf.
1443 2604 1498 2636 Ins.
1518 2605 1574 2636 lib.
1589 2607 1702 2636 xvm.

259 2648 328 2678 cap.
350 2642 399 2671 20.
435 2642 554 2671 comm.
574 2642 606 2670 in
627 2643 744 2672 Catull.
767 2644 845 2677 Opp.
866 2644 952 2671 Tem.
973 2644 1011 2671 11.
1032 2650 1103 2677 pag.
1126 2643 1196 2671 729.

335 2689 410 2729 ἦ)
432 2689 478 2719 ef.
498 2692 579 2719 Mur.
602 2690 680 2725 Opp.
702 2691 789 2719 Tom.
808 2694 832 2721 1.
853 2698 924 2726 pag.
945 2691 1016 2720 293.
1044 2692 1133 2721 Tem.
1153 2693 1192 2720 11.
1212 2697 1286 2726 pag.
1305 2691 1378 2720 886.

334 2736 438 2776 -Η-Τ)
460 2737 506 2767 cf.
527 2739 635 2767 Horat.
657 2739 752 2768 Satir.
773 2740 796 2767 1.
816 2739 847 2777 6,
869 2740 920 2770 67.

333 2785 376 2820 *J
398 2785 418 2814 i.
433 2793 460 2814 e.
480 2785 653 2821 Ignominia
672 2787 840 2824 notandos,
857 2788 939 2822 quod
954 2789 1120 2822 utrumque
1141 2788 1317 2817 censorum
1338 2788 1409 2816 erat
1429 2788 1512 2821 apud
1531 2790 1702 2817 Romanos.

257 2823 329 2853 vid
350 2823 414 2852 cie.
434 2831 491 2858 pro
513 2808 946 2860 ciue111.cap.43.§·.1·22.
977 2826 1016 2854 de
1037 2826 1123 2856 orat.
1143 2826 1199 2855 lib
1218 2827 1257 2854 II.
1280 2833 1348 2862 cap.
1367 2826 1418 2856 67.
1439 2828 1471 2862 s.
1492 2827 1565 2856 272.

334 2870 402 2905 xus)
423 2871 494 2901 Vin.
515 2879 612 2908 supra
632 2873 672 2901 ad
693 2872 745 2901 lit).
768 2874 835 2902 XII.
857 2881 925 2908 cap.
946 2874 975 2903 8.
