1726 3106
123 1984 185 2015 266

207 128 290 171 254
769 126 899 168 VAR.
929 127 1083 168 LECT.

207 240 448 279 Divinatione
462 237 507 290 ᾗ)
536 239 585 276 ita
618 239 794 290 seriptum
826 246 904 277 est:
949 240 1048 289 Quid
1074 253 1169 289 ego,
1204 254 1299 291 qnae
1329 244 1437 292 magi
1464 244 1563 292 Cyro
1594 245 1654 282 ila·

200 298 373 348 princ-epi
398 297 645 345 interpretati
670 302 779 340 sunt,
821 308 871 332 ez·
899 296 1075 344 Dionysia·
1101 298 1264 333 Persicis
1292 296 1398 334 libris
1421 297 1650 348 proferam?

208 351 285 389 Sed
309 351 499 401 praeclare
527 351 562 387 in
586 357 713 387 vetere
739 350 833 387 libro
860 363 964 388 meo:
996 363 1044 387 ew
1066 352 1222 388 Dinonis
1246 354 1407 390 Persicis
1423 353 1650 403 proferam?

208 407 367 444 Dinonis
409 406 505 442 cuim
539 405 694 442 Persica
731 418 843 456 saepe
887 413 924 443 et
957 405 1002 442 ab
1033 405 1230 443 Athenaeo
1246 405 1318 458 ἳῖξιὲ’6)
1360 414 1395 445 et
1425 422 1444 444 a
1476 407 1650 456 Diogene

206 462 359 499 Lae'rtio
375 458 475 512 ww)
505 461 681 498 citantur.
729 461 863 511 Neque
894 474 983 498 vero
1009 459 1179 497 addenda
1207 469 1265 499 est
1293 476 1363 500 vox
1394 463 1513 501 libris.
1564 462 1651 501 Non

207 517 321 560 enim,
343 529 437 554 ,cum
471 515 598 553 dicunt
626 518 772 562 ludica,
809 518 979 559 Persica,
1011 516 1161 554 Jberz‘ca
1190 523 1228 553 et
1257 519 1406 564 similia,
1441 518 1652 568 intelligunt

205 571 355 623 βιβλίαι
400 570 466 609 sed
501 584 561 608 res
593 571 794 619 ludorum,
834 583 896 610 res
926 572 1152 618 Persarum,
1190 571 1406 612 Iberorum:
1446 572 1650 625 codemque

208 627 315 665 modo
345 628 382 664 in
412 628 566 665 ceteris.

706 757 995 796 CAPUT
1050 756 1147 796 XV.

303 838 359 875 De
372 836 483 888 fictis
513 834 733 885 quibusdam
765 836 914 879 amicis,
947 836 1015 884 qui
1042 835 1135 872 levia
1166 835 1368 872 amicorum
1392 843 1555 886 peccata

512 891 813 940 reprehendunt,
850 891 901 927 ad
925 891 1110 939 graviora
1140 892 1346 927 connivent.

206 971 522 1028 VEHEMENTER
562 989 774 1039 vituperare
821 1001 863 1026 ac
907 987 1187 1039 reprehendere
1228 988 1370 1025 solebat
1409 988 1649 1040 Hippolytus,

209 1046 421 1085 cardinalis
449 1045 710 1083 Fert-ariensis
729 1043 803 1096 ἦ),
836 1044 940 1081 cuius
972 1058 1041 1094 ego
1073 1044 1284 1081 memoriam
1318 1051 1497 1095 perpetuo
1527 1045 1653 1082 colere

209 1105 318 1153 cique
351 1114 477 1152 pacem
510 1113 553 1137 ac
585 1101 729 1137 veniam
763 1113 783 1136 a
815 1098 897 1137 Deo
930 1100 1103 1150 precibus
1141 1099 1310 1136 omnibus
1350 1111 1554 1150 exposcere
1589 1099 1654 1137 dc-

209 1159 306 1204 beo,
338 1156 560 1193 sententiam
590 1155 713 1193 Plauti
744 1154 789 1192 dc
821 1156 930 1192 amici
960 1155 1103 1192 officio:
1139 1167 1260 1206 neque
1292 1167 1449 1206 unquam
1479 1154 1654 1193 audiebat

210 1215 278 1252 hos
307 1225 438 1251 versus
457 1210 554 1263 ᾗ),

373 1290 545 1328 Amicum
577 1288 769 1336 castegare
799 1287 844 1324 ob
873 1288 1045 1325 meritam
1070 1288 1240 1334 nooez'am,

373 1347 539 1383 Immune
569 1350 625 1381 est
642 1342 830 1393 facinus.-

211 1424 299 1475 quin
328 1434 445 1473 prope
481 1419 778 1458 excandesceret
808 1418 1049 1468 diceretque,
1090 1419 1180 1456 nibil
1211 1420 1377 1469 potuisse
1417 1420 1561 1457 stultius
1593 1427 1654 1457 aut

211 1493 233 1518 a
263 1479 342 1516 veri
374 1477 483 1514 amici
516 1483 648 1512 natura
674 1487 718 1511 ac
748 1473 1015 1511 consuetudine
1046 1475 1201 1510 alienius
1231 1476 1402 1524 cogitari.
1454 1476 1529 1514 Vix
1556 1477 1653 1513 enim

211 1535 322 1572 ullum
359 1544 444 1569 esse
469 1537 532 1568 aut
560 1530 631 1567 viri
660 1529 760 1573 boni,
793 1535 855 1564 aut
878 1529 987 1565 amici
1017 1528 1174 1565 hominis
1204 1530 1320 1566 maius
1350 1543 1394 1567 ac
1424 1531 1653 1581 praeclarius

213 1601 370 1634 munus,
410 1600 516 1638 quam
548 1586 705 1622 amicum
744 1583 803 1621 vel
833 1596 991 1634 peccare
1026 1591 1216 1633 parantem
1246 1585 1411 1622 retinere
1441 1593 1550 1636 atque
1586 1587 1654 1623 im-

213 1644 368 1697 pedire,
409 1643 467 1680 vel
499 1655 580 1679 cum
621 1641 692 1677 iam
725 1646 939 1690 peccasset,
986 1638 1266 1689 reprehendere
1295 1647 1404 1690 atque
1432 1641 1651 1692 increpare:

213 1701 297 1738 dum
328 1706 448 1736 tamen
479 1703 685 1741 constaret,
713 1694 748 1732 id
780 1708 852 1731 non
881 1695 953 1731 alio
983 1695 1105 1732 auimo
1134 1695 1230 1740 fieri,
1263 1709 1369 1745 quam
1399 1694 1444 1733 ad
1473 1697 1655 1734 incutien-

213 1755 296 1793 dum
338 1755 372 1791 ei
404 1752 604 1804 pudorem,
648 1764 694 1789 ne
723 1750 808 1801 quid
850 1757 978 1800 postea
1011 1750 1082 1787 tale
1119 1752 1386 1797 committeret,
1431 1750 1494 1789 sed
1533 1753 1568 1788 in
1608 1764 1654 1790 eo

212 1823 380 1861 magnam
402 1807 645 1846 adhibendam
673 1819 757 1844 esse
780 1807 1004 1851 cautionem,
1033 1818 1079 1842 nc
1100 1804 1360 1856 deciperemur
1377 1806 1422 1844 ab
1447 1806 1655 1845 hominibus

212 1866 407 1918 improbis,
439 1865 516 1914 qui,
547 1870 586 1900 ut
614 1863 734 1900 amice
763 1874 806 1899 ac
837 1861 953 1898 libere
983 1873 1096 1910 agere
1125 1860 1335 1908 videantur,
1366 1862 1403 1899 in
1432 1863 1492 1908 iis,
1523 1863 1654 1913 quibus

213 1936 253 1959 se
283 1922 422 1958 amicos
454 1932 539 1957 esse
571 1919 757 1963 simulant,
792 1917 886 1953 levia
909 1916 1085 1967 quaedam
1117 1924 1154 1953 et
1184 1918 1313 1968 pusilla
1341 1924 1494 1967 peccata
1524 1930 1654 1968 repre-

213 1976 401 2020 hendunt,
439 1974 485 2013 ad
517 1974 657 2011 maiora
688 1981 722 2011 et
754 1973 927 2022 graviora
958 1972 1105 2008 interim
1138 1973 1405 2010 conniventes:
1447 1972 1654 2010 cuiusmodi

213 2033 294 2070 fere
325 2043 455 2068 omnes
497 2042 583 2066 esse
614 2028 762 2066 dicebat
791 2040 920 2077 regum
961 2040 1004 2064 ac
1035 2033 1220 2076 potentum
1261 2029 1452 2065 tenuiores
1492 2029 1652 2069 amicos:

213 2100 333 2138 neque
372 2086 439 2122 hac
485 2086 661 2121 maiorem
708 2084 816 2120 ullam
866 2094 949 2119 esse
997 2081 1213 2120 infelicitate
1255 2083 1523 2120 infelicitatem.
1593 2083 1653 2121 Ac

213 2142 363 2180 memini
401 2140 486 2177 olim
525 2153 606 2176 cum
638 2139 803 2181 Tibure,
845 2150 925 2174 cum
964 2137 1063 2173 inter
1102 2137 1295 2187 prandium
1334 2138 1444 2174 multa
1486 2139 1523 2175 in
1559 2137 1652 2176 hanc

213 2197 434 2235 sententiam
464 2194 714 2244 disputasset,
751 2205 880 2242 meque
911 2197 1062 2241 postea,
1105 2200 1143 2228 ut
1174 2192 1339 2238 solebat,
1380 2194 1415 2230 in
1444 2193 1651 2231 cubiculum

213 2267 316 2291 suum
358 2257 598 2296 sevocasset,
646 2247 752 2287 valde
790 2247 955 2298 gavisum
990 2258 1097 2293 6556,
1147 2254 1184 2284 ut
1222 2261 1269 2285 ex
1307 2260 1364 2285 me
1403 2247 1541 2295 audiit,
1589 2256 1654 2287 aut

288 2391 331 2426 *J
359 2397 426 2425 cap.
447 2389 496 2416 23.
518 2387 549 2421 ς.
571 2387 621 2415 46.
652 2386 756 2421 ibique
785 2384 919 2414 Gicsius.
961 2386 1092 2412 Dinonis
1120 2393 1233 2414 nomen
1262 2393 1343 2414 nunc
1372 2389 1541 2420 recemum.
1582 2386 1652 2416 Viti.

213 2431 403 2460 Valckenar.
423 2428 462 2456 ad
486 2425 645 2454 Theocriti
666 2424 820 2453 Attoniaz.
840 2430 868 2451 v.
892 2425 939 2451 11.
961 2424 1046 2451 Tom.
1068 2425 1105 2451 Π.
1128 2431 1198 2458 pag.
1223 2424 1292 2452 1:34.
1314 2425 1361 2452 ed.
1382 2424 1544 2453 Heindorf.

286 2477 354 2512 ἔειπε)
382 2477 433 2505 lib.
456 2477 493 2504 11.
516 2481 586 2509 pag.
606 2473 656 2502 67.
677 2473 717 2502 A.
750 2472 804 2501 lib.
825 2473 891 2501 vu.
914 2478 985 2507 pag.
1009 2471 1079 2500 146.
1100 2472 1134 2501 C.
1155 2472 1241 2501 alibi.
1280 2472 1351 2501 vid.
1378 2473 1556 2507 Schweigh.
1585 2472 1652 2502 lud.

212 2517 342 2546 Auctor.
382 2517 492 2543 FAESI.

288 2562 380 2597 ετεεῑεεζε)
401 2562 454 2590 tib.
475 2562 497 2589 1.
518 2561 549 2595 ς.
571 2560 600 2588 8.
621 2560 653 2588 et
672 2559 724 2587 IX.
746 2557 767 2593 ς
797 2558 848 2587 50.
869 2557 922 2587 ubi
942 2558 1005 2586 vid.
1028 2560 1152 2591 Menag.

288 2611 334 2649 ἦν]
357 2610 402 2639 cf.
425 2610 509 2637 Orat.
524 2609 604 2636 XVI.
628 2608 706 2641 opp.
728 2608 813 2634 Toni.
834 2608 858 2634 Ι.
879 2613 949 2640 pag.
969 2607 1034 2634 1:35.
1057 2610 1087 2634 et
1102 2607 1204 2634 Carm.
1225 2612 1296 2640 pag.
1314 2605 1384 2634 770.
1415 2606 1492 2634 Eius
1507 2605 1652 2641 Epistola

212 2650 330 2685 legitur
351 2650 438 2676 Toni.
459 2649 482 2675 Ι.
504 2653 575 2680 pars.
597 2647 668 2674 522.
711 2644 855 2677 limi-imis
882 2645 1051 2676 legendum
1079 2644 1132 2672 lin.
1153 2645 1233 2671 ΧΠ.
1254 2651 1323 2678 cap.
1343 2644 1374 2672 4.
1407 2644 1522 2672 Mureti
1548 2645 1649 2672 oratio

213 2689 245 2717 in
267 2688 335 2716 eius
356 2686 465 2715 funere
486 2686 573 2712 Τοιιι.
596 2685 617 2711 1.
641 2689 711 2716 pag.
736 2682 808 2710 347.
829 2684 859 2709 et
880 2682 994 2709 Lazcri
1015 2681 1159 2710 DiatrilJe
1180 2683 1267 2710 Tum.
1287 2683 1340 2711 lv.
1361 2687 1434 2716 pag.
1453 2682 1525 2710 551.
1564 2684 1652 2710 Mor-

213 2729 287 2756 tuus
308 2724 390 2752 enim
411 2725 484 2751 crat
505 2722 556 2751 die
577 2722 604 2749 2.
626 2721 790 2748 Deccmbr.
814 2720 903 2747 1572.
943 2722 1053 2747 FAEsi.

212 2812 227 2839 ι
283 2770 654 2839 ἷῖὶέξὶῗέἒὰέᾥεώ·
668 2768 1043 2835 ἓέῑιῗέῐῖἱῗῖῧῦἳῗῑὲἑῖ
1060 2769 1239 2842 ’ῑέᾉ”ζ”ἒὲ
1252 2765 1653 2839 ῧῑ,ἰῖ”ἔέ«ῗὲ””,ἶὲεῖῗὲοέιιῖ·ηῑ;

214 2818 356 2885 Ιῗιῗτιιιιαῗιε,
379 2846 518 2876 oremus
537 2826 683 2874 lrmmilie.
855 2827 863 2835 ⁹
929 2828 935 2835 ⁸
978 2827 983 2834 ¹
1038 2813 1066 2841 p·
1122 2827 1147 2840 .,
1165 2826 1172 2834 ’
1229 2828 1235 2834 ’
1403 2826 1410 2834 ⁰
