1778 3096
523 153 627 194 LIB.
656 153 769 194 thl.
830 154 950 195 CAP.
979 155 1032 196 V.
1419 155 1503 198 2539

58 268 121 307 illa
150 265 259 306 foeda
285 261 440 318 parandi
469 264 590 302 victus
618 265 763 304 ratione
792 263 976 304 absistere
1004 272 1041 304 et
1068 265 1291 317 intelligant,
1322 279 1364 305 se
1393 266 1501 317 bonis

58 323 227 362 omnibus
256 321 390 360 merito
420 318 571 357 odiosos
603 332 702 358 esse.
762 319 907 358 Versus
940 320 1106 359 Graecus
1129 322 1191 360 hic
1221 328 1278 359 est
1295 320 1368 375 Ὦς

219 393 302 445 Δὸς
330 393 447 450 ἄρτον
473 399 609 452 πτωχῷ
637 395 703 436 καὶ
729 392 919 437 κόνδυλον
948 393 1051 447 ὄψον
1081 395 1143 438 ἐπ’
1176 395 1292 454 αὐτῷ.

56 475 129 516 Est
156 481 279 514 autem
308 486 442 514 versus
469 470 679 524 ἀκέφαλος,
721 480 762 511 ut
791 474 896 511 cuius
934 474 1054 524 prima
1092 474 1237 526 syllaba
1275 474 1404 513 brevis
1435 476 1498 514 sit.

56 532 183 570 Aliter
211 543 293 569 eum
321 529 368 567 ab
398 527 598 567 Eustathio
632 535 670 566 et
698 527 774 579 legi
809 535 847 566 et
877 529 1013 579 exponi
1046 530 1151 576 scio,
1192 528 1280 576 sed,
1326 538 1367 568 ut
1397 544 1502 569 suum

57 587 211 639 cuique,
242 598 325 624 mea
353 584 443 623 mihi
472 584 734 636 interpretatio
763 583 883 634 magis
916 582 1075 622 arridet.

580 713 869 753 CAPUT
923 714 976 754 V.

57 797 113 834 De
139 795 222 833 loeo
252 794 413 846 quodam
441 794 598 831 Horatia·
623 794 804 832 adversus
831 794 1053 832 sententiam
1083 793 1295 840 cuiusdam,
1326 795 1394 845 qui
1420 806 1502 832 eum

539 850 733 900 corrupit,
772 850 1018 900 desputatum.

58 927 291 985 Honums
329 959 411 984 cum
438 953 588 985 veteres
625 948 790 997 tragicos
827 960 871 986 30
901 949 1066 986 comicos
1098 947 1254 986 Latinos
1286 949 1323 987 in
1354 962 1504 1001 compo-

60 1001 194 1042 nendis
233 1001 402 1040 iambicis
443 1002 616 1040 versibus
657 1002 749 1041 mire
786 1002 1023 1053 negligentes
1064 1004 1183 1042 fuisse
1223 1003 1403 1051 dixisset,
1449 1006 1506 1042 in-

61 1059 284 1109 dignamque
322 1058 377 1094 eis
413 1059 556 1095 veniam
601 1057 721 1095 datam
761 1071 871 1096 esse:
927 1059 1093 1109 quaerit,
1140 1073 1224 1097 num
1262 1057 1429 1106 idcirco,
1474 1059 1507 1097 si

61 1115 142 1165 quis
179 1113 384 1162 scripturus
414 1113 487 1158 sit,
534 1113 662 1150 eorum
705 1111 970 1163 negligentiam
1013 1113 1150 1151 imitari
1191 1114 1325 1152 debeat
1364 1122 1424 1161 et,
1467 1121 1508 1152 ut

59 1169 211 1209 Teucer
239 1166 306 1203 sub
334 1166 467 1204 Aiacis
495 1167 651 1218 clypco,
686 1169 737 1206 ita
767 1169 835 1206 suh
867 1169 1088 1206 auctoritate
1118 1182 1247 1207 eorum
1274 1169 1419 1216 latere3
1460 1183 1506 1207 an

60 1223 182 1276 potius
210 1222 348 1258 imitari
378 1222 615 1259 severitatem
642 1236 684 1260 ac
714 1222 943 1272 diligentiam
983 1223 1236 1268 Graecorum,
1275 1224 1336 1274 qui
1368 1231 1507 1262 tantam

61 1279 131 1317 sibi
161 1277 346 1315 licentiam
376 1290 449 1313 non
483 1285 739 1327 sumpserunt,
770 1277 837 1315 sed
870 1290 999 1315 versus
1028 1291 1115 1315 suos
1144 1279 1255 1316 multo
1283 1279 1507 1316 certioribus

61 1334 247 1383 multoque
278 1331 500 1369 arctioribus
530 1331 676 1381 legibus
707 1331 1003 1371 adstrinxerunt.
1064 1333 1160 1371 Tum
1191 1333 1363 1380 subiicit,
1405 1347 1506 1380 eum,

61 1390 122 1441 qui
160 1387 252 1425 nihil
281 1385 380 1425 aliud
420 1387 457 1424 in
489 1386 690 1424 scribendo
728 1386 898 1434 studeat,
939 1388 1011 1425 nisi
1040 1395 1080 1425 ut
1118 1395 1216 1427 tutus
1249 1389 1296 1426 sit
1326 1402 1347 1427 3
1377 1402 1509 1440 repre—

60 1443 285 1483 hensoribus
331 1448 370 1480 et
416 1448 455 1479 ut
501 1455 542 1479 se
584 1442 741 1480 aliorum
793 1443 963 1493 exemplo
1009 1450 1133 1493 tegat,
1181 1457 1302 1495 neque
1350 1445 1507 1482 ulterius

63 1505 169 1539 cavet
184 1495 279 1548 ἔθνὴ),
311 1509 417 1547 quam
441 1509 488 1533 ne
518 1496 604 1547 quid
634 1497 817 1543 admittat,
841 1501 878 1535 in
911 1511 982 1549 quo
1007 1500 1140 1537 veniae
1171 1512 1274 1550 spem
1303 1507 1508 1550 promptam

63 1569 107 1593 ae
141 1559 304 1605 paratam
336 1565 409 1589 non
441 1550 598 1597 habeat,
630 1552 765 1590 nullam
798 1551 940 1590 laudem
972 1554 1132 1591 mereri:
1179 1553 1267 1600 sed,
1301 1561 1340 1591 ut
1370 1555 1509 1593 libera·-

64 1611 207 1648 lissime
241 1620 324 1645 cum
365 1619 410 1644 eo
447 1613 600 1656 agatur,
656 1606 725 1645 hoc
768 1614 907 1645 tantum
947 1605 1019 1645 dici
1062 1621 1197 1659 posse,
1248 1622 1332 1646 eum
1373 1623 1508 1648 vacare

65 1666 187 1716 culpa.
236 1663 420 1699 Hortatur
449 1674 540 1711 ergo
567 1661 747 1709 Pisones,
781 1676 827 1700 ne
856 1662 892 1700 id
923 1662 993 1700 sibi
1020 1664 1110 1700 satis
1136 1677 1222 1702 esse
1255 1663 1408 1711 ducant,
1442 1665 1508 1702 sed

65 1725 219 1758 versent
252 1716 383 1754 diurna
420 1729 463 1753 ac
493 1723 675 1754 nocturna
705 1731 812 1756 manu
844 1717 1012 1755 Graecos
1056 1722 1183 1768 poetas
1228 1726 1266 1757 et
1296 1719 1343 1757 ad
1379 1733 1508 1758 eorum

65 1774 273 1825 exemplum
308 1772 447 1822 scripta
477 1785 543 1808 sua
574 1771 740 1822 dirigere
771 1780 966 1811 conentur.
1028 1773 1173 1812 Versus
1203 1781 1342 1822 autem,
1375 1776 1508 1826 quibus

64 1830 102 1868 id
129 1828 334 1882 praecipit,
367 1827 406 1864 hi
436 1834 521 1863 sunt
537 1824 661 1877 siff:

229 1906 317 1945 Non
346 1905 465 1954 quivis
493 1905 595 1942 videt
625 1905 866 1944 z'mmodulata
888 1906 1065 1956 poemata
1097 1905 1239 1944 ladem:

227 1962 282 2000 Et
311 1960 403 1997 ‹lata
432 1960 607 1998 Romanis
632 1961 738 1997 venia
765 1968 823 1998 est
847 1960 1004 2011 indigna
1027 1963 1166 2012 poe'tc‘s.

228 2016 424 2054 Idcireone
451 2027 593 2063 vager,
621 2028 843 2066 peccemque
873 2018 1052 2055 licenter.-
1083 2030 1133 2055 an
1164 2030 1287 2056 omnes

232 2071 391 2109 Velszcros
415 2077 576 2119 peccata
598 2077 726 2120 putem
757 2072 867 2108 mea?
896 2079 998 2110 tutus
1030 2078 1070 2109 et
1093 2073 1196 2110 intra

230 2127 340 2175 Spem
368 2126 499 2162 veniae
529 2130 685 2170 caulas,
716 2127 836 2164 υῖίαυί
860 2127 1019 2177 dem'quc
1049 2127 1215 2177 culpam,

228 2182 316 2219 Non
345 2180 491 2217 laudem
522 2181 654 2218 merui.
718 2182 793 2218 Vos
821 2182 1053 2232 exemplaria
1086 2184 1233 2220 Graeca

230 2237 430 2274 Nocturna
459 2242 607 2273 versate
636 2248 774 2282 manu,
806 2244 954 2274 versate
983 2238 1137 2275 diurna.

68 2315 211 2359 Tutus,
242 2312 383 2363 inquit,
413 2310 452 2348 id
478 2318 557 2357 est,
590 2312 622 2348 si
648 2318 786 2350 tantum
818 2326 875 2351 me
904 2320 1021 2351 tutum
1050 2314 1173 2352 alieno
1204 2311 1373 2363 exemplo
1402 2325 1509 2364 prae-

70 2371 221 2414 stiter03
252 2374 290 2404 et
310 2369 342 2403 si
366 2373 494 2403 cautus
525 2368 631 2404 suero
652 2368 751 2405 intra
779 2382 881 2420 spem
903 2370 1058 2406 veniae:
1093 2381 1213 2419 neque
1235 2367 1332 2406 aliud
1356 2382 1508 2415 cavero,

71 2437 178 2476 quam
217 2435 263 2460 ne
294 2422 376 2458 illos
415 2422 519 2471 quasi
551 2422 736 2460 cancellos
773 2431 809 2461 et
850 2424 984 2462 limites
1020 2424 1248 2469 transiliam,
1294 2424 1390 2461 intra
1420 2437 1510 2475 qnos

71 2477 226 2517 eandem
266 2477 412 2515 veniam
450 2489 603 2527 sperare
633 2491 805 2527 possum,
849 2492 943 2530 quae
985 2480 1054 2516 iam
1087 2479 1171 2516 aliis
1204 2485 1290 2516 ante
1328 2492 1511 2517 concessa

71 2541 153 2573 est:
186 2532 328 2582 culpam
358 2530 517 2583 denique
546 2532 703 2579 vitasse,
735 2548 808 2572 non
839 2533 984 2572 laudem
1015 2535 1197 2573 meruisse
1228 2533 1343 2572 dicar.
1404 2534 1511 2581 Quae

144 2659 189 2695 ae)
209 2660 271 2693 Ap.
292 2658 439 2687 Eustath.
460 2657 501 2685 ad
522 2655 611 2685 Iliad.
636 2653 682 2684 Ψ.
707 2662 778 2692 pag.
801 2656 893 2695 1322,
915 2655 966 2688 41.

145 2707 214 2742 {³³12}
234 2706 440 2735 scribendum
460 2706 586 2734 videtur
605 2707 721 2735 caveat.
760 2707 871 2734 FAEsn

145 2755 239 2790 εκ-εῑε-ὶῑε)
260 2762 290 2783 ν.
313 2755 374 2784 263
394 2761 462 2788 squ.
501 2754 665 2782 Bentleius
687 2753 854 2787 distinguit
873 2760 911 2781 ac
930 2752 1025 2787 legit:
1054 2752 1216 2781 Idcircone
1234 2761 1338 2789 vayer,
1360 2756 1513 2783 scribam·

71 2801 130 2830 que
157 2791 311 2822 licenter?
336 2794 369 2820 ut
394 2792 492 2819 onmis
516 2792 645 2819 Visuros
670 2793 796 2825 peccata
822 2792 924 2824 putem
951 2797 1036 2826 mea5
1065 2792 1148 2818 tulus
1174 2793 1204 2818 et
1222 2793 1305 2819 intra
1326 2794 1416 2825 Spem
1444 2800 1512 2822 ven.

70 2830 202 2861 cautus?
239 2832 263 2859 Ι.
285 2830 318 2859 C.
337 2828 488 2858 Jahnius:
515 2829 578 2856 Ide.
599 2834 666 2863 way.
685 2829 779 2857 scrib.
799 2827 951 2857 licenter?
982 2828 1022 2856 Ut
1042 2833 1145 2857 omnes
1170 2829 1300 2857 Visuros
1317 2838 1401 2864 pecc.
1421 2839 1450 2866 p,
1473 2838 1512 2860 m.

70 2871 93 2899 t.
113 2871 143 2898 et
161 2869 242 2896 itura
261 2869 354 2902 Spem
373 2874 402 2895 v.
422 2867 549 2894 caulas.-
570 2866 664 2893 vitavi
684 2866 746 2895 cet.

125 2924 252 2951 Mutum.
275 2921 348 2950 Orr.
368 2921 447 2951 von.
466 2920 520 2949 111.
541 2916 924 2955 (uuus-mmmmm.)
1198 2901 1253 2945 19

1540 2083 1602 2113 302
