1726 3106
105 1890 169 1921 264

209 120 292 164 252
771 121 898 162 VAR.
929 121 1083 164 LECT.

210 232 258 272 ad
295 231 460 272 Atticum
502 230 747 284 epistola*):
803 234 995 283 Longum,
1038 234 1179 285 inquit,
1225 235 1321 273 illud
1357 240 1521 285 tempere,
1566 248 1647 273 cum

208 302 283 327 non
312 303 403 334 ero,
434 290 555 338 mageis·
583 301 640 325 me
668 294 810 334 movet,
851 302 959 339 qmcm
990 289 1059 326 leoc
1084 291 1277 339 exiguum.
1337 289 1433 327 Nam
1462 288 1557 340 quod
1595 291 1647 328 ita

207 344 355 382 locutus
396 350 479 389 est,
531 356 611 380 cum
647 356 720 381 non
757 356 845 389 ero,
894 344 929 380 in
969 356 1013 381 eo
1054 352 1203 381 secutus
1245 351 1304 382 est
1341 344 1647 383 consuetudinem

207 400 332 448 vulgi:
375 412 447 435 non
475 396 572 449 quod
602 410 689 444 eos,
733 399 793 449 qui
823 411 869 436 ex
895 398 963 436 liae
993 398 1067 436 vita
1098 400 1343 450 migrassent,
1385 414 1456 438 non
1489 400 1644 450 amplius

207 467 292 492 esse
322 454 552 503 opinaretur.
613 453 841 504 Quamquam
873 461 993 491 autem
1025 453 1116 491 haec
1145 457 1328 493 sententia
1358 462 1486 506 suapte
1514 463 1646 506 sponte

206 509 245 546 in
284 515 441 546 mentem
479 509 512 546 ei
548 509 678 546 venire
716 509 826 546 facile
863 510 1047 559 potuerit3
1088 517 1206 547 tamen
1238 511 1345 548 facile
1377 510 1566 556 adducor,
1609 516 1648 548 ut

205 564 392 601 hominem
423 562 713 601 eruditissimum
747 571 782 601 et
814 564 848 600 in
873 564 1103 602 Graecorum
1136 568 1323 614 po'e'tarum
1348 566 1509 604 lectione
1537 578 1647 603 exer-

204 620 458 656 citatissimum
507 620 693 669 cogitasse
743 626 865 669 putem
915 619 959 657 de
1007 620 1087 656 loco
1127 619 1348 670 Sophoclis,
1402 620 1497 672 apud
1537 634 1644 671 quem

202 672 419 724 Antigone,
465 687 545 711 cum
578 675 731 711 fratrem
762 674 982 725 insepultum
1014 676 1139 712 iacere
1169 676 1283 713 nollet
1320 683 1358 714 et
1387 684 1491 714 certo
1519 684 1643 714 tamen

204 731 333 775 sciret,
366 731 398 767 si
429 743 509 768 eum
541 728 719 766 adversus
744 727 920 767 Creontis
949 729 1109 767 edictum
1141 731 1366 781 sepeliisset,
1399 732 1469 768 sibi
1499 744 1644 782 quoque

201 784 432 823 moriendum
475 797 584 829 esse3
632 797 703 820 non
738 791 861 822 tamen
898 792 1096 836 propterea
1125 785 1356 824 absterretur
1391 787 1436 824 ab
1466 787 1560 824 illins
1592 787 1642 837 pii

202 853 293 891 erga
324 841 477 878 fratrem
508 840 671 877 muneris
702 839 917 877 functione:
963 853 1045 878 eum
1077 839 1200 887 dicat,
1238 842 1350 878 multo
1380 842 1526 891 longius
1557 854 1642 880 0550

199 902 370 946 tempus,
408 908 478 945 quo
508 908 548 932 se
590 895 739 945 placere
769 908 812 932 ac
844 895 992 946 probari
1024 903 1194 945 oporteat
1231 897 1386 943 inferis,
1425 895 1517 947 apud
1551 910 1642 947 quos

198 958 380 1001 perpetuo
411 952 532 987 futura
564 951 626 994 sit,
655 963 761 1000 quam
792 951 854 996 iis,
887 952 946 1003 qui
976 952 1014 989 in
1044 952 1111 990 hac
1140 952 1215 990 vita
1246 958 1458 991 versantur.
1512 951 1643 991 Verba

197 1006 317 1058 ipsius
346 1006 440 1044 haec
469 1012 555 1043 sunt
571 1004 644 1054 iiii)
661 1019 670 1042 :

366 1093 466 1145 Φίλη
493 1090 572 1146 μετ’
600 1090 721 1135 αὐτοῦ
746 1092 940 1144 κείσομαι,
970 1093 1086 1144 φίλου
1115 1092 1218 1146 μέτα,

349 1147 472 1188 ’Ὄσια
498 1145 799 1202 πανουργήσασ’.
832 1149 914 1188 ἐπεὶ
940 1150 1080 1189 πλείων
1107 1147 1255 1203 χρόνος,

351 1202 428 1243 uOv
459 1205 517 1244 δεῖ
544 1203 583 1255 μ’
618 1203 789 1257 ἀρέσκειν
817 1209 896 1252 τοῖς
921 1203 1046 1255 κάτω,
1075 1209 1151 1246 τῶν
1180 1200 1334 1246 ἐνθάδε.

357 1257 468 1299 Ἐκεῖ
491 1256 562 1314 γὰρ
593 1261 667 1301 αἰεὶ
696 1261 880 1310 κείσομαι.

685 1416 964 1456 CAPUT
1019 1417 1150 1457 XIII.

194 1491 409 1544 Eclogium.
464 1492 755 1532 Conciliaturae.
811 1495 1037 1533 Divinaculi.
1105 1497 1197 1533 Tres
1226 1495 1303 1532 loci
1326 1494 1515 1532 emendati
1538 1493 1639 1544 apud

677 1552 894 1588 Suetonium
923 1553 960 1589 in
989 1551 1153 1588 Vitellio.

194 1639 472 1699 SCRIPSERAM
502 1660 572 1696 iam
596 1657 738 1710 pridem
754 1656 873 1710 *Ὴὼ
901 1661 1173 1710 elogz'e'nomen
1198 1671 1318 1710 neque
1338 1659 1523 1697 Graecum
1547 1670 1634 1696 esse

193 1728 314 1765 neque
356 1715 553 1752 Latinum:
599 1714 734 1752 deinde
773 1715 988 1752 mirantibus
1027 1714 1244 1766 quibusdam
1281 1716 1411 1752 amicis
1450 1713 1632 1759 dixeram,

192 1771 415 1821 ubicumque
438 1772 597 1819 clogiam
617 1770 821 1819 legeretur,
851 1783 970 1822 neque
996 1773 1185 1821 ellogz‘um,
1216 1783 1336 1821 neque
1361 1771 1545 1819 eulogiam
1561 1768 1632 1820 ᾧ),

192 1825 258 1864 sed
289 1827 474 1875 eclogz'zcm
491 1824 574 1877 ††)
613 1824 686 1862 dici
717 1825 872 1863 debere.
932 1825 974 1863 Id
1005 1825 1075 1863 duo
1106 1838 1153 1863 ex
1183 1826 1274 1876 ipsis
1289 1824 1404 1878 †††)
1435 1837 1456 1861 a
1487 1837 1544 1862 me
1574 1837 1634 1860 ac-

191 1888 337 1932 ceptum
368 1882 403 1918 in
437 1893 493 1918 me
524 1887 726 1918 torserunt.
789 1880 882 1918 Cum
917 1883 1013 1919 enim
1049 1881 1095 1918 de
1130 1881 1242 1931 elogii
1275 1882 1422 1918 nomine
1452 1879 1635 1930 disputas-

191 1944 275 1974 sent
312 1937 481 1986 ultroque
520 1949 585 1973 eos
616 1944 883 1982 accusassent,
925 1938 986 1988 qui
1018 1950 1145 1974 vocem
1189 1936 1338 1987 probam
1372 1942 1409 1973 et
1445 1936 1633 1986 antiquam

189 1992 300 2030 nimis
338 1992 537 2042 imperiose
566 2004 587 2028 e
618 1992 768 2030 civitate
796 1991 996 2029 deturbare
1026 1993 1182 2029 vellent:
1226 1999 1414 2042 postremo
1444 2003 1490 2027 eo
1520 2002 1633 2027 vene-

189 2054 296 2091 runt,
338 2055 376 2083 ut
406 2048 568 2096 elogium
600 2046 747 2097 quidem
778 2061 875 2092 non,
915 2047 980 2085 sed
1010 2049 1193 2097 ecloge‘um
1226 2054 1328 2084 recte
1369 2053 1407 2084 et
1437 2044 1631 2083 emendate

190 2102 263 2140 dici
301 2100 495 2139 docerent.
566 2101 624 2138 Ac
665 2102 751 2139 mihi
788 2102 958 2153 quidem,
1000 2115 1047 2140 ne
1085 2103 1228 2147 vivam,
1271 2102 1301 2138 si
1343 2114 1416 2138 nou
1458 2107 1496 2137 et
1536 2099 1630 2137 haec

188 2165 229 2196 et
258 2157 345 2195 talia
383 2157 505 2194 omnia
536 2156 692 2194 ridiculo
723 2164 822 2194 sunt.
883 2157 959 2194 Sed
999 2156 1184 2194 interdum
1222 2163 1344 2194 tamen
1382 2156 1511 2192 nescio
1543 2153 1629 2204 quid

189 2213 371 2251 stomachi
417 2218 579 2249 movent.
653 2211 762 2250 Nunc
807 2225 1058 2262 expungamus
1102 2211 1333 2261 praeclarum
1374 2210 1473 2248 istud
1517 2211 1635 2260 elogii

187 2282 323 2308 nomen
353 2280 373 2306 e
404 2266 561 2319 quodam
589 2267 760 2306 Suetonii
789 2267 890 2314 loco,
921 2268 958 2305 in
988 2280 1059 2319 quo
1089 2267 1160 2304 iam
1191 2266 1337 2319 pridem
1365 2264 1519 2305 insedit.
1572 2265 1630 2304 lta

260 2402 305 2443 45)
325 2406 378 2435 lib.
399 2407 467 2434 XII.
487 2412 555 2440 cap.
578 2405 627 2434 18.
649 2403 681 2439 S.
703 2404 732 2433 1.

260 2456 330 2490 ate-2¹³)
351 2454 459 2488 Antig.
480 2461 512 2482 v.
533 2453 573 2481 77
591 2460 660 2487 sqq.

261 2503 356 2540 ste-:3³:³3
377 2503 447 2532 vid.
468 2508 566 2536 supra
585 2502 638 2530 lib.
659 2501 711 2528 111.
732 2506 800 2534 cap.
823 2499 874 2528 13.

260 2550 307 2590 'H
328 2552 469 2585 elloqium
489 2550 664 2585 scripserat
682 2550 789 2577 Herm.
806 2547 979 2585 Barbarum
1001 2548 1153 2584 eulogium
1172 2549 1208 2577 P.
1223 2546 1396 2586 Manutius,
1417 2548 1500 2576 teste
1519 2548 1626 2576 Daus-

249 2590 256 2597 '
282 2613 288 2619 .
354 2596 440 2617 AEsr.

183 2591 423 2677 quelg-quHoc
443 2636 546 2671 ipsum
566 2633 807 2669 reprehenditur
826 2640 846 2662 a
862 2633 1021 2676 ⁴Gipha-uio
1048 2633 1079 2676 in
1107 2632 1200 2667 epist.
1227 2632 1270 2675 ad
1290 2633 1370 2676 Mur.
1393 2634 1471 2667 Opn.
1492 2634 1580 2675 Tam:
1600 2635 1624 2675 ξ.

184 2685 257 2713 pag.
278 2677 350 2705 550.
379 2675 420 2703 ad
447 2674 535 2703 cuius
562 2674 663 2702 verba
689 2674 832 2700 Muretus
860 2679 891 2698 m
919 2673 1123 2705 sequentihus
1150 2677 1308 2703 respicere
1336 2671 1471 2699 videtur.
1511 2671 1625 2700 scribit

184 2716 333 2751 ecloyium
353 2714 428 2742 var.
449 2713 537 2741 Lect.
558 2712 626 2740 XV.
648 2712 675 2740 1.
696 2709 728 2738 in
748 2712 812 2738 not.
832 2708 864 2737 in
885 2710 964 2736 Sall.
986 2710 1063 2743 (ηις).
1086 2710 1173 2737 'rom
1194 2709 1246 2736 IV.
1269 2714 1338 2741 pag.
1360 2709 1429 2736 181.
1467 2710 1579 2736 Faesi.

262 2765 362 2804 †††)
383 2766 475 2794 Alter
496 2765 547 2792 est
567 2763 645 2792 Adr.
667 2763 831 2791 Turnebus
851 2762 1028 2801 Adversar.
1048 2763 1158 2802 XVIII.
1179 2762 1209 2789 5.
1235 2762 1303 2790 vll.
1326 2761 1373 2789 15.
1412 2760 1460 2790 Cf.
1480 2760 1623 2804 Lambin.

185 2805 226 2833 ad
247 2806 311 2833 Cic.
340 2811 396 2838 pro
419 2803 542 2832 cluent.
563 2802 652 2836 (cap.
671 2800 742 2834 48.)
765 2806 835 2834 pag.
857 2800 927 2827 235.
947 2800 968 2826 l.
989 2800 1018 2827 3.
1059 2801 1177 2828 contra
1205 2799 1345 2832 disputat
1365 2799 1470 2828 Obert.
1490 2801 1622 2835 Giphau.

186 2844 367 2872 Observatt.
385 2841 478 2876 Ling.
496 2840 568 2869 Lat.
587 2846 615 2869 s.
634 2846 666 2868 v.
706 2837 753 2869 Cf.
773 2836 915 2872 Scaliger
934 2837 975 2866 ad
994 2835 1082 2872 virg.
1103 2838 1173 2867 Cul.
1193 2843 1226 2867 v.
1244 2837 1317 2866 411.
1354 2838 1466 2866 FABSI.
