1778 3096
223 108 306 151 376
791 107 919 149 VAR.
954 107 1110 151 LECT.

709 218 742 257 C
767 216 804 257 A
831 217 864 257 Ρ
894 219 931 258 U
957 219 993 257 T
1047 219 1178 260 xm.

505 296 637 335 Plauti
662 296 840 335 Curculio
862 297 962 336 *locis
991 297 1136 349 aliquot
1163 301 1390 352 eastzgatur.

231 361 364 427 Quoi)
393 382 584 421 oculorum
617 396 707 421 usus
737 391 869 423 natura
908 385 1015 423 nobis
1046 386 1261 425 carissimus
1291 395 1370 433 est,
1413 400 1461 427 ex
1490 400 1536 427 co
1566 386 1671 427 duxit

230 439 385 477 Plautus
414 440 649 477 occasionem
676 439 838 489 fingendi
865 441 949 478 novi
981 441 1167 487 vocabum,
1189 449 1228 479 ut
1258 445 1506 482 ocule’ssz'mum
1538 446 1672 482 ostium

230 493 401 540 diceret,
443 493 540 545 quod
581 495 813 533 carissimum
854 497 1068 546 significare
1107 497 1232 534 vellet.
1294 498 1369 536 Sed
1411 499 1480 537 hoc
1519 499 1554 536 ei
1599 513 1673 537 non

232 549 394 600 placuit,
438 550 499 601 qui
528 549 698 587 Plautum
728 551 1005 589 Commentario
1045 558 1214 590 onustum
1254 551 1458 606 emisit*),
1503 554 1670 605 pluribus

232 604 327 641 locis
356 604 592 642 emendatum
607 603 707 657 ἢ),
748 620 820 643 non
847 607 957 644 facile
989 605 1162 645 dixerim.
1222 607 1284 654 Is,
1328 621 1410 647 cum
1439 616 1541 648 recte
1573 609 1675 661 lege-

233 666 339 697 retur
366 660 404 698 in
435 659 662 698 Curculione
677 659 801 713 θέεΜ),

399 739 497 776 Huic
522 740 737 789 proximum
767 739 865 777 illud
890 741 1023 778 ostiam
1057 746 1114 778 est
1143 740 1411 787 oculissimum,

235 820 367 852 nactus
398 815 514 853 libros
545 829 566 853 a
595 816 729 867 quibus
757 816 908 854 verbum
939 823 996 854 est
1023 816 1176 863 aberat,
1217 824 1255 855 et
1284 825 1449 857 veterum
1480 817 1675 866 librorum,

237 876 278 907 et
318 870 409 908 Sex.
442 871 611 922 Pompeii
630 871 680 924 †)
722 873 943 909 auctoritate
982 879 1215 924 contempta,
1253 872 1394 911 addidit
1433 887 1539 911 unam
1579 875 1680 912 litte-

238 937 318 963 ram
358 925 522 976 fecitque
553 928 845 965 oeuleoe'ssz'mum:
888 926 998 978 idque
1034 935 1071 965 et
1100 929 1282 966 rationem
1314 928 1440 966 Latini
1475 930 1677 976 sermonis,

239 987 278 1017 et
307 980 428 1030 legem
459 983 635 1019 carminis
663 982 851 1034 postulare
882 981 990 1022 dixit.
1047 983 1178 1034 Inepte
1209 990 1417 1035 utrumque.
1465 983 1552 1022 Non
1582 986 1682 1023 enim

240 1048 262 1073 a
294 1037 442 1074 nomine
477 1038 655 1083 oculeus,
698 1037 794 1089 quod
825 1037 946 1076 Plauti
976 1038 1122 1089 quidem
1155 1046 1236 1084 est,
1275 1039 1343 1076 sed
1371 1039 1462 1077 nihii
1497 1039 1568 1077 huc
1596 1053 1682 1091 per-

240 1090 355 1136 tinet,
390 1090 457 1129 sed
484 1105 506 1129 a
536 1093 683 1130 nomine
712 1094 840 1131 oculus
869 1094 1003 1131 factum
1035 1101 1091 1131 est
1121 1095 1375 1132 oculissimus:
1408 1101 1462 1141 ut,
1495 1095 1525 1133 si
1552 1096 1682 1133 oculus

242 1158 353 1183 carus
386 1154 466 1193 est,
499 1147 596 1198 quod
626 1149 859 1186 carissimum
890 1156 968 1194 est,
1001 1150 1251 1187 oculissimum
1282 1157 1450 1188 vocetur.
1509 1149 1570 1188 De
1599 1151 1684 1201 iege

154 1208 218 1239 394
244 1207 367 1238 autem
398 1203 572 1240 carminis
613 1217 684 1241 non
718 1209 775 1241 est
805 1204 892 1241 mihi
925 1203 1030 1242 vaide
1067 1204 1330 1250 laborandum,
1372 1212 1412 1242 ut
1441 1218 1521 1243 eum
1554 1206 1590 1243 in
1622 1207 1685 1244 ilia

243 1269 374 1306 parum
410 1260 654 1296 exercitatum
694 1259 811 1297 fuisse
851 1258 1116 1298 demonstrem.
1176 1259 1254 1298 Sed
1289 1267 1327 1299 et
1355 1261 1561 1312 proximum
1597 1274 1684 1300 ver-

243 1311 329 1349 bum
344 1310 426 1364 ††)
461 1313 513 1350 ita
543 1314 730 1364 corrupit:

410 1379 545 1425 Salve,
574 1381 768 1418 value‘ste‘n’
798 1381 931 1419 ostium
958 1382 1245 1427 oeulez'ssz'mum,

244 1466 327 1493 cum
356 1454 555 1505 legendum
585 1456 635 1492 sit
667 1469 715 1493 cx
741 1463 870 1494 vetere
901 1457 1021 1503 libro,
1053 1459 1113 1508 qui
1142 1470 1258 1508 penes
1290 1470 1348 1495 me
1379 1463 1451 1504 est,

407 1522 543 1566 Salve,
574 1519 765 1559 valaz'stz'a’
795 1535 911 1573 usque
940 1525 1073 1561 ostium
1103 1524 1366 1561 oeulc'ssz'mum.

244 1594 296 1635 Et
325 1604 428 1635 certe
465 1605 547 1636 erat
576 1597 668 1636 haec
698 1597 928 1636 consuetudo
958 1598 1215 1650 interrogandi
1245 1613 1336 1647 eos,
1375 1612 1466 1651 quos
1494 1612 1542 1638 ex
1573 1600 1689 1638 inter-

243 1652 342 1689 vallo
370 1652 570 1698 videbant,
605 1667 677 1691 non
709 1661 748 1690 ut
779 1654 830 1691 ita
862 1655 1080 1705 simpliciter
1110 1655 1303 1702 dicerent,
1339 1656 1584 1694 Valuz‘stz'ne?
1623 1654 1691 1694 sed

244 1707 317 1744 hoc
347 1707 479 1754 modo,
516 1707 719 1748 Valm‘stebz’
751 1710 895 1760 usque?
931 1717 1015 1756 aut,
1057 1713 1291 1762 Perpetuone
1320 1711 1502 1750 valuisti?
1557 1710 1623 1750 Sic
1650 1712 1689 1749 in

246 1761 405 1814 Epidico
421 1763 562 1817 †††):

528 1830 626 1880 Quid
655 1830 768 1880 ogeis?
792 1833 1020 1882 perpetuon'
1049 1831 1228 1870 valuisti?

247 1900 286 1931 et
314 1893 351 1932 in
381 1893 636 1934 Bacchidibus
651 1895 697 1946 ᾖ)
727 1910 844 1935 senex
873 1898 923 1934 ita
954 1896 999 1935 de
1029 1898 1103 1936 filio
1131 1899 1362 1948 interrogat:

523 1965 676 2001 Benene
707 1976 823 2014 usque
852 1965 1002 2003 valuit?

249 2030 289 2063 et
320 2025 358 2064 in
385 2024 626 2066 Mostellaria
639 2027 742 2082 *Ὃς

524 2095 626 2132 Here
655 2096 782 2133 salve.-
812 2097 955 2135 salvum
985 2104 1021 2136 te
1050 2097 1228 2137 advenire
1249 2094 1414 2146 gaudeo.

531 2150 699 2200 Usquene
726 2151 909 2190 valuisti?

325 2255 370 2290 *J
393 2257 548 2292 Tangitur
566 2258 749 2288 Lambinus.

325 2304 394 2339 aare)
415 2307 493 2335 Post
513 2308 593 2334 haec
612 2308 711 2335 verba
731 2307 847 2336 Faesio
868 2307 1024 2343 quaedam
1045 2307 1207 2338 excidisse
1225 2306 1384 2344 videntur,
1409 2304 1498 2334 velut
1516 2309 1557 2333 an
1575 2303 1694 2339 depra-

250 2343 362 2370 vatum.
404 2344 482 2371 Mihi
503 2344 608 2373 omnia
628 2345 801 2375 sanissima
820 2346 977 2375 videntur.

325 2390 419 2424 *³1³252)
446 2393 469 2420 1.
492 2393 524 2427 ί,
549 2393 597 2420 15.
638 2394 860 2428 camerarius,
883 2393 1078 2430 Gronovius,
1101 2393 1327 2421 'raubmannus
1348 2398 1366 2420 e
1388 2389 1484 2419 codd.
1514 2389 1693 2418 06611ιείςεί-

249 2434 340 2456 mum.
389 2427 435 2457 Cf.
465 2431 546 2458 Mur.
574 2431 748 2460 Comment.
778 2432 809 2460 in
838 2433 952 2461 Catuli.
981 2432 1058 2466 Opp.
1086 2432 1172 2459 Toni.
1194 2432 1231 2458 ΙΙ.
1259 2436 1329 2465 pag.
1351 2428 1421 2457 719.
1448 2428 1517 2457 763.
1556 2427 1692 2455 Tui-neb.

249 2466 475 2538 Admau-simiai).
496 2468 534 2496 11.
560 2474 630 2503 cap.
652 2469 701 2498 17.
737 2470 777 2499 Η.
797 2471 948 2505 Stephan.
976 2470 1016 2498 de
1042 2470 1146 2498 Plaut.
1175 2467 1304 2497 Latinit.
1325 2473 1396 2503 pag.
1415 2465 1489 2494 380.
1509 2465 1602 2501 (pag.
1621 2464 1693 2494 260.

249 2510 267 2531 e
292 2524 298 2531 .
353 2511 369 2531 ο
429 2527 433 2531 .
461 2525 468 2532 .

324 2550 370 2588 †]
391 2551 497 2590 Festi,
520 2552 552 2581 in
572 2560 604 2582 v.
626 2554 848 2583 oculissimum.

323 2597 397 2637 ††]
418 2601 554 2629 Faesius
575 2602 714 2631 correxit
734 2610 874 2640 versum,
904 2602 961 2631 sed
982 2600 1137 2637 significat
1156 2602 1301 2631 Muretus
1326 2601 1460 2631 verbum
1487 2599 1694 2628 oculis-simum

247 2639 394 2672 proximo
415 2645 514 2667 versu
534 2639 713 2673 repetitum.

274 2724 280 2730 ι
305 2684 424 2751 ἐξῆ-ᾧ)
444 2689 468 2715 1.
489 2688 520 2725 1,
542 2688 590 2717 15.
611 2687 650 2716 cf.
669 2691 694 2718 1.
715 2689 745 2726 2,
768 2688 819 2718 26.
857 2688 1093 2726 Taubmannus,
1115 2695 1209 2724 quem
1228 2689 1357 2716 secutus
1377 2689 1429 2717 est
1447 2685 1592 2723 Bothius,
1616 2684 1696 2720 Quid

249 2731 296 2753 ωε

322 2772 364 2807 ἕ]
386 2774 424 2802 11.
444 2774 482 2812 8,
506 2774 556 2803 14.
594 2775 629 2803 ln
649 2773 760 2803 verbis
779 2772 937 2803 Plautinis
958 2773 1070 2802 W'olfii
1096 2772 1193 2802 editio
1214 2780 1270 2808 pro
1290 2774 1413 2802 Benene
1433 2774 1565 2804 exhibet
1583 2774 1676 2802 Bene.

325 2823 395 2858 δῦ]
417 2825 456 2853 11.
477 2822 497 2851 2
509 2843 517 2859 ‚
541 2822 591 2852 18.
630 2821 794 2853 Editiones
813 2824 898 2852 recte
917 2822 1078 2851 advenisse
1096 2829 1152 2858 pro
1171 2822 1327 2851 advenire.
