1726 3106
527 141 631 183 LIB.
664 141 735 182 XI.
796 141 914 181 CAP.
947 143 1079 184 XVII.
1448 147 1530 190 2237

88 250 130 291 δὲ
159 248 183 292 ό
205 248 298 300 δοὺς
324 247 367 292 τὸ
396 249 582 291 διαλυθὲν
600 249 861 304 ἀναισθητεῖν,
889 250 955 292 καὶ
981 249 1024 292 τὸ
1052 249 1124 304 τὴν
1153 249 1328 294 διάλυσιν
1349 254 1530 308 γενέσθαι

87 304 341 357 ἀναισθήτως.
403 306 537 357 Neque
577 310 697 346 minus
734 309 831 346 iuste
867 320 911 345 ac
948 309 1115 357 graviter
1154 309 1443 359 reprehenditur
1480 313 1527 350 ab

88 363 216 400 codem
237 361 438 399 Plutarcho
452 359 519 413 ᾖ),
553 363 649 413 quod
679 359 720 402 ὲό
751 360 893 415 ἀλγοῦν
921 364 1108 413 posuisset
1136 360 1221 403 ἀντὶ
1244 367 1313 403 τοῦ
1337 361 1525 418 ἀλγεινοῦ.

86 417 204 455 Cuius
235 418 331 454 enim
368 418 527 466 stuporis
560 425 638 464 est,
682 417 911 455 confundere
939 417 997 462 id,
1045 418 1139 469 quod
1180 418 1344 458 dolorem
1381 422 1525 472 excipit

85 485 130 510 ac
159 473 315 522 patitur,
347 484 427 508 cun]
457 484 526 518 e0,
566 473 661 524 quod
689 473 851 511 dolorem
885 472 1003 510 facit?
1056 474 1111 511 At
1140 474 1230 512 istas
1254 487 1363 513 curas
1392 489 1524 515 vocum

85 527 356 577 verborumque
398 526 623 575 elegantias,
674 529 726 566 ait
760 527 926 573 Gellius,
977 540 1050 565 non
1095 528 1202 566 modo
1243 543 1315 567 non
1356 538 1525 570 sectatur

85 581 292 632 Epicurus,
320 580 383 618 sed
415 583 524 619 etiam
558 584 776 621 insectatur.
825 583 967 620 Nostra
995 595 1085 620 sane
1110 584 1199 621 nihil
1228 585 1403 632 interest,
1435 585 1523 637 quid

84 637 146 674 ille
174 644 236 674 aut
270 643 437 674 sectetur
472 645 536 675 aut
564 639 783 677 insectetur.
843 636 920 676 Sed
958 639 1019 688 qui
1057 645 1130 676 tam
1161 651 1273 690 saepe
1309 649 1520 688 monuerat,

85 691 285 741 diligenter
313 691 509 730 videndum
541 707 640 739 esse,
672 706 766 745 quae
797 693 852 730 vis
885 705 1051 743 quaeque
1079 694 1179 731 notio
1209 695 1408 746 unicuique
1437 698 1521 735 voci

84 747 249 784 subiecta
278 754 401 793 esset,
444 755 515 785 tam
547 749 740 800 negligens
774 761 860 787 esse
889 749 926 785 in
963 747 1144 798 loquendo
1181 763 1254 787 non
1290 749 1442 797 debuit,
1484 759 1522 789 ut

83 801 183 839 aliud
211 802 389 848 sentiret,
427 803 524 841 aliud
553 803 709 842 diceret.
769 803 903 854 Neque
931 804 961 840 si
990 803 1157 854 Epicuro
1191 817 1277 843 esse
1313 806 1522 857 negligenti

83 857 207 904 licuit,
240 870 373 895 caussa
402 858 474 896 ulla
504 867 583 907 est,
615 873 682 898 cur
707 859 791 898 aliis
815 858 1055 910 diligentibus
1082 872 1168 898 esse
1198 873 1271 898 non
1302 860 1429 900 liceat.

547 1005 579 1044 C
610 1005 646 1045 A
675 1006 708 1044 P
737 1007 774 1045 U
801 1007 837 1046 T
890 1006 1046 1046 XVII.

161 1083 214 1119 De
242 1081 388 1121 duabus
417 1085 581 1134 antiquis
607 1085 781 1131 vocibus,
812 1084 1028 1123 'l'amenetsi
1057 1091 1096 1123 et
1123 1083 1439 1136 Insuperhabere.

80 1173 237 1230 Vocas
269 1191 440 1244 quasdam
470 1191 647 1238 Latinas,
680 1206 774 1244 quae
804 1194 876 1231 iam
907 1195 958 1231 ita
988 1193 1251 1240 exoleverant‚
1285 1201 1324 1231 ut
1350 1207 1467 1246 prope
1497 1208 1520 1233 a

81 1249 228 1286 nemine
267 1254 582 1298 agnoscerentur,
632 1250 788 1285 retraxit
827 1261 874 1285 ex
912 1250 999 1298 fuga
1040 1261 1201 1285 summus
1250 1255 1288 1286 et
1324 1262 1405 1286 cum
1447 1250 1520 1287 illis

79 1303 267 1341 veteribus
296 1301 563 1353 comparandus
593 1302 623 1339 Ι.
655 1302 700 1340 C.
735 1303 892 1340 lacobus
920 1303 1096 1340 Cuiacius
1114 1300 1212 1355 ἢἢ).
1243 1316 1333 1354 quas
1362 1304 1521 1355 diligen-

81 1365 140 1395 ter
169 1357 383 1395 retinendas
407 1369 545 1395 censeo
570 1364 607 1394 et
633 1370 738 1408 quam
762 1358 927 1408 plurimis
952 1358 1173 1395 testimoniis
1204 1359 1518 1406 corroborandas,

79 1426 127 1451 ne
157 1413 279 1464 lingua
302 1414 391 1450 satis
415 1425 483 1463 per
511 1424 551 1449 se
573 1413 678 1462 inops
705 1420 830 1450 nostra
854 1413 1083 1463 negligentia
1110 1420 1220 1463 atque
1244 1414 1382 1452 incuria
1403 1416 1520 1465 magis

80 1468 191 1507 etiam
213 1474 438 1518 pauperetur
451 1464 567 1517 *⁴4⁴4).
609 1467 669 1504 Ex
694 1468 765 1505 illis
785 1468 938 1506 vocibus
963 1475 1022 1506 est
1043 1470 1326 1519 tamenetsipro
1347 1472 1516 1508 tametsi:

79 1522 127 1561 de
155 1536 245 1573 qua,
279 1524 449 1574 quoniam
480 1522 673 1559 nonnullos
705 1522 824 1560 adhuc
855 1522 1024 1560 dubitare
1054 1522 1185 1568 video,
1226 1536 1427 1575 proponam
1458 1525 1519 1562 hie

80 1578 182 1616 locos
208 1578 348 1628 aliquot
367 1584 517 1628 praeter
537 1589 617 1621 eos,
647 1590 738 1627 quos
758 1577 878 1615 attulit
900 1577 1099 1615 Cuiacius:
1132 1590 1179 1615 ex
1199 1579 1330 1628 quihus
1354 1587 1518 1626 constet,

79 1634 312 1684 frequentem
343 1631 439 1683 apud
476 1639 625 1669 veteres
655 1633 753 1670 illius
785 1645 890 1670 usum
925 1633 1056 1671 fuisse.
1115 1632 1270 1671 Plautus
1299 1633 1424 1673 Milite
1439 1634 1515 1688 ’ωε

79 1690 178 1726 Deos
206 1688 366 1738 sperabo
397 1694 504 1737 teque
528 1693 742 1737 postremo.-
772 1689 971 1725 tamenetsi
994 1689 1091 1725 istac
1124 1689 1219 1725 mila·
1240 1690 1413 1728 acerbum
1443 1697 1515 1736 est,

80 1744 168 1794 qaia
197 1744 287 1780 hero
318 1749 353 1780 te
381 1743 582 1779 carendum
613 1748 673 1779 est
699 1744 849 1792 optimo.
900 1741 1038 1780 Cicero
1067 1743 1104 1780 in
1129 1742 1286 1781 Verrem
1302 1743 1408 1796 ††):
1437 1747 1517 1783 Hoc

79 1799 118 1836 si
143 1805 228 1836 taus
256 1799 429 1835 inimicas
460 1797 533 1835 tibi
545 1795 729 1846 fecisset,
779 1799 982 1835 tamenetsi
1007 1800 1128 1836 animo
1167 1811 1287 1848 aequo
1318 1801 1518 1850 provincia

81 1854 249 1898 tulisset,
287 1853 433 1890 inimici
466 1852 643 1889 indiciam
670 1865 790 1902 grave
825 1854 1031 1890 videretur.
1089 1851 1190 1890 Idem
1221 1853 1314 1891 libro
1343 1854 1438 1892 Xll.
1469 1853 1518 1893 ad

79 1907 246 1946 Atticum
264 1906 401 1959 -1-††).
434 1913 474 1944 et
499 1909 699 1944 tamenetsi
722 1909 897 1946 continuo
926 1909 1177 1957 congressuri
1199 1921 1340 1954 samus,
1373 1909 1518 1948 scribes

80 1963 134 2000 ad
150 1975 223 2008 me,
253 1964 290 2000 si
308 1963 398 2012 qnid
417 1961 584 1999 habebis.
635 1961 778 1999 Caesar
799 1962 895 1999 libro
915 1964 1071 2013 septimo
1097 1962 1142 2000 de
1163 1962 1260 2000 bello
1282 1963 1425 2002 Gallico
1443 1962 1515 2016 ’ἢκ

85 2020 188 2067 Quae
218 2019 417 2055 tamenetsi
438 2018 580 2054 Caesar
604 2017 851 2067 zntelltgebat,
877 2025 997 2055 tamen
1023 2031 1131 2069 quam
1159 2019 1349 2056 mitissime
1371 2026 1516 2070 potest,

81 2074 229 2122 legatos
258 2074 433 2122 appellat.
494 2070 596 2108 Ideni
629 2071 759 2109 eodem
791 2072 886 2110 libro
903 2071 1000 2124 *²⁵52
1048 2076 1108 2112 At
1135 2076 1334 2111 tamenetsi
1369 2075 1518 2113 deoetris

81 2128 245 2166 humeris
273 2128 416 2164 exertis
442 2127 854 2165 animadvertebantar.
913 2127 1060 2165 Ennius
1074 2125 1199 2179 ***):
1243 2131 1302 2167 At
1330 2131 1518 2168 Romanus

81 2183 209 2227 homo,
248 2182 446 2220 tamenetsi
476 2194 539 2219 res
568 2182 659 2219 bene
685 2189 797 2232 gesta
825 2190 900 2227 est,
950 2184 1071 2221 Corde
1099 2196 1166 2220 suo
1202 2185 1379 2234 trepidat.
1438 2184 1518 2222 Lu-

82 2249 195 2275 canus
225 2237 263 2274 in
291 2237 454 2275 carmine
481 2235 527 2274 ad
557 2236 732 2275 Pisonem
748 2236 823 2291 †).
856 2240 1055 2277 tamenetsi
1078 2238 1176 2277 bella
1207 2240 1398 2291 quierunt,
1430 2241 1516 2279 Non

155 2368 199 2404 α)
219 2369 290 2399 Vid.
311 2369 390 2398 Gell.
410 2370 498 2398 Noct.
519 2370 585 2399 Att.
607 2372 643 2399 11.
663 2370 694 2400 9.

154 2417 223 2453 ἄεξε)
245 2418 425 2446 observati.
444 2419 469 2447 Ι.
491 2417 539 2446 14.
562 2420 614 2448 111.
636 2419 686 2449 ²2.

155 2466 249 2501 {tx-*J
270 2467 407 2496 Verbum
426 2465 616 2496 Plautinum.

155 2513 201 2552 †]
222 2515 274 2543 IV.
294 2516 326 2549 5,
349 2513 388 2543 10
407 2521 454 2549 sq.

156 2560 229 2599 ††]
252 2562 307 2591 lib.
327 2564 364 2591 11.
386 2569 453 2597 cap.
473 2562 523 2591 56.
545 2561 578 2597 ὃ.
600 2562 668 2592 139.
708 2564 844 2595 orellius
864 2564 950 2595 dedit
968 2565 1096 2594 tametsi.

156 2609 256 2648 †††)
277 2618 328 2645 ep.
347 2612 375 2640 1.
395 2610 427 2646 S.
450 2611 478 2639 1.
500 2610 551 2639 ubi
570 2611 736 2642 Ernesttus
756 2616 788 2643 et
808 2613 945 2643 ofellius
965 2613 1160 2649 distinguunt
1177 2613 1208 2643 et
1224 2613 1340 2650 tamen,
1361 2612 1420 2641 etsi
1438 2614 1499 2642 cet.

156 2657 198 2692 ³2²)
218 2665 288 2692 cap.
307 2658 358 2687 43.

156 2705 224 2739 *³30
244 2712 312 2740 cap.
331 2705 382 2735 50.
422 2707 661 2743 Oudendorpius
682 2708 766 2737 dedit
786 2710 918 2746 tametsi,
939 2717 1031 2745 quem
1051 2708 1088 2737 ef.
1109 2709 1151 2737 ad
1170 2708 1223 2738 lib.
1244 2708 1282 2737 V.
1302 2713 1371 2741 cap.
1390 2707 1440 2736 34.

157 2754 250 2787 *³:2³3
273 2755 333 2787 Ap,
355 2754 418 2783 Cic.
441 2756 480 2783 de
501 2757 550 2784 Or.
572 2756 625 2784 lib.
648 2758 700 2785 111.
721 2764 789 2791 cap.
809 2757 860 2785 42.
881 2758 911 2791 5.
936 2757 1004 2786 168.
1045 2757 1114 2785 vid.
1136 2756 1228 2786 Ennii
1255 2755 1371 2784 Annal.
1391 2757 1517 2790 Fragm.

80 2790 131 2821 ed.
146 2793 181 2820 Ε.
200 2792 477 2828 swangenberg).
497 2800 568 2828 pag.
584 2795 636 2822 63.
666 2793 714 2823 Cf.
733 2796 814 2823 Mur.
831 2794 951 2824 comm.
971 2793 1003 2823 in
1018 2795 1093 2825 Tae.
1110 2794 1187 2830 opp.
1207 2795 1296 2823 Tom.
1310 2793 1364 2822 IV.
1380 2799 1450 2828 pag.
1466 2794 1517 2823 40.

155 2839 200 2877 †)
220 2840 261 2868 ad
282 2840 373 2875 Calo.
392 2840 496 2869 Pison.
517 2849 546 2869 v.
567 2842 608 2870 26
627 2848 674 2876 sq.

139 2895 265 2922 Diuum.
288 2893 362 2922 Orr.
384 2894 461 2922 von.
483 2895 535 2922 111.
557 2893 704 2929 (Ruunt.
717 2895 774 2923 En.
790 2895 874 2924 Tou.
887 2894 947 2931 Π.)
1196 2877 1249 2919 17

1543 1751 1607 1782 269
