1778 3096
150 407 214 437 455

237 160 322 204 432
803 157 932 197 VAR.
965 156 1122 198 LECT.

241 280 279 311 et
306 271 367 311 ubi
399 270 510 321 vulgo
525 267 596 323 Ἀἵ),
628 270 779 308 Summo
802 268 896 306 haec
916 269 1094 313 elamore,
1119 269 1305 307 interdum
1326 270 1420 308 mila·
1444 283 1484 308 se
1505 271 1682 322 colloqui,

242 327 520 381 reponendum,
551 338 572 362 e
601 324 850 370 sanctuariiS‚
881 324 933 360 ait
958 322 1157 360 Turnebus
1172 320 1269 375 ἢ),
1301 325 1632 365 bibliothecarum:

406 405 557 442 Summo
585 402 680 439 llaec
709 401 897 447 elamore,
929 413 1101 439 mussans
1129 401 1315 439 interdum
1342 403 1457 454 loqui,

240 489 278 521 et
308 480 415 532 paulo
445 485 550 529 post,
585 480 719 516 Omnes
748 484 921 516 tenerent
946 479 1171 516 mutuitanti
1195 479 1353 518 eredere
1366 477 1485 534 ***).
1544 476 1622 518 Sed
1649 485 1688 518 et

240 536 327 576 illud
358 536 395 573 in
427 533 619 572 veteribus
651 532 721 571 boc
752 532 876 578 modo,

408 614 542 650 Omnes
571 610 719 648 labores
748 611 950 649 invenisset
971 609 1188 662 perferens,

239 699 281 730 ut
309 690 519 729 rectissime
550 687 725 738 Scaliger
754 688 804 725 ita
836 686 1033 738 legendum
1064 686 1287 725 coniecerit.
1335 685 1445 725 Nunc
1473 686 1569 740 quod
1601 686 1689 726 sub-

241 748 362 786 iiciam
395 746 466 782 tale
504 751 584 789 est,
627 750 665 780 nt
695 757 766 780 non
799 742 928 780 videar
963 743 1109 793 iniquus
1150 743 1255 789 sore,
1299 742 1329 780 si
1361 742 1505 789 dicam,
1547 741 1688 795 aliquid

242 803 332 841 mihi
362 814 429 853 pro
462 813 506 837 eo
537 813 555 835 a
588 797 709 836 Plauti
747 799 973 835 amatoribus
1013 798 1176 835 debitum
1214 799 1276 837 iri.
1336 797 1435 836 Nam
1468 806 1506 836 et
1536 811 1686 837 versum

241 871 352 896 unum
394 857 430 894 in
470 856 654 904 integrum
696 855 911 900 restituam,
952 860 990 890 et
1027 854 1210 899 alterum,
1250 854 1311 903 qui
1346 854 1420 891 iam
1457 853 1599 905 pridem
1640 853 1687 891 ab

241 913 412 950 omnibus
451 910 561 947 editis
601 909 705 946 libris
746 909 892 955 exulat,
935 908 1068 947 Plauto
1097 909 1168 960 ipsi
1206 907 1360 947 reddam
1396 921 1441 948 ac
1475 909 1684 948 restituam.

240 969 283 1007 ln
313 968 418 1006 libris
446 965 626 1003 Ioacbimi
654 965 704 1001 ita
734 965 913 1015 legimus:

410 1043 623 1082 Conviecum
654 1048 711 1079 tot
739 1054 795 1078 me
825 1054 944 1079 annos
970 1041 1044 1077 iam
1074 1041 1113 1077 si
1131 1047 1325 1091 pasceret.

409 1099 517 1150 Quod
547 1099 625 1136 nisi
643 1099 833 1148 puderet,
865 1110 912 1135 ne
938 1096 1087 1136 luberet
1110 1098 1248 1134 vivere.

241 1177 445 1217 Lambinus
473 1173 663 1221 emendat,

407 1254 619 1292 Convz'cz'um
647 1258 702 1290 tot
727 1265 784 1289 me
810 1264 930 1290 annos
956 1253 1030 1291 iam
1056 1254 1112 1291 sle
1132 1265 1317 1304 pascere.-

242 1349 280 1382 et
307 1343 358 1380 ita
388 1341 563 1391 exponit:
595 1342 647 1379 Se
678 1346 732 1377 tot
760 1340 834 1377 iam
864 1350 982 1376 annos
1008 1341 1064 1377 sio
1086 1353 1249 1391 pascere
1277 1353 1357 1386 me,
1384 1352 1457 1391 per·
1483 1339 1686 1390 oppositio·

240 1412 347 1443 nem,
393 1397 599 1434 convicium
630 1408 759 1440 suum,
801 1395 871 1431 lzoc
901 1401 977 1439 est,
1022 1397 1292 1445 turpitudinem
1325 1408 1431 1432 suam
1461 1402 1500 1432 et
1526 1395 1686 1432 dedecus

239 1466 362 1492 secum.
422 1449 571 1488 Deinde
609 1456 724 1486 mutat
762 1456 800 1485 et
831 1449 1010 1498 confingit
1041 1451 1148 1487 nobis
1183 1464 1313 1487 novam
1348 1462 1479 1487 vocem
1511 1450 1687 1487 commul-

240 1511 361 1547 cz‘um:
394 1519 501 1557 quam
532 1505 584 1541 ait
614 1516 700 1541 esse
730 1517 801 1540 non
832 1505 1001 1540 omnibus
1033 1504 1193 1541 auditam
1224 1512 1287 1542 aut
1313 1505 1514 1554 cognitam.
1575 1503 1687 1550 Quod

240 1577 311 1613 ego
338 1575 409 1599 non
441 1568 577 1598 tantum
610 1560 745 1604 fatcor,
773 1557 838 1595 sed
868 1557 955 1595 illud
981 1559 1090 1596 etiam
1121 1559 1231 1605 addo,
1256 1572 1336 1597 eam
1364 1572 1410 1597 ne
1439 1560 1510 1610 ipsi
1538 1558 1686 1610 quidem

239 1618 399 1657 auditam
430 1623 492 1654 aut
521 1615 705 1665 cognitam
737 1614 869 1659 fuisse,
902 1620 1096 1664 antequam
1128 1628 1208 1652 eam
1236 1614 1405 1653 cuderet.
1449 1615 1516 1652 Ait
1545 1621 1684 1661 autem,

241 1687 287 1712 ea
326 1671 531 1723 significari
579 1670 752 1708 vibicem.
831 1669 873 1706 ln
913 1682 984 1719 quo
1030 1683 1195 1720 pugnare
1239 1671 1366 1708 nolim.
1440 1669 1548 1707 Nihil
1587 1670 1686 1707 euim

239 1730 417 1781 aequius,
450 1740 556 1777 quam
586 1733 625 1762 ut
654 1732 776 1775 patres
807 1737 900 1774 quae
932 1725 1060 1761 volunt
1089 1726 1175 1762 filiis
1206 1727 1352 1763 nomina
1382 1725 1600 1776 imponunt,
1632 1726 1685 1763 ita

239 1798 339 1830 eum,
365 1784 425 1835 qui
455 1795 582 1820 vocem
605 1781 761 1831 aliquam
794 1780 928 1829 gignit,
954 1780 1074 1829 ipsum
1109 1780 1259 1818 edicere
1288 1779 1373 1832 quid
1404 1793 1449 1818 ea
1478 1780 1685 1830 significari

239 1841 343 1879 velit.
407 1837 483 1876 Sed
522 1850 602 1874 cum
634 1837 846 1874 commulat?
881 1848 1014 1872 nomen
1045 1834 1175 1873 eadem
1213 1837 1332 1874 forma
1372 1848 1589 1887 percussum
1621 1836 1685 1881 sit,

241 1909 312 1947 qua
352 1894 504 1932 verbum
540 1889 910 1943 earcoluh1·amli†)‚
955 1897 1148 1943 utrumque
1188 1892 1331 1929 auctori
1371 1904 1439 1929 suo
1471 1890 1687 1941 diligentius

241 1947 556 1989 excolubrandum
599 1947 875 1997 relinquamus,
917 1958 1071 1984 censeo,
1130 1947 1281 1987 Interea
1319 1946 1452 1985 melius
1490 1945 1687 1985 credemus

240 2006 431 2045 veteribus
462 2002 712 2048 membranis,
745 2014 839 2053 quae
867 2001 922 2039 sic
952 2001 1110 2040 habent:

409 2081 621 2120 Convicium
651 2086 707 2117 tot
733 2092 773 2117 se
801 2091 920 2117 annos
949 2081 1024 2117 iam
1053 2080 1147 2117 milze’
1164 2079 1376 2130 phase-ere.-

242 2160 314 2199 nisi
351 2156 449 2210 quod
489 2157 720 2207 corrigemus
768 2154 964 2193 ridiculum
1006 2169 1171 2194 errorem
1214 2155 1380 2201 librarii,
1430 2155 1492 2205 qui
1534 2155 1687 2206 scripsit

152 2225 216 2255 456
235 2218 443 2268 phascere,
484 2225 563 2249 cum
595 2209 831 2248 scribendum
863 2217 965 2248 esset
981 2210 1121 2260 facere
1135 2210 1238 2263 †-1·)·
1277 2217 1316 2249 at
1343 2210 1407 2248 alii
1437 2209 1548 2248 delita
1587 2211 1687 2261 aspi-

240 2271 400 2310 rationis
431 2275 517 2306 nota
547 2268 718 2306 fecerunt
743 2278 920 2316 pascere.
981 2267 1114 2304 Statim
1144 2273 1268 2304 autem
1299 2272 1385 2318 post
1414 2265 1513 2305 illum
1537 2278 1686 2305 versum

239 2327 301 2365 hic
331 2325 517 2377 sequitur,

407 2403 570 2451 Sm‘sque
598 2398 779 2448 ingratiis
806 2410 863 2435 me
890 2398 1004 2436 vitam
1034 2411 1152 2448 agere
1174 2411 1402 2449 perperam.-

412 2458 520 2508 Quod
545 2456 625 2494 πίει·
644 2455 836 2505 puderet,
867 2466 916 2492 ne
942 2454 1088 2493 luberet
1115 2455 1254 2492 vivere.

318 2603 362 2640 re)
382 2611 412 2632 v.
432 2602 483 2631 49.
502 2603 556 2631 52.
575 2602 626 2631 57.
646 2601 698 2631 59.

316 2662 384 2698 *³20
406 2662 584 2691 Adversar.
604 2662 658 2691 lib.
679 2663 732 2691 XI.
752 2668 821 2697 cap.
842 2662 892 2692 23.

239 2761 283 2791 nb
312 2722 422 2791 {ient-ja
438 2729 580 2788 ηιιὲἒςαηε
607 2723 640 2751 et
667 2722 840 2750 rrzutuitantz'
866 2721 930 2750 iam
951 2721 1130 2760 Gryphiu33
1158 2723 1218 2752 hoc
1243 2721 1339 2757 etiam
1359 2721 1526 2753 Turnebus
1544 2722 1683 2752 Advers,

287 2784 293 2791 .
358 2783 365 2790 .
385 2768 402 2788 c
425 2768 456 2795 p.
517 2781 525 2789 .

315 2820 361 2859 ἡ)
382 2820 454 2850 vid.
474 2826 574 2855 supra
592 2818 647 2848 lib.
668 2819 750 2847 XIV.
770 2825 839 2854 cap.
861 2818 910 2848 19.

316 2879 388 2918 ††]
412 2883 493 2910 Num
513 2882 573 2908 hoe
593 2878 726 2913 primam
745 2880 850 2914 potest
869 2879 1063 2915 producere?
1103 2880 1215 2908 FAzsi.
