<?xml version="1.0" encoding="UTF-8"?>
<!DOCTYPE html PUBLIC "-//W3C//DTD XHTML 1.0 Transitional//EN"
    "http://www.w3.org/TR/xhtml1/DTD/xhtml1-transitional.dtd">
<html xmlns="http://www.w3.org/1999/xhtml" xml:lang="en" lang="en">
 <head>
  <title>
</title>
<meta http-equiv="Content-Type" content="text/html;charset=utf-8" />
  <meta name='ocr-system' content='tesseract 3.04.00' />
  <meta name='ocr-capabilities' content='ocr_page ocr_carea ocr_par ocr_line ocrx_word'/>
</head>
<body>
  <div class='ocr_page' id='page_1' title='image "./operaomniaexmssa03mureuoft/operaomniaexmssa03mureuoft_0407.png"; bbox 0 0 1778 3096; ppageno 0'>
   <div class='ocr_carea' id='block_1_1' title="bbox 486 124 1505 180">
    <p class='ocr_par' dir='ltr' id='par_1_1' title="bbox 486 124 1505 180">
     <span class='ocr_line' id='line_1_1' title="bbox 486 124 1505 180; baseline 0.008 -16"><span class='ocrx_word' id='word_1_1' title='bbox 486 124 588 165; x_wconf 84' lang='lat' dir='ltr'><strong>LIB.</strong></span> <span class='ocrx_word' id='word_1_2' title='bbox 620 125 736 167; x_wconf 84' lang='lat' dir='ltr'><strong>XIV.</strong></span> <span class='ocrx_word' id='word_1_3' title='bbox 795 126 914 167; x_wconf 91' lang='lat' dir='ltr'><strong>CAP.</strong></span> <span class='ocrx_word' id='word_1_4' title='bbox 948 129 1075 172; x_wconf 86' lang='lat' dir='ltr'><strong>XVII.</strong></span> <span class='ocrx_word' id='word_1_5' title='bbox 1426 137 1505 180; x_wconf 83' lang='lat'><strong>321</strong></span> 
     </span>
    </p>
   </div>
   <div class='ocr_carea' id='block_1_2' title="bbox 59 235 1507 565">
    <p class='ocr_par' dir='ltr' id='par_1_2' title="bbox 59 235 1507 565">
     <span class='ocr_line' id='line_1_2' title="bbox 65 235 1507 294; baseline 0.006 -19"><span class='ocrx_word' id='word_1_6' title='bbox 65 237 204 276; x_wconf 82' lang='lat' dir='ltr'>obstet.</span> <span class='ocrx_word' id='word_1_7' title='bbox 264 236 384 285; x_wconf 83' lang='lat' dir='ltr'><strong>Quale</strong></span> <span class='ocrx_word' id='word_1_8' title='bbox 414 242 471 275; x_wconf 87' lang='lat' dir='ltr'><strong>est</strong></span> <span class='ocrx_word' id='word_1_9' title='bbox 499 235 595 288; x_wconf 88' lang='lat' dir='ltr'><strong>quod</strong></span> <span class='ocrx_word' id='word_1_10' title='bbox 625 238 661 274; x_wconf 92' lang='lat' dir='ltr'><strong>in</strong></span> <span class='ocrx_word' id='word_1_11' title='bbox 693 236 859 288; x_wconf 85' lang='lat' dir='ltr'><strong>Captivis</strong></span> <span class='ocrx_word' id='word_1_12' title='bbox 890 240 952 277; x_wconf 86' lang='lat' dir='ltr'><strong>vix</strong></span> <span class='ocrx_word' id='word_1_13' title='bbox 979 241 1087 279; x_wconf 88' lang='lat' dir='ltr'><strong>unius</strong></span> <span class='ocrx_word' id='word_1_14' title='bbox 1119 241 1235 281; x_wconf 82' lang='lat' dir='ltr'><strong>horae</strong></span> <span class='ocrx_word' id='word_1_15' title='bbox 1265 245 1385 294; x_wconf 85' lang='lat' dir='ltr'><strong>spatio</strong></span> <span class='ocrx_word' id='word_1_16' title='bbox 1415 245 1507 285; x_wconf 88' lang='lat' dir='ltr'><strong>Phi-</strong></span> 
     </span>
     <span class='ocr_line' id='line_1_3' title="bbox 62 292 1505 340; baseline 0.006 -9"><span class='ocrx_word' id='word_1_17' title='bbox 62 294 240 331; x_wconf 87' lang='lat' dir='ltr'><strong>locratem</strong></span> <span class='ocrx_word' id='word_1_18' title='bbox 267 306 313 329; x_wconf 79' lang='lat' dir='ltr'><strong>ex</strong></span> <span class='ocrx_word' id='word_1_19' title='bbox 340 292 490 329; x_wconf 79' lang='lat' dir='ltr'>Aetolia</span> <span class='ocrx_word' id='word_1_20' title='bbox 525 299 673 330; x_wconf 86' lang='lat' dir='ltr'><strong>euntem</strong></span> <span class='ocrx_word' id='word_1_21' title='bbox 704 294 739 330; x_wconf 91' lang='lat' dir='ltr'><strong>in</strong></span> <span class='ocrx_word' id='word_1_22' title='bbox 762 292 936 340; x_wconf 79' lang='lat' dir='ltr'><strong>Elidem,</strong></span> <span class='ocrx_word' id='word_1_23' title='bbox 973 303 1011 333; x_wconf 84' lang='lat' dir='ltr'><strong>et</strong></span> <span class='ocrx_word' id='word_1_24' title='bbox 1041 310 1169 337; x_wconf 84' lang='lat' dir='ltr'><strong>rursus</strong></span> <span class='ocrx_word' id='word_1_25' title='bbox 1199 310 1246 335; x_wconf 80' lang='lat' dir='ltr'><strong>ex</strong></span> <span class='ocrx_word' id='word_1_26' title='bbox 1273 298 1385 338; x_wconf 83' lang='lat' dir='ltr'>Elide</span> <span class='ocrx_word' id='word_1_27' title='bbox 1414 314 1505 340; x_wconf 88' lang='lat' dir='ltr'><strong>eon-</strong></span> 
     </span>
     <span class='ocr_line' id='line_1_4' title="bbox 61 346 1502 402; baseline 0.006 -16"><span class='ocrx_word' id='word_1_28' title='bbox 61 349 161 386; x_wconf 81' lang='lat' dir='ltr'><strong>secto</strong></span> <span class='ocrx_word' id='word_1_29' title='bbox 192 348 363 396; x_wconf 81' lang='lat' dir='ltr'><strong>negotio,</strong></span> <span class='ocrx_word' id='word_1_30' title='bbox 394 346 488 397; x_wconf 89' lang='lat' dir='ltr'><strong>quod</strong></span> <span class='ocrx_word' id='word_1_31' title='bbox 521 348 614 385; x_wconf 87' lang='lat' dir='ltr'><strong>certi</strong></span> <span class='ocrx_word' id='word_1_32' title='bbox 644 347 781 397; x_wconf 85' lang='lat' dir='ltr'><strong>aliquid</strong></span> <span class='ocrx_word' id='word_1_33' title='bbox 813 351 990 398; x_wconf 86' lang='lat' dir='ltr'><strong>temporis</strong></span> <span class='ocrx_word' id='word_1_34' title='bbox 1020 353 1248 402; x_wconf 80' lang='lat' dir='ltr'><strong>postulabat,</strong></span> <span class='ocrx_word' id='word_1_35' title='bbox 1284 354 1502 395; x_wconf 89' lang='lat' dir='ltr'><strong>redeuntem</strong></span> 
     </span>
     <span class='ocr_line' id='line_1_5' title="bbox 60 402 1501 450; baseline 0.002 -10"><span class='ocrx_word' id='word_1_36' title='bbox 60 403 97 440; x_wconf 89' lang='lat' dir='ltr'><strong>in</strong></span> <span class='ocrx_word' id='word_1_37' title='bbox 127 403 312 440; x_wconf 81' lang='lat' dir='ltr'><strong>Aetoliam</strong></span> <span class='ocrx_word' id='word_1_38' title='bbox 348 402 459 444; x_wconf 78' lang='lat' dir='ltr'><strong>facit;</strong></span> <span class='ocrx_word' id='word_1_39' title='bbox 503 409 541 438; x_wconf 84' lang='lat' dir='ltr'><strong>ut</strong></span> <span class='ocrx_word' id='word_1_40' title='bbox 571 416 641 439; x_wconf 91' lang='lat' dir='ltr'><strong>non</strong></span> <span class='ocrx_word' id='word_1_41' title='bbox 676 403 790 439; x_wconf 85' lang='lat' dir='ltr'><strong>multo</strong></span> <span class='ocrx_word' id='word_1_42' title='bbox 829 404 939 440; x_wconf 88' lang='lat' dir='ltr'><strong>citius</strong></span> <span class='ocrx_word' id='word_1_43' title='bbox 971 418 1088 444; x_wconf 82' lang='lat' dir='ltr'><strong>senex</strong></span> <span class='ocrx_word' id='word_1_44' title='bbox 1121 421 1141 446; x_wconf 90' lang='lat' dir='ltr'><strong>e</strong></span> <span class='ocrx_word' id='word_1_45' title='bbox 1171 409 1253 446; x_wconf 83' lang='lat' dir='ltr'><strong>foro</strong></span> <span class='ocrx_word' id='word_1_46' title='bbox 1283 408 1426 448; x_wconf 86' lang='lat' dir='ltr'><strong>domum</strong></span> <span class='ocrx_word' id='word_1_47' title='bbox 1459 424 1501 450; x_wconf 72' lang='lat' dir='ltr'><strong>se</strong></span> 
     </span>
     <span class='ocr_line' id='line_1_6' title="bbox 60 456 1498 519; baseline 0.007 -24"><span class='ocrx_word' id='word_1_48' title='bbox 60 458 266 506; x_wconf 83' lang='lat' dir='ltr'><strong>receperit,</strong></span> <span class='ocrx_word' id='word_1_49' title='bbox 297 470 400 507; x_wconf 87' lang='lat' dir='ltr'><strong>quam</strong></span> <span class='ocrx_word' id='word_1_50' title='bbox 432 457 493 494; x_wconf 91' lang='lat' dir='ltr'><strong>ille</strong></span> <span class='ocrx_word' id='word_1_51' title='bbox 521 465 634 494; x_wconf 76' lang='lat' dir='ltr'><strong>totum</strong></span> <span class='ocrx_word' id='word_1_52' title='bbox 665 456 749 494; x_wconf 92' lang='lat' dir='ltr'><strong>illud</strong></span> <span class='ocrx_word' id='word_1_53' title='bbox 778 459 852 494; x_wconf 83' lang='lat' dir='ltr'><strong>iter</strong></span> <span class='ocrx_word' id='word_1_54' title='bbox 881 460 1102 499; x_wconf 86' lang='lat' dir='ltr'><strong>confecerit.</strong></span> <span class='ocrx_word' id='word_1_55' title='bbox 1161 463 1290 519; x_wconf 60' lang='lat' dir='ltr'><strong>Itaque</strong></span> <span class='ocrx_word' id='word_1_56' title='bbox 1320 465 1498 505; x_wconf 87' lang='lat' dir='ltr'><strong>ridiculus</strong></span> 
     </span>
     <span class='ocr_line' id='line_1_7' title="bbox 59 510 919 565; baseline 0 -16"><span class='ocrx_word' id='word_1_57' title='bbox 59 512 291 561; x_wconf 84' lang='lat' dir='ltr'><strong>est.Hegi0,</strong></span> <span class='ocrx_word' id='word_1_58' title='bbox 326 525 407 549; x_wconf 91' lang='lat' dir='ltr'><strong>cum</strong></span> <span class='ocrx_word' id='word_1_59' title='bbox 438 512 473 549; x_wconf 92' lang='lat' dir='ltr'><strong>ei</strong></span> <span class='ocrx_word' id='word_1_60' title='bbox 502 513 715 562; x_wconf 87' lang='lat' dir='ltr'><strong>profecturo</strong></span> <span class='ocrx_word' id='word_1_61' title='bbox 748 510 839 549; x_wconf 86' lang='lat' dir='ltr'><strong>dicit</strong></span> <span class='ocrx_word' id='word_1_62' title='bbox 855 510 919 565; x_wconf 40' lang='grc' dir='ltr'><strong>ᾗ),</strong></span> 
     </span>
    </p>
   </div>
   <div class='ocr_carea' id='block_1_3' title="bbox 162 590 1327 642">
    <p class='ocr_par' dir='ltr' id='par_1_3' title="bbox 162 590 1327 642">
     <span class='ocr_line' id='line_1_8' title="bbox 162 590 1327 642; baseline 0.007 -17"><span class='ocrx_word' id='word_1_63' title='bbox 162 590 327 638; x_wconf 68' lang='lat' dir='ltr'><strong>Sequere</strong></span> <span class='ocrx_word' id='word_1_64' title='bbox 356 602 434 635; x_wconf 85' lang='lat' dir='ltr'><strong>me,</strong></span> <span class='ocrx_word' id='word_1_65' title='bbox 466 590 641 627; x_wconf 72' lang='lat' dir='ltr'><strong>viaticum</strong></span> <span class='ocrx_word' id='word_1_66' title='bbox 670 596 714 627; x_wconf 82' lang='lat' dir='ltr'><strong>ut</strong></span> <span class='ocrx_word' id='word_1_67' title='bbox 740 590 820 627; x_wconf 86' lang='lat' dir='ltr'><strong>dem</strong></span> <span class='ocrx_word' id='word_1_68' title='bbox 850 590 938 628; x_wconf 74' lang='lat' dir='ltr'><strong>ltine</strong></span> <span class='ocrx_word' id='word_1_69' title='bbox 967 603 990 628; x_wconf 88' lang='lat' dir='ltr'><em>a</em></span> <span class='ocrx_word' id='word_1_70' title='bbox 1021 595 1213 642; x_wconf 77' lang='lat' dir='ltr'><em>trapezita</em></span> <span class='ocrx_word' id='word_1_71' title='bbox 1243 594 1327 634; x_wconf 70' lang='lat' dir='ltr'><strong>tibi.</strong></span> 
     </span>
    </p>
   </div>
   <div class='ocr_carea' id='block_1_4' title="bbox 42 675 1496 1429">
    <p class='ocr_par' dir='ltr' id='par_1_4' title="bbox 42 675 1496 1429">
     <span class='ocr_line' id='line_1_9' title="bbox 54 675 1496 732; baseline 0.006 -17"><span class='ocrx_word' id='word_1_72' title='bbox 54 675 153 723; x_wconf 82' lang='lat' dir='ltr'><strong>Quid</strong></span> <span class='ocrx_word' id='word_1_73' title='bbox 184 678 279 715; x_wconf 88' lang='lat' dir='ltr'><strong>enim</strong></span> <span class='ocrx_word' id='word_1_74' title='bbox 311 686 397 716; x_wconf 89' lang='lat' dir='ltr'><strong>ante</strong></span> <span class='ocrx_word' id='word_1_75' title='bbox 429 679 555 716; x_wconf 83' lang='lat' dir='ltr'><strong>horam</strong></span> <span class='ocrx_word' id='word_1_76' title='bbox 587 692 692 716; x_wconf 81' lang='lat' dir='ltr'><strong>unam</strong></span> <span class='ocrx_word' id='word_1_77' title='bbox 725 677 914 716; x_wconf 87' lang='lat' dir='ltr'><strong>rediturus</strong></span> <span class='ocrx_word' id='word_1_78' title='bbox 946 680 1081 718; x_wconf 82' lang='lat' dir='ltr'><strong>viatico</strong></span> <span class='ocrx_word' id='word_1_79' title='bbox 1113 681 1242 732; x_wconf 73' lang='lat' dir='ltr'><strong>eguit?</strong></span> <span class='ocrx_word' id='word_1_80' title='bbox 1286 683 1372 722; x_wconf 87' lang='lat' dir='ltr'><strong>Nisi</strong></span> <span class='ocrx_word' id='word_1_81' title='bbox 1397 685 1496 724; x_wconf 87' lang='lat' dir='ltr'><strong>forte</strong></span> 
     </span>
     <span class='ocr_line' id='line_1_10' title="bbox 54 733 1494 784; baseline 0.006 -15"><span class='ocrx_word' id='word_1_82' title='bbox 54 739 93 769; x_wconf 87' lang='lat' dir='ltr'><strong>et</strong></span> <span class='ocrx_word' id='word_1_83' title='bbox 122 733 203 769; x_wconf 89' lang='lat' dir='ltr'><strong>seui</strong></span> <span class='ocrx_word' id='word_1_84' title='bbox 233 733 326 783; x_wconf 87' lang='lat' dir='ltr'><strong>ipsi,</strong></span> <span class='ocrx_word' id='word_1_85' title='bbox 367 747 448 771; x_wconf 92' lang='lat' dir='ltr'><strong>cum</strong></span> <span class='ocrx_word' id='word_1_86' title='bbox 480 735 516 770; x_wconf 92' lang='lat' dir='ltr'><strong>in</strong></span> <span class='ocrx_word' id='word_1_87' title='bbox 555 735 672 771; x_wconf 87' lang='lat' dir='ltr'><strong>forum</strong></span> <span class='ocrx_word' id='word_1_88' title='bbox 705 734 799 780; x_wconf 89' lang='lat' dir='ltr'><strong>iret,</strong></span> <span class='ocrx_word' id='word_1_89' title='bbox 841 735 975 772; x_wconf 87' lang='lat' dir='ltr'><strong>viatico</strong></span> <span class='ocrx_word' id='word_1_90' title='bbox 1006 749 1095 784; x_wconf 90' lang='lat' dir='ltr'><strong>opus</strong></span> <span class='ocrx_word' id='word_1_91' title='bbox 1134 738 1216 774; x_wconf 83' lang='lat' dir='ltr'><strong>suit.</strong></span> <span class='ocrx_word' id='word_1_92' title='bbox 1278 738 1353 776; x_wconf 85' lang='lat' dir='ltr'><strong>Sed</strong></span> <span class='ocrx_word' id='word_1_93' title='bbox 1392 741 1423 777; x_wconf 94' lang='lat' dir='ltr'><strong>si</strong></span> <span class='ocrx_word' id='word_1_94' title='bbox 1455 742 1494 778; x_wconf 88' lang='lat' dir='ltr'><strong>in</strong></span> 
     </span>
     <span class='ocr_line' id='line_1_11' title="bbox 53 787 1493 839; baseline 0.006 -15"><span class='ocrx_word' id='word_1_95' title='bbox 53 788 218 837; x_wconf 80' lang='lat' dir='ltr'><strong>peccatis</strong></span> <span class='ocrx_word' id='word_1_96' title='bbox 249 802 380 838; x_wconf 82' lang='lat' dir='ltr'><strong>magna</strong></span> <span class='ocrx_word' id='word_1_97' title='bbox 411 790 577 839; x_wconf 81' lang='lat' dir='ltr'><strong>exempla</strong></span> <span class='ocrx_word' id='word_1_98' title='bbox 608 789 652 826; x_wconf 86' lang='lat' dir='ltr'><strong>ad</strong></span> <span class='ocrx_word' id='word_1_99' title='bbox 684 787 938 827; x_wconf 83' lang='lat' dir='ltr'><strong>defensionem</strong></span> <span class='ocrx_word' id='word_1_100' title='bbox 971 791 1104 836; x_wconf 81' lang='lat' dir='ltr'><strong>valent,</strong></span> <span class='ocrx_word' id='word_1_101' title='bbox 1141 792 1237 830; x_wconf 82' lang='lat' dir='ltr'><strong>tueri</strong></span> <span class='ocrx_word' id='word_1_102' title='bbox 1269 805 1310 830; x_wconf 86' lang='lat' dir='ltr'><strong>se</strong></span> <span class='ocrx_word' id='word_1_103' title='bbox 1339 793 1493 833; x_wconf 84' lang='lat' dir='ltr'><strong>Plautus</strong></span> 
     </span>
     <span class='ocr_line' id='line_1_12' title="bbox 53 841 1494 899; baseline 0.006 -20"><span class='ocrx_word' id='word_1_104' title='bbox 53 841 246 892; x_wconf 80' lang='lat' dir='ltr'><strong>Euripidis</strong></span> <span class='ocrx_word' id='word_1_105' title='bbox 288 844 457 894; x_wconf 82' lang='lat' dir='ltr'><strong>exemplo</strong></span> <span class='ocrx_word' id='word_1_106' title='bbox 500 851 640 894; x_wconf 85' lang='lat' dir='ltr'><strong>potest,</strong></span> <span class='ocrx_word' id='word_1_107' title='bbox 681 844 806 895; x_wconf 91' lang='lat' dir='ltr'><strong>quiin</strong></span> <span class='ocrx_word' id='word_1_108' title='bbox 844 844 1170 899; x_wconf 65' lang='lat' dir='ltr'><strong>Supplicibus**)</strong></span> <span class='ocrx_word' id='word_1_109' title='bbox 1207 855 1278 884; x_wconf 81' lang='lat' dir='ltr'><strong>tam</strong></span> <span class='ocrx_word' id='word_1_110' title='bbox 1320 849 1393 885; x_wconf 81' lang='lat' dir='ltr'><strong>cito</strong></span> <span class='ocrx_word' id='word_1_111' title='bbox 1433 863 1494 887; x_wconf 88' lang='lat' dir='ltr'><strong>re-</strong></span> 
     </span>
     <span class='ocr_line' id='line_1_13' title="bbox 53 896 1490 954; baseline 0.006 -20"><span class='ocrx_word' id='word_1_112' title='bbox 53 896 227 935; x_wconf 88' lang='lat' dir='ltr'><strong>deuntem</strong></span> <span class='ocrx_word' id='word_1_113' title='bbox 257 899 400 936; x_wconf 91' lang='lat' dir='ltr'><strong>Thebis</strong></span> <span class='ocrx_word' id='word_1_114' title='bbox 433 899 598 936; x_wconf 82' lang='lat' dir='ltr'><strong>Athenas</strong></span> <span class='ocrx_word' id='word_1_115' title='bbox 627 899 791 936; x_wconf 88' lang='lat' dir='ltr'><strong>nuntium</strong></span> <span class='ocrx_word' id='word_1_116' title='bbox 819 899 931 945; x_wconf 85' lang='lat' dir='ltr'><strong>facit,</strong></span> <span class='ocrx_word' id='word_1_117' title='bbox 964 907 1003 937; x_wconf 84' lang='lat' dir='ltr'><strong>ut</strong></span> <span class='ocrx_word' id='word_1_118' title='bbox 1031 901 1198 948; x_wconf 86' lang='lat' dir='ltr'><strong>volasse,</strong></span> <span class='ocrx_word' id='word_1_119' title='bbox 1230 909 1267 939; x_wconf 88' lang='lat' dir='ltr'><strong>et</strong></span> <span class='ocrx_word' id='word_1_120' title='bbox 1298 916 1363 949; x_wconf 84' lang='lat' dir='ltr'><strong>ea,</strong></span> <span class='ocrx_word' id='word_1_121' title='bbox 1396 917 1490 954; x_wconf 90' lang='lat' dir='ltr'><strong>quae</strong></span> 
     </span>
     <span class='ocr_line' id='line_1_14' title="bbox 52 953 1489 1009; baseline 0.005 -20"><span class='ocrx_word' id='word_1_122' title='bbox 52 953 198 990; x_wconf 86' lang='lat' dir='ltr'><strong>interea</strong></span> <span class='ocrx_word' id='word_1_123' title='bbox 234 953 332 990; x_wconf 84' lang='lat' dir='ltr'><strong>facta</strong></span> <span class='ocrx_word' id='word_1_124' title='bbox 372 954 511 999; x_wconf 83' lang='lat' dir='ltr'><strong>refert,</strong></span> <span class='ocrx_word' id='word_1_125' title='bbox 551 955 614 990; x_wconf 78' lang='lat' dir='ltr'><strong>vix</strong></span> <span class='ocrx_word' id='word_1_126' title='bbox 652 954 793 991; x_wconf 85' lang='lat' dir='ltr'><strong>tantulo</strong></span> <span class='ocrx_word' id='word_1_127' title='bbox 825 956 1003 1006; x_wconf 85' lang='lat' dir='ltr'><strong>temporis</strong></span> <span class='ocrx_word' id='word_1_128' title='bbox 1040 957 1158 1007; x_wconf 77' lang='lat' dir='ltr'><strong>spatio</strong></span> <span class='ocrx_word' id='word_1_129' title='bbox 1200 959 1386 995; x_wconf 85' lang='lat' dir='ltr'><strong>somniare</strong></span> <span class='ocrx_word' id='word_1_130' title='bbox 1425 973 1489 1009; x_wconf 89' lang='lat' dir='ltr'><strong>po-</strong></span> 
     </span>
     <span class='ocr_line' id='line_1_15' title="bbox 50 1006 1489 1059; baseline 0.005 -15"><span class='ocrx_word' id='word_1_131' title='bbox 50 1008 167 1044; x_wconf 84' lang='lat' dir='ltr'><strong>tuisse</strong></span> <span class='ocrx_word' id='word_1_132' title='bbox 207 1007 389 1046; x_wconf 83' lang='lat' dir='ltr'><strong>videatur.</strong></span> <span class='ocrx_word' id='word_1_133' title='bbox 455 1006 508 1045; x_wconf 86' lang='lat' dir='ltr'><strong>At</strong></span> <span class='ocrx_word' id='word_1_134' title='bbox 548 1009 583 1045; x_wconf 92' lang='lat' dir='ltr'><strong>in</strong></span> <span class='ocrx_word' id='word_1_135' title='bbox 617 1008 891 1059; x_wconf 83' lang='lat' dir='ltr'><strong>Amphitruone</strong></span> <span class='ocrx_word' id='word_1_136' title='bbox 934 1011 1041 1048; x_wconf 90' lang='lat' dir='ltr'><strong>nimis</strong></span> <span class='ocrx_word' id='word_1_137' title='bbox 1079 1019 1183 1049; x_wconf 86' lang='lat' dir='ltr'><strong>certe</strong></span> <span class='ocrx_word' id='word_1_138' title='bbox 1230 1012 1300 1049; x_wconf 89' lang='lat' dir='ltr'><strong>sibi</strong></span> <span class='ocrx_word' id='word_1_139' title='bbox 1336 1012 1489 1052; x_wconf 86' lang='lat' dir='ltr'><strong>Plautus</strong></span> 
     </span>
     <span class='ocr_line' id='line_1_16' title="bbox 49 1062 1488 1118; baseline 0.005 -20"><span class='ocrx_word' id='word_1_140' title='bbox 49 1062 224 1099; x_wconf 82' lang='lat' dir='ltr'><strong>licentiae</strong></span> <span class='ocrx_word' id='word_1_141' title='bbox 255 1062 558 1114; x_wconf 56' lang='lat' dir='ltr'><strong>sunipsit*³·÷*),</strong></span> <span class='ocrx_word' id='word_1_142' title='bbox 601 1064 659 1113; x_wconf 88' lang='lat' dir='ltr'><strong>qui</strong></span> <span class='ocrx_word' id='word_1_143' title='bbox 694 1062 822 1101; x_wconf 87' lang='lat' dir='ltr'><strong>eadem</strong></span> <span class='ocrx_word' id='word_1_144' title='bbox 864 1064 923 1101; x_wconf 90' lang='lat' dir='ltr'><strong>illa</strong></span> <span class='ocrx_word' id='word_1_145' title='bbox 955 1072 1084 1111; x_wconf 82' lang='lat' dir='ltr'><strong>nocte,</strong></span> <span class='ocrx_word' id='word_1_146' title='bbox 1124 1079 1229 1116; x_wconf 87' lang='lat' dir='ltr'><strong>quam</strong></span> <span class='ocrx_word' id='word_1_147' title='bbox 1266 1067 1376 1118; x_wconf 83' lang='lat' dir='ltr'><strong>triplo</strong></span> <span class='ocrx_word' id='word_1_148' title='bbox 1408 1069 1488 1106; x_wconf 91' lang='lat' dir='ltr'><strong>lon-</strong></span> 
     </span>
     <span class='ocr_line' id='line_1_17' title="bbox 48 1116 1490 1172; baseline 0.006 -20"><span class='ocrx_word' id='word_1_149' title='bbox 48 1116 190 1166; x_wconf 87' lang='lat' dir='ltr'><strong>giorem</strong></span> <span class='ocrx_word' id='word_1_150' title='bbox 221 1130 304 1154; x_wconf 90' lang='lat' dir='ltr'><strong>esse</strong></span> <span class='ocrx_word' id='word_1_151' title='bbox 335 1118 450 1154; x_wconf 82' lang='lat' dir='ltr'><strong>voluit</strong></span> <span class='ocrx_word' id='word_1_152' title='bbox 478 1117 618 1167; x_wconf 80' lang='lat' dir='ltr'><strong>iupiter</strong></span> <span class='ocrx_word' id='word_1_153' title='bbox 648 1119 684 1155; x_wconf 90' lang='lat' dir='ltr'><strong>in</strong></span> <span class='ocrx_word' id='word_1_154' title='bbox 715 1118 880 1156; x_wconf 79' lang='lat' dir='ltr'><strong>Hercule</strong></span> <span class='ocrx_word' id='word_1_155' title='bbox 911 1119 1150 1170; x_wconf 84' lang='lat' dir='ltr'><strong>procudendo</strong></span> <span class='ocrx_word' id='word_1_156' title='bbox 1180 1129 1395 1172; x_wconf 85' lang='lat' dir='ltr'><strong>occupatus,</strong></span> <span class='ocrx_word' id='word_1_157' title='bbox 1427 1136 1490 1161; x_wconf 87' lang='lat' dir='ltr'><strong>re-</strong></span> 
     </span>
     <span class='ocr_line' id='line_1_18' title="bbox 48 1170 1488 1226; baseline 0.006 -19"><span class='ocrx_word' id='word_1_158' title='bbox 48 1170 220 1208; x_wconf 89' lang='lat' dir='ltr'><strong>deuntem</strong></span> <span class='ocrx_word' id='word_1_159' title='bbox 261 1184 282 1208; x_wconf 88' lang='lat' dir='ltr'><strong>e</strong></span> <span class='ocrx_word' id='word_1_160' title='bbox 313 1172 409 1208; x_wconf 89' lang='lat' dir='ltr'><strong>bello</strong></span> <span class='ocrx_word' id='word_1_161' title='bbox 436 1172 768 1222; x_wconf 84' lang='lat' dir='ltr'><strong>Amphitruonem,</strong></span> <span class='ocrx_word' id='word_1_162' title='bbox 809 1180 846 1210; x_wconf 88' lang='lat' dir='ltr'><strong>et</strong></span> <span class='ocrx_word' id='word_1_163' title='bbox 877 1186 921 1211; x_wconf 85' lang='lat' dir='ltr'><strong>eo</strong></span> <span class='ocrx_word' id='word_1_164' title='bbox 958 1176 1039 1225; x_wconf 90' lang='lat' dir='ltr'><strong>ipso</strong></span> <span class='ocrx_word' id='word_1_165' title='bbox 1074 1175 1154 1221; x_wconf 89' lang='lat' dir='ltr'><strong>die,</strong></span> <span class='ocrx_word' id='word_1_166' title='bbox 1201 1177 1261 1226; x_wconf 90' lang='lat' dir='ltr'><strong>qui</strong></span> <span class='ocrx_word' id='word_1_167' title='bbox 1299 1177 1350 1214; x_wconf 89' lang='lat' dir='ltr'><strong>illi</strong></span> <span class='ocrx_word' id='word_1_168' title='bbox 1387 1179 1488 1215; x_wconf 89' lang='lat' dir='ltr'><strong>nocti</strong></span> 
     </span>
     <span class='ocr_line' id='line_1_19' title="bbox 45 1226 1485 1281; baseline 0.006 -20"><span class='ocrx_word' id='word_1_169' title='bbox 45 1226 234 1276; x_wconf 85' lang='lat' dir='ltr'><strong>proximus</strong></span> <span class='ocrx_word' id='word_1_170' title='bbox 272 1226 413 1271; x_wconf 82' lang='lat' dir='ltr'><strong>illuxit,</strong></span> <span class='ocrx_word' id='word_1_171' title='bbox 466 1226 620 1263; x_wconf 86' lang='lat' dir='ltr'><strong>decumo</strong></span> <span class='ocrx_word' id='word_1_172' title='bbox 661 1235 745 1277; x_wconf 80' lang='lat' dir='ltr'><strong>post</strong></span> <span class='ocrx_word' id='word_1_173' title='bbox 784 1241 909 1265; x_wconf 87' lang='lat' dir='ltr'><strong>mense</strong></span> <span class='ocrx_word' id='word_1_174' title='bbox 925 1228 975 1280; x_wconf 77' lang='lat'><strong>†)</strong></span> <span class='ocrx_word' id='word_1_175' title='bbox 1015 1228 1232 1267; x_wconf 85' lang='lat' dir='ltr'><strong>Alcmenam</strong></span> <span class='ocrx_word' id='word_1_176' title='bbox 1280 1232 1485 1281; x_wconf 85' lang='lat' dir='ltr'><strong>parientem</strong></span> 
     </span>
     <span class='ocr_line' id='line_1_20' title="bbox 45 1279 1485 1336; baseline 0.005 -19"><span class='ocrx_word' id='word_1_177' title='bbox 45 1281 149 1319; x_wconf 87' lang='lat' dir='ltr'><strong>facit.</strong></span> <span class='ocrx_word' id='word_1_178' title='bbox 197 1281 238 1317; x_wconf 94' lang='lat' dir='ltr'><strong>Si</strong></span> <span class='ocrx_word' id='word_1_179' title='bbox 268 1282 347 1331; x_wconf 89' lang='lat' dir='ltr'><strong>quis</strong></span> <span class='ocrx_word' id='word_1_180' title='bbox 377 1279 461 1330; x_wconf 89' lang='lat' dir='ltr'><strong>quid</strong></span> <span class='ocrx_word' id='word_1_181' title='bbox 491 1280 602 1318; x_wconf 85' lang='lat' dir='ltr'><strong>hodie</strong></span> <span class='ocrx_word' id='word_1_182' title='bbox 629 1282 702 1318; x_wconf 84' lang='lat' dir='ltr'><strong>tale</strong></span> <span class='ocrx_word' id='word_1_183' title='bbox 733 1282 890 1327; x_wconf 86' lang='lat' dir='ltr'><strong>faceret,</strong></span> <span class='ocrx_word' id='word_1_184' title='bbox 923 1283 1207 1322; x_wconf 85' lang='lat' dir='ltr'><strong>exsibilaretur:</strong></span> <span class='ocrx_word' id='word_1_185' title='bbox 1239 1285 1303 1322; x_wconf 89' lang='lat' dir='ltr'><strong>sed</strong></span> <span class='ocrx_word' id='word_1_186' title='bbox 1330 1286 1485 1336; x_wconf 85' lang='lat' dir='ltr'><strong>quadam</strong></span> 
     </span>
     <span class='ocr_line' id='line_1_21' title="bbox 44 1336 1480 1391; baseline 0.006 -20"><span class='ocrx_word' id='word_1_187' title='bbox 44 1336 271 1385; x_wconf 79' lang='lat' dir='ltr'><strong>antiquitatis</strong></span> <span class='ocrx_word' id='word_1_188' title='bbox 302 1336 495 1372; x_wconf 86' lang='lat' dir='ltr'><strong>maiestate</strong></span> <span class='ocrx_word' id='word_1_189' title='bbox 528 1336 589 1381; x_wconf 83' lang='lat' dir='ltr'><strong>fit,</strong></span> <span class='ocrx_word' id='word_1_190' title='bbox 631 1342 693 1383; x_wconf 86' lang='lat' dir='ltr'><strong>ut,</strong></span> <span class='ocrx_word' id='word_1_191' title='bbox 735 1349 828 1387; x_wconf 82' lang='lat' dir='ltr'><strong>quae</strong></span> <span class='ocrx_word' id='word_1_192' title='bbox 857 1338 893 1375; x_wconf 91' lang='lat' dir='ltr'><strong>in</strong></span> <span class='ocrx_word' id='word_1_193' title='bbox 923 1339 1060 1376; x_wconf 83' lang='lat' dir='ltr'><strong>nostris</strong></span> <span class='ocrx_word' id='word_1_194' title='bbox 1100 1340 1480 1391; x_wconf 83' lang='lat' dir='ltr'><strong>reprehenderemus,</strong></span> 
     </span>
     <span class='ocr_line' id='line_1_22' title="bbox 42 1389 565 1429; baseline 0.002 -2"><span class='ocrx_word' id='word_1_195' title='bbox 42 1391 80 1428; x_wconf 89' lang='lat' dir='ltr'><strong>in</strong></span> <span class='ocrx_word' id='word_1_196' title='bbox 112 1391 298 1429; x_wconf 84' lang='lat' dir='ltr'><strong>veteribus</strong></span> <span class='ocrx_word' id='word_1_197' title='bbox 327 1389 565 1429; x_wconf 76' lang='lat' dir='ltr'><strong>admiremur.</strong></span> 
     </span>
    </p>
   </div>
   <div class='ocr_carea' id='block_1_5' title="bbox 506 1543 1571 1588">
    <p class='ocr_par' dir='ltr' id='par_1_5' title="bbox 506 1543 1571 1588">
     <span class='ocr_line' id='line_1_23' title="bbox 506 1543 1571 1588; baseline 0.005 -5"><span class='ocrx_word' id='word_1_198' title='bbox 506 1544 537 1583; x_wconf 89' lang='lat' dir='ltr'>C</span> <span class='ocrx_word' id='word_1_199' title='bbox 570 1543 605 1583; x_wconf 87' lang='lat' dir='ltr'><strong>A</strong></span> <span class='ocrx_word' id='word_1_200' title='bbox 633 1544 666 1583; x_wconf 94' lang='grc' dir='ltr'><strong><em>Ρ</em></strong></span> <span class='ocrx_word' id='word_1_201' title='bbox 695 1545 732 1585; x_wconf 90' lang='lat' dir='ltr'><strong>U</strong></span> <span class='ocrx_word' id='word_1_202' title='bbox 760 1545 795 1584; x_wconf 94' lang='lat' dir='ltr'>T</span> <span class='ocrx_word' id='word_1_203' title='bbox 849 1545 1004 1586; x_wconf 91' lang='lat' dir='ltr'><strong>XVII.</strong></span> <span class='ocrx_word' id='word_1_204' title='bbox 1508 1558 1571 1588; x_wconf 79' lang='lat'><strong>336</strong></span> 
     </span>
    </p>
   </div>
   <div class='ocr_carea' id='block_1_6' title="bbox 280 1620 1241 1663">
    <p class='ocr_par' dir='ltr' id='par_1_6' title="bbox 280 1620 1241 1663">
     <span class='ocr_line' id='line_1_24' title="bbox 280 1620 1241 1663; baseline 0.003 -4"><span class='ocrx_word' id='word_1_205' title='bbox 280 1620 495 1659; x_wconf 68' lang='lat' dir='ltr'><strong>Dc‘verbz&#39;am</strong></span> <span class='ocrx_word' id='word_1_206' title='bbox 527 1623 737 1661; x_wconf 72' lang='lat' dir='ltr'><strong>Plautinum</strong></span> <span class='ocrx_word' id='word_1_207' title='bbox 766 1636 787 1660; x_wconf 86' lang='lat' dir='ltr'><strong>e</strong></span> <span class='ocrx_word' id='word_1_208' title='bbox 816 1625 984 1662; x_wconf 76' lang='lat' dir='ltr'><strong>Rudente</strong></span> <span class='ocrx_word' id='word_1_209' title='bbox 1012 1625 1241 1663; x_wconf 69' lang='lat' dir='ltr'><strong>restitutum.</strong></span> 
     </span>
    </p>
   </div>
   <div class='ocr_carea' id='block_1_7' title="bbox 33 1708 1479 2334">
    <p class='ocr_par' dir='ltr' id='par_1_7' title="bbox 33 1708 1479 2334">
     <span class='ocr_line' id='line_1_25' title="bbox 38 1708 1477 1784; baseline 0.006 -18"><span class='ocrx_word' id='word_1_210' title='bbox 38 1708 308 1768; x_wconf 77' lang='lat' dir='ltr'>PRINCIPIUM</span> <span class='ocrx_word' id='word_1_211' title='bbox 330 1731 448 1769; x_wconf 84' lang='lat' dir='ltr'><strong>Stichi</strong></span> <span class='ocrx_word' id='word_1_212' title='bbox 471 1731 666 1769; x_wconf 81' lang='lat' dir='ltr'><strong>Plautinae</strong></span> <span class='ocrx_word' id='word_1_213' title='bbox 695 1733 766 1769; x_wconf 84' lang='lat' dir='ltr'><strong>iam</strong></span> <span class='ocrx_word' id='word_1_214' title='bbox 788 1731 928 1783; x_wconf 87' lang='lat' dir='ltr'><strong>pridem</strong></span> <span class='ocrx_word' id='word_1_215' title='bbox 946 1731 1030 1784; x_wconf 48' lang='grc' dir='ltr'><strong>ἦῆ)</strong></span> <span class='ocrx_word' id='word_1_216' title='bbox 1055 1732 1271 1771; x_wconf 81' lang='lat' dir='ltr'><strong>emendavi:</strong></span> <span class='ocrx_word' id='word_1_217' title='bbox 1303 1742 1339 1773; x_wconf 88' lang='lat' dir='ltr'><strong>ct</strong></span> <span class='ocrx_word' id='word_1_218' title='bbox 1361 1749 1477 1775; x_wconf 83' lang='lat' dir='ltr'><strong>meam</strong></span> 
     </span>
     <span class='ocr_line' id='line_1_26' title="bbox 39 1786 1478 1840; baseline 0.005 -18"><span class='ocrx_word' id='word_1_219' title='bbox 39 1786 75 1822; x_wconf 91' lang='lat' dir='ltr'><strong>in</strong></span> <span class='ocrx_word' id='word_1_220' title='bbox 109 1798 151 1822; x_wconf 84' lang='lat' dir='ltr'><strong>ea</strong></span> <span class='ocrx_word' id='word_1_221' title='bbox 192 1799 233 1823; x_wconf 89' lang='lat' dir='ltr'><strong>re</strong></span> <span class='ocrx_word' id='word_1_222' title='bbox 271 1788 488 1825; x_wconf 82' lang='lat' dir='ltr'><strong>sententiam</strong></span> <span class='ocrx_word' id='word_1_223' title='bbox 521 1789 639 1825; x_wconf 89' lang='lat' dir='ltr'><strong>secuti</strong></span> <span class='ocrx_word' id='word_1_224' title='bbox 667 1794 750 1824; x_wconf 87' lang='lat' dir='ltr'><strong>sunt</strong></span> <span class='ocrx_word' id='word_1_225' title='bbox 766 1786 907 1840; x_wconf 73' lang='lat'><strong>†††),</strong></span> <span class='ocrx_word' id='word_1_226' title='bbox 948 1788 1007 1837; x_wconf 88' lang='lat' dir='ltr'><strong>qui</strong></span> <span class='ocrx_word' id='word_1_227' title='bbox 1041 1796 1169 1838; x_wconf 85' lang='lat' dir='ltr'><strong>postea</strong></span> <span class='ocrx_word' id='word_1_228' title='bbox 1197 1789 1367 1828; x_wconf 88' lang='lat' dir='ltr'><strong>Plautum</strong></span> <span class='ocrx_word' id='word_1_229' title='bbox 1399 1792 1478 1829; x_wconf 89' lang='lat' dir='ltr'><strong>edi-</strong></span> 
     </span>
     <span class='ocr_line' id='line_1_27' title="bbox 38 1840 1479 1897; baseline 0.005 -20"><span class='ocrx_word' id='word_1_230' title='bbox 38 1840 184 1877; x_wconf 88' lang='lat' dir='ltr'><strong>derunt.</strong></span> <span class='ocrx_word' id='word_1_231' title='bbox 233 1840 309 1879; x_wconf 93' lang='lat' dir='ltr'><strong>Sed</strong></span> <span class='ocrx_word' id='word_1_232' title='bbox 339 1843 486 1889; x_wconf 87' lang='lat' dir='ltr'><strong>vellem,</strong></span> <span class='ocrx_word' id='word_1_233' title='bbox 517 1843 588 1893; x_wconf 87' lang='lat' dir='ltr'><strong>ipsi</strong></span> <span class='ocrx_word' id='word_1_234' title='bbox 620 1855 764 1893; x_wconf 90' lang='lat' dir='ltr'><strong>quoque</strong></span> <span class='ocrx_word' id='word_1_235' title='bbox 794 1842 838 1880; x_wconf 89' lang='lat' dir='ltr'><strong>ad</strong></span> <span class='ocrx_word' id='word_1_236' title='bbox 868 1855 997 1880; x_wconf 87' lang='lat' dir='ltr'><strong>versus</strong></span> <span class='ocrx_word' id='word_1_237' title='bbox 1027 1843 1313 1894; x_wconf 86' lang='lat' dir='ltr'><strong>distinguendos</strong></span> <span class='ocrx_word' id='word_1_238' title='bbox 1340 1847 1479 1897; x_wconf 88' lang='lat' dir='ltr'><strong>aliquid</strong></span> 
     </span>
     <span class='ocr_line' id='line_1_28' title="bbox 40 1896 1479 1950; baseline 0.005 -18"><span class='ocrx_word' id='word_1_239' title='bbox 40 1908 178 1945; x_wconf 84' lang='lat' dir='ltr'><strong>operae</strong></span> <span class='ocrx_word' id='word_1_240' title='bbox 211 1897 469 1934; x_wconf 88' lang='lat' dir='ltr'><strong>contulissent.</strong></span> <span class='ocrx_word' id='word_1_241' title='bbox 530 1897 639 1945; x_wconf 82' lang='lat' dir='ltr'><strong>Quod</strong></span> <span class='ocrx_word' id='word_1_242' title='bbox 669 1896 814 1948; x_wconf 85' lang='lat' dir='ltr'><strong>quando</strong></span> <span class='ocrx_word' id='word_1_243' title='bbox 842 1898 968 1935; x_wconf 84' lang='lat' dir='ltr'><strong>facere</strong></span> <span class='ocrx_word' id='word_1_244' title='bbox 999 1905 1060 1935; x_wconf 84' lang='lat' dir='ltr'><strong>aut</strong></span> <span class='ocrx_word' id='word_1_245' title='bbox 1088 1912 1158 1935; x_wconf 92' lang='lat' dir='ltr'><strong>non</strong></span> <span class='ocrx_word' id='word_1_246' title='bbox 1190 1908 1387 1950; x_wconf 87' lang='lat' dir='ltr'><strong>potuerunt</strong></span> <span class='ocrx_word' id='word_1_247' title='bbox 1416 1910 1479 1940; x_wconf 88' lang='lat' dir='ltr'><strong>aut</strong></span> 
     </span>
     <span class='ocr_line' id='line_1_29' title="bbox 37 1950 1476 2003; baseline 0.004 -15"><span class='ocrx_word' id='word_1_248' title='bbox 37 1950 259 1997; x_wconf 85' lang='lat' dir='ltr'><strong>noluerunt,</strong></span> <span class='ocrx_word' id='word_1_249' title='bbox 300 1951 371 1989; x_wconf 83' lang='lat' dir='ltr'><strong>alia</strong></span> <span class='ocrx_word' id='word_1_250' title='bbox 409 1965 554 2003; x_wconf 88' lang='lat' dir='ltr'><strong>quoque</strong></span> <span class='ocrx_word' id='word_1_251' title='bbox 593 1951 723 1989; x_wconf 91' lang='lat' dir='ltr'><strong>eodem</strong></span> <span class='ocrx_word' id='word_1_252' title='bbox 765 1951 872 1989; x_wconf 90' lang='lat' dir='ltr'><strong>modo</strong></span> <span class='ocrx_word' id='word_1_253' title='bbox 897 1966 918 1989; x_wconf 88' lang='lat' dir='ltr'><strong>a</strong></span> <span class='ocrx_word' id='word_1_254' title='bbox 948 1966 1004 1991; x_wconf 88' lang='lat' dir='ltr'><strong>me</strong></span> <span class='ocrx_word' id='word_1_255' title='bbox 1045 1952 1239 1992; x_wconf 87' lang='lat' dir='ltr'><strong>emendata</strong></span> <span class='ocrx_word' id='word_1_256' title='bbox 1277 1955 1334 1992; x_wconf 88' lang='lat' dir='ltr'><strong>his</strong></span> <span class='ocrx_word' id='word_1_257' title='bbox 1373 1956 1476 1995; x_wconf 88' lang='lat' dir='ltr'><strong>libris</strong></span> 
     </span>
     <span class='ocr_line' id='line_1_30' title="bbox 37 2005 1477 2059; baseline 0.006 -17"><span class='ocrx_word' id='word_1_258' title='bbox 37 2005 219 2043; x_wconf 85' lang='lat' dir='ltr'><strong>inseram:</strong></span> <span class='ocrx_word' id='word_1_259' title='bbox 253 2006 284 2043; x_wconf 91' lang='lat' dir='ltr'><strong>si</strong></span> <span class='ocrx_word' id='word_1_260' title='bbox 314 2007 410 2044; x_wconf 88' lang='lat' dir='ltr'><strong>forte</strong></span> <span class='ocrx_word' id='word_1_261' title='bbox 441 2014 511 2044; x_wconf 83' lang='lat' dir='ltr'><strong>tam</strong></span> <span class='ocrx_word' id='word_1_262' title='bbox 545 2014 722 2045; x_wconf 88' lang='lat' dir='ltr'><strong>venustus</strong></span> <span class='ocrx_word' id='word_1_263' title='bbox 752 2010 860 2058; x_wconf 77' lang='lat' dir='ltr'><strong>poe&#39;ta</strong></span> <span class='ocrx_word' id='word_1_264' title='bbox 891 2008 1062 2058; x_wconf 82' lang='lat' dir='ltr'><strong>paulatim</strong></span> <span class='ocrx_word' id='word_1_265' title='bbox 1092 2009 1286 2059; x_wconf 87' lang='lat' dir='ltr'><strong>pristinum</strong></span> <span class='ocrx_word' id='word_1_266' title='bbox 1317 2011 1477 2050; x_wconf 86' lang='lat' dir='ltr'><strong>nitorem</strong></span> 
     </span>
     <span class='ocr_line' id='line_1_31' title="bbox 36 2061 1478 2115; baseline 0.005 -17"><span class='ocrx_word' id='word_1_267' title='bbox 36 2061 249 2110; x_wconf 82' lang='lat' dir='ltr'><strong>reciperare</strong></span> <span class='ocrx_word' id='word_1_268' title='bbox 278 2062 410 2111; x_wconf 86' lang='lat' dir='ltr'><strong>possit.</strong></span> <span class='ocrx_word' id='word_1_269' title='bbox 462 2062 559 2100; x_wconf 86' lang='lat' dir='ltr'><strong>Nam</strong></span> <span class='ocrx_word' id='word_1_270' title='bbox 589 2069 630 2099; x_wconf 84' lang='lat' dir='ltr'><strong>ut</strong></span> <span class='ocrx_word' id='word_1_271' title='bbox 657 2076 751 2100; x_wconf 91' lang='lat' dir='ltr'><strong>nune</strong></span> <span class='ocrx_word' id='word_1_272' title='bbox 780 2061 924 2113; x_wconf 87' lang='lat' dir='ltr'><strong>quidem</strong></span> <span class='ocrx_word' id='word_1_273' title='bbox 959 2069 1030 2109; x_wconf 85' lang='lat' dir='ltr'><strong>est,</strong></span> <span class='ocrx_word' id='word_1_274' title='bbox 1062 2065 1124 2114; x_wconf 92' lang='lat' dir='ltr'><strong>qui</strong></span> <span class='ocrx_word' id='word_1_275' title='bbox 1153 2065 1187 2101; x_wconf 89' lang='lat' dir='ltr'><strong>ei</strong></span> <span class='ocrx_word' id='word_1_276' title='bbox 1219 2073 1302 2115; x_wconf 89' lang='lat' dir='ltr'><strong>post</strong></span> <span class='ocrx_word' id='word_1_277' title='bbox 1332 2066 1478 2105; x_wconf 87' lang='lat' dir='ltr'><strong>Ioachi-</strong></span> 
     </span>
     <span class='ocr_line' id='line_1_32' title="bbox 34 2115 1476 2172; baseline 0.006 -20"><span class='ocrx_word' id='word_1_278' title='bbox 34 2128 130 2153; x_wconf 88' lang='lat' dir='ltr'><strong>mum</strong></span> <span class='ocrx_word' id='word_1_279' title='bbox 162 2115 404 2153; x_wconf 81' lang='lat' dir='ltr'><strong>admoverunt</strong></span> <span class='ocrx_word' id='word_1_280' title='bbox 433 2130 581 2162; x_wconf 88' lang='lat' dir='ltr'><strong>manus,</strong></span> <span class='ocrx_word' id='word_1_281' title='bbox 623 2117 756 2167; x_wconf 75' lang='lat' dir='ltr'><strong>magna</strong></span> <span class='ocrx_word' id='word_1_282' title='bbox 787 2118 947 2168; x_wconf 81' lang='lat' dir='ltr'><strong>professi</strong></span> <span class='ocrx_word' id='word_1_283' title='bbox 987 2131 1101 2169; x_wconf 83' lang='lat' dir='ltr'><strong>parva</strong></span> <span class='ocrx_word' id='word_1_284' title='bbox 1142 2118 1334 2158; x_wconf 86' lang='lat' dir='ltr'><strong>admodum</strong></span> <span class='ocrx_word' id='word_1_285' title='bbox 1366 2135 1476 2172; x_wconf 85' lang='lat' dir='ltr'><strong>prae-</strong></span> 
     </span>
     <span class='ocr_line' id='line_1_33' title="bbox 35 2170 1473 2224; baseline 0.005 -17"><span class='ocrx_word' id='word_1_286' title='bbox 35 2171 220 2208; x_wconf 89' lang='lat' dir='ltr'><strong>stiterunt.</strong></span> <span class='ocrx_word' id='word_1_287' title='bbox 281 2170 358 2208; x_wconf 90' lang='lat' dir='ltr'><strong>Sed</strong></span> <span class='ocrx_word' id='word_1_288' title='bbox 396 2173 485 2209; x_wconf 90' lang='lat' dir='ltr'><strong>mihi</strong></span> <span class='ocrx_word' id='word_1_289' title='bbox 516 2171 662 2223; x_wconf 92' lang='lat' dir='ltr'><strong>quidem</strong></span> <span class='ocrx_word' id='word_1_290' title='bbox 704 2185 822 2223; x_wconf 92' lang='lat' dir='ltr'><strong>neque</strong></span> <span class='ocrx_word' id='word_1_291' title='bbox 862 2173 984 2209; x_wconf 85' lang='lat' dir='ltr'><strong>aliena</strong></span> <span class='ocrx_word' id='word_1_292' title='bbox 1023 2173 1189 2212; x_wconf 88' lang='lat' dir='ltr'><strong>abiicere</strong></span> <span class='ocrx_word' id='word_1_293' title='bbox 1219 2177 1362 2213; x_wconf 81' lang='lat' dir='ltr'><strong>enimus</strong></span> <span class='ocrx_word' id='word_1_294' title='bbox 1399 2185 1473 2224; x_wconf 81' lang='lat' dir='ltr'><strong>est,</strong></span> 
     </span>
     <span class='ocr_line' id='line_1_34' title="bbox 34 2225 1475 2280; baseline 0.005 -18"><span class='ocrx_word' id='word_1_295' title='bbox 34 2238 152 2275; x_wconf 89' lang='lat' dir='ltr'><strong>neque</strong></span> <span class='ocrx_word' id='word_1_296' title='bbox 183 2238 264 2263; x_wconf 88' lang='lat' dir='ltr'><strong>mea</strong></span> <span class='ocrx_word' id='word_1_297' title='bbox 294 2225 486 2264; x_wconf 88' lang='lat' dir='ltr'><strong>venditare</strong></span> <span class='ocrx_word' id='word_1_298' title='bbox 518 2228 609 2265; x_wconf 89' lang='lat' dir='ltr'><strong>tanti</strong></span> <span class='ocrx_word' id='word_1_299' title='bbox 637 2226 797 2265; x_wconf 84' lang='lat' dir='ltr'><strong>videtur.</strong></span> <span class='ocrx_word' id='word_1_300' title='bbox 859 2227 902 2264; x_wconf 90' lang='lat' dir='ltr'><strong>In</strong></span> <span class='ocrx_word' id='word_1_301' title='bbox 933 2227 1108 2266; x_wconf 87' lang='lat' dir='ltr'><strong>Rudente</strong></span> <span class='ocrx_word' id='word_1_302' title='bbox 1137 2229 1183 2267; x_wconf 82' lang='lat' dir='ltr'><strong>ad</strong></span> <span class='ocrx_word' id='word_1_303' title='bbox 1214 2231 1330 2280; x_wconf 87' lang='lat' dir='ltr'><strong>ipsum</strong></span> <span class='ocrx_word' id='word_1_304' title='bbox 1364 2232 1475 2269; x_wconf 82' lang='lat' dir='ltr'><strong>linem</strong></span> 
     </span>
     <span class='ocr_line' id='line_1_35' title="bbox 33 2281 1472 2334; baseline 0.006 -17"><span class='ocrx_word' id='word_1_305' title='bbox 33 2286 137 2318; x_wconf 83' lang='lat' dir='ltr'><strong>aetus</strong></span> <span class='ocrx_word' id='word_1_306' title='bbox 163 2281 271 2331; x_wconf 89' lang='lat' dir='ltr'><strong>primi</strong></span> <span class='ocrx_word' id='word_1_307' title='bbox 300 2281 519 2332; x_wconf 88' lang='lat' dir='ltr'><strong>colloquium</strong></span> <span class='ocrx_word' id='word_1_308' title='bbox 550 2289 608 2321; x_wconf 88' lang='lat' dir='ltr'><strong>est</strong></span> <span class='ocrx_word' id='word_1_309' title='bbox 638 2283 822 2328; x_wconf 84' lang='lat' dir='ltr'><strong>aniculae,</strong></span> <span class='ocrx_word' id='word_1_310' title='bbox 855 2295 949 2334; x_wconf 85' lang='lat' dir='ltr'><strong>quae</strong></span> <span class='ocrx_word' id='word_1_311' title='bbox 976 2283 1139 2323; x_wconf 82' lang='lat' dir='ltr'><strong>Veneris</strong></span> <span class='ocrx_word' id='word_1_312' title='bbox 1168 2285 1345 2323; x_wconf 85' lang='lat' dir='ltr'><strong>sacerdos</strong></span> <span class='ocrx_word' id='word_1_313' title='bbox 1375 2294 1472 2334; x_wconf 83' lang='lat' dir='ltr'><strong>erat,</strong></span> 
     </span>
    </p>
   </div>
   <div class='ocr_carea' id='block_1_8' title="bbox 30 2426 1475 2501">
    <p class='ocr_par' dir='ltr' id='par_1_8' title="bbox 30 2426 1475 2501">
     <span class='ocr_line' id='line_1_36' title="bbox 31 2426 1475 2471; baseline 0.005 -15"><span class='ocrx_word' id='word_1_314' title='bbox 31 2427 83 2456; x_wconf 81' lang='lat' dir='ltr'><strong>Ad</strong></span> <span class='ocrx_word' id='word_1_315' title='bbox 103 2428 202 2456; x_wconf 74' lang='lat' dir='ltr'><strong>totum</strong></span> <span class='ocrx_word' id='word_1_316' title='bbox 221 2429 282 2456; x_wconf 85' lang='lat' dir='ltr'><strong>hoc</strong></span> <span class='ocrx_word' id='word_1_317' title='bbox 301 2429 395 2462; x_wconf 78' lang='lat' dir='ltr'><strong>caput</strong></span> <span class='ocrx_word' id='word_1_318' title='bbox 415 2426 452 2456; x_wconf 84' lang='lat' dir='ltr'><strong>cf.</strong></span> <span class='ocrx_word' id='word_1_319' title='bbox 474 2434 571 2461; x_wconf 76' lang='lat' dir='ltr'><strong>supra</strong></span> <span class='ocrx_word' id='word_1_320' title='bbox 590 2428 643 2458; x_wconf 82' lang='lat' dir='ltr'><strong>lib.</strong></span> <span class='ocrx_word' id='word_1_321' title='bbox 663 2429 701 2457; x_wconf 88' lang='lat' dir='ltr'><strong>X.</strong></span> <span class='ocrx_word' id='word_1_322' title='bbox 722 2435 789 2464; x_wconf 83' lang='lat' dir='ltr'><strong>cap.</strong></span> <span class='ocrx_word' id='word_1_323' title='bbox 810 2430 840 2458; x_wconf 86' lang='lat'><strong>5.</strong></span> <span class='ocrx_word' id='word_1_324' title='bbox 862 2429 893 2458; x_wconf 82' lang='lat' dir='ltr'><strong>et</strong></span> <span class='ocrx_word' id='word_1_325' title='bbox 912 2430 993 2460; x_wconf 84' lang='lat' dir='ltr'><strong>Mur.</strong></span> <span class='ocrx_word' id='word_1_326' title='bbox 1014 2431 1119 2460; x_wconf 86' lang='lat' dir='ltr'><strong>annot.</strong></span> <span class='ocrx_word' id='word_1_327' title='bbox 1140 2430 1181 2460; x_wconf 85' lang='lat' dir='ltr'><strong>ad</strong></span> <span class='ocrx_word' id='word_1_328' title='bbox 1195 2431 1338 2468; x_wconf 80' lang='lat' dir='ltr'><strong>xenoph.</strong></span> <span class='ocrx_word' id='word_1_329' title='bbox 1357 2433 1475 2471; x_wconf 81' lang='lat' dir='ltr'><strong>Cyrop.</strong></span> 
     </span>
     <span class='ocr_line' id='line_1_37' title="bbox 30 2465 777 2501; baseline 0.003 -8"><span class='ocrx_word' id='word_1_330' title='bbox 30 2465 83 2493; x_wconf 83' lang='lat' dir='ltr'><strong>lib.</strong></span> <span class='ocrx_word' id='word_1_331' title='bbox 104 2466 157 2494; x_wconf 90' lang='lat' dir='ltr'><strong>lV.</strong></span> <span class='ocrx_word' id='word_1_332' title='bbox 179 2466 257 2500; x_wconf 80' lang='lat' dir='ltr'><strong>Opp.</strong></span> <span class='ocrx_word' id='word_1_333' title='bbox 278 2467 367 2494; x_wconf 85' lang='lat' dir='ltr'><strong>Tom.</strong></span> <span class='ocrx_word' id='word_1_334' title='bbox 388 2467 441 2494; x_wconf 85' lang='lat'><strong>111.</strong></span> <span class='ocrx_word' id='word_1_335' title='bbox 462 2472 533 2501; x_wconf 80' lang='lat' dir='ltr'><strong>pag.</strong></span> <span class='ocrx_word' id='word_1_336' title='bbox 552 2466 624 2495; x_wconf 64' lang='lat'><strong>595.</strong></span> <span class='ocrx_word' id='word_1_337' title='bbox 664 2468 777 2495; x_wconf 58' lang='lat' dir='ltr'><strong>Faesi.</strong></span> 
     </span>
    </p>
   </div>
   <div class='ocr_carea' id='block_1_9' title="bbox 104 2512 1475 2597">
    <p class='ocr_par' dir='ltr' id='par_1_9' title="bbox 104 2512 1475 2597">
     <span class='ocr_line' id='line_1_38' title="bbox 105 2513 334 2542; baseline 0.022 -5"><span class='ocrx_word' id='word_1_338' title='bbox 105 2514 128 2537; x_wconf 50' lang='grc' dir='ltr'><strong>ἐκ</strong></span> <span class='ocrx_word' id='word_1_339' title='bbox 169 2514 207 2540; x_wconf 89' lang='lat'><strong>11.</strong></span> <span class='ocrx_word' id='word_1_340' title='bbox 227 2514 247 2541; x_wconf 81' lang='lat'><strong>3</strong></span> <span class='ocrx_word' id='word_1_341' title='bbox 284 2513 334 2542; x_wconf 77' lang='lat'><strong>89.</strong></span> 
     </span>
     <span class='ocr_line' id='line_1_39' title="bbox 104 2512 1475 2597; baseline 0.007 -12"><span class='ocrx_word' id='word_1_342' title='bbox 104 2512 172 2594; x_wconf 55' lang='lat' dir='ltr'><strong>zze-:lq</strong></span> <span class='ocrx_word' id='word_1_343' title='bbox 194 2567 224 2588; x_wconf 92' lang='lat' dir='ltr'><strong>v.</strong></span> <span class='ocrx_word' id='word_1_344' title='bbox 245 2533 317 2589; x_wconf 54' lang='lat'><strong>(334.</strong></span> <span class='ocrx_word' id='word_1_345' title='bbox 351 2562 473 2589; x_wconf 78' lang='lat' dir='ltr'><strong>Mureto</strong></span> <span class='ocrx_word' id='word_1_346' title='bbox 494 2560 573 2589; x_wconf 85' lang='lat' dir='ltr'><strong>bene</strong></span> <span class='ocrx_word' id='word_1_347' title='bbox 593 2563 797 2597; x_wconf 78' lang='lat' dir='ltr'><strong>respondisse</strong></span> <span class='ocrx_word' id='word_1_348' title='bbox 811 2561 1001 2592; x_wconf 82' lang='lat' dir='ltr'><strong>Barnesium</strong></span> <span class='ocrx_word' id='word_1_349' title='bbox 1022 2561 1248 2594; x_wconf 75' lang='lat' dir='ltr'><strong>animadvertit</strong></span> <span class='ocrx_word' id='word_1_350' title='bbox 1265 2565 1475 2594; x_wconf 80' lang='lat' dir='ltr'><strong>Marklandus</strong></span> 
     </span>
    </p>
   </div>
   <div class='ocr_carea' id='block_1_10' title="bbox 27 2597 1474 2664">
    <p class='ocr_par' dir='ltr' id='par_1_10' title="bbox 27 2597 1474 2664">
     <span class='ocr_line' id='line_1_40' title="bbox 29 2597 1474 2640; baseline 0.003 -14"><span class='ocrx_word' id='word_1_351' title='bbox 29 2597 69 2626; x_wconf 84' lang='lat' dir='ltr'><strong>ad</strong></span> <span class='ocrx_word' id='word_1_352' title='bbox 91 2605 121 2625; x_wconf 86' lang='lat' dir='ltr'><strong>v.</strong></span> <span class='ocrx_word' id='word_1_353' title='bbox 141 2598 212 2627; x_wconf 82' lang='grc'>636.</span> <span class='ocrx_word' id='word_1_354' title='bbox 234 2604 304 2632; x_wconf 85' lang='lat' dir='ltr'><strong>pag.</strong></span> <span class='ocrx_word' id='word_1_355' title='bbox 327 2598 396 2626; x_wconf 80' lang='lat'><strong>129.</strong></span> <span class='ocrx_word' id='word_1_356' title='bbox 419 2599 467 2626; x_wconf 77' lang='lat' dir='ltr'><strong>eu.</strong></span> <span class='ocrx_word' id='word_1_357' title='bbox 484 2598 571 2633; x_wconf 78' lang='lat' dir='ltr'><strong>Lips.</strong></span> <span class='ocrx_word' id='word_1_358' title='bbox 610 2601 729 2630; x_wconf 77' lang='lat' dir='ltr'><strong>lumem</strong></span> <span class='ocrx_word' id='word_1_359' title='bbox 747 2604 904 2636; x_wconf 83' lang='lat' dir='ltr'><strong>monetur,</strong></span> <span class='ocrx_word' id='word_1_360' title='bbox 926 2607 987 2628; x_wconf 89' lang='lat' dir='ltr'><strong>non</strong></span> <span class='ocrx_word' id='word_1_361' title='bbox 1007 2601 1158 2640; x_wconf 74' lang='lat' dir='ltr'><strong>Athenas,</strong></span> <span class='ocrx_word' id='word_1_362' title='bbox 1179 2603 1237 2632; x_wconf 78' lang='lat' dir='ltr'><strong>sed</strong></span> <span class='ocrx_word' id='word_1_363' title='bbox 1256 2604 1404 2633; x_wconf 65' lang='lat' dir='ltr'><strong>Eleusina</strong></span> <span class='ocrx_word' id='word_1_364' title='bbox 1424 2603 1474 2631; x_wconf 84' lang='lat' dir='ltr'><strong>di-</strong></span> 
     </span>
     <span class='ocr_line' id='line_1_41' title="bbox 27 2634 438 2664; baseline 0 0"><span class='ocrx_word' id='word_1_365' title='bbox 27 2636 158 2664; x_wconf 88' lang='lat' dir='ltr'><strong>cendum</strong></span> <span class='ocrx_word' id='word_1_366' title='bbox 178 2634 288 2663; x_wconf 82' lang='lat' dir='ltr'><strong>fuisse.</strong></span> <span class='ocrx_word' id='word_1_367' title='bbox 327 2637 438 2664; x_wconf 77' lang='lat' dir='ltr'><strong>FAEsl.</strong></span> 
     </span>
    </p>
   </div>
   <div class='ocr_carea' id='block_1_11' title="bbox 100 2681 682 2865">
    <p class='ocr_par' dir='ltr' id='par_1_11' title="bbox 102 2681 307 2719">
     <span class='ocr_line' id='line_1_42' title="bbox 102 2681 307 2719; baseline 0.01 -15"><span class='ocrx_word' id='word_1_368' title='bbox 102 2683 194 2718; x_wconf 57' lang='grc' dir='ltr'><strong>ἐκέκ-εκ]</strong></span> <span class='ocrx_word' id='word_1_369' title='bbox 216 2681 254 2719; x_wconf 65' lang='lat' dir='ltr'><strong>V,</strong></span> <span class='ocrx_word' id='word_1_370' title='bbox 279 2684 307 2712; x_wconf 75' lang='lat'><strong>1,</strong></span> 
     </span>
    </p>

    <p class='ocr_par' dir='ltr' id='par_1_12' title="bbox 105 2730 334 2769">
     <span class='ocr_line' id='line_1_43' title="bbox 105 2730 334 2769; baseline 0.013 -11"><span class='ocrx_word' id='word_1_371' title='bbox 105 2730 151 2769; x_wconf 46' lang='grc' dir='ltr'><strong>ᾧ)</strong></span> <span class='ocrx_word' id='word_1_372' title='bbox 173 2733 210 2759; x_wconf 87' lang='lat'><strong>11.</strong></span> <span class='ocrx_word' id='word_1_373' title='bbox 233 2731 262 2767; x_wconf 83' lang='lat'><strong>2,</strong></span> <span class='ocrx_word' id='word_1_374' title='bbox 283 2732 334 2761; x_wconf 85' lang='grc'><strong>38.</strong></span> 
     </span>
    </p>

    <p class='ocr_par' dir='ltr' id='par_1_13' title="bbox 100 2777 682 2865">
     <span class='ocr_line' id='line_1_44' title="bbox 100 2777 658 2817; baseline 0.007 -10"><span class='ocrx_word' id='word_1_375' title='bbox 100 2777 176 2817; x_wconf 62' lang='grc' dir='ltr'><strong><em>-ὶ--Η</em></strong></span> <span class='ocrx_word' id='word_1_376' title='bbox 197 2779 267 2808; x_wconf 80' lang='lat' dir='ltr'><strong>vid.</strong></span> <span class='ocrx_word' id='word_1_377' title='bbox 288 2787 386 2816; x_wconf 80' lang='lat' dir='ltr'><strong>supra</strong></span> <span class='ocrx_word' id='word_1_378' title='bbox 405 2780 459 2809; x_wconf 87' lang='lat' dir='ltr'><strong>lib.</strong></span> <span class='ocrx_word' id='word_1_379' title='bbox 481 2781 516 2810; x_wconf 90' lang='lat' dir='ltr'><strong>V.</strong></span> <span class='ocrx_word' id='word_1_380' title='bbox 539 2788 608 2816; x_wconf 84' lang='lat' dir='ltr'><strong>cap.</strong></span> <span class='ocrx_word' id='word_1_381' title='bbox 628 2782 658 2811; x_wconf 80' lang='lat'><strong>6.</strong></span> 
     </span>
     <span class='ocr_line' id='line_1_45' title="bbox 103 2825 682 2865; baseline 0.005 -10"><span class='ocrx_word' id='word_1_382' title='bbox 103 2825 205 2865; x_wconf 73' lang='lat'><strong>†††)</strong></span> <span class='ocrx_word' id='word_1_383' title='bbox 224 2827 329 2857; x_wconf 81' lang='lat' dir='ltr'><strong>Etiam</strong></span> <span class='ocrx_word' id='word_1_384' title='bbox 349 2829 530 2859; x_wconf 85' lang='lat' dir='ltr'><strong>Lambinus.</strong></span> <span class='ocrx_word' id='word_1_385' title='bbox 570 2832 682 2858; x_wconf 67' lang='lat' dir='ltr'><strong>Ffflsi.</strong></span> 
     </span>
    </p>
   </div>
   <div class='ocr_carea' id='block_1_12' title="bbox 89 2865 1204 2920">
    <p class='ocr_par' dir='ltr' id='par_1_14' title="bbox 89 2865 1204 2920">
     <span class='ocr_line' id='line_1_46' title="bbox 89 2865 1204 2920; baseline 0.004 -11"><span class='ocrx_word' id='word_1_386' title='bbox 89 2881 218 2910; x_wconf 72' lang='lat' dir='ltr'><strong>Meum.</strong></span> <span class='ocrx_word' id='word_1_387' title='bbox 240 2881 313 2911; x_wconf 67' lang='lat' dir='ltr'><strong>Oi‘r.</strong></span> <span class='ocrx_word' id='word_1_388' title='bbox 335 2882 413 2913; x_wconf 67' lang='lat' dir='ltr'><strong>Yon.</strong></span> <span class='ocrx_word' id='word_1_389' title='bbox 434 2884 487 2912; x_wconf 88' lang='lat'><strong>111.</strong></span> <span class='ocrx_word' id='word_1_390' title='bbox 510 2883 657 2920; x_wconf 73' lang='lat' dir='ltr'><strong>(Rmffix.</strong></span> <span class='ocrx_word' id='word_1_391' title='bbox 672 2883 727 2912; x_wconf 81' lang='lat' dir='ltr'><strong>En.</strong></span> <span class='ocrx_word' id='word_1_392' title='bbox 743 2882 826 2913; x_wconf 82' lang='grc' dir='ltr'><strong>ΤοΜ.</strong></span> <span class='ocrx_word' id='word_1_393' title='bbox 839 2881 900 2918; x_wconf 88' lang='lat'><strong>11.)</strong></span> <span class='ocrx_word' id='word_1_394' title='bbox 1151 2865 1204 2908; x_wconf 81' lang='lat'><strong>21</strong></span> 
     </span>
    </p>
   </div>
  </div>
 </body>
</html>
