1726 3106
579 120 681 161 LIB.
714 121 767 161 Π.
827 119 946 159 CAP.
983 120 1037 161 V.
1477 124 1532 165 33

607 255 894 297 CAPUT
949 256 1001 296 V.

90 337 148 374 De
179 335 406 374 Callisthene
435 340 475 373 et
497 335 669 375 Philisto.
724 336 846 373 Locus
876 335 1066 373 Ciceronis
1094 336 1308 374 emendatus
1336 343 1375 374 et
1401 316 1527 376 decla-

127 397 246 430 ratus.
299 392 490 441 Capz'tales
518 391 705 428 interdum
734 402 758 427 a
785 389 970 427 veteribus
999 392 1214 440 ingemosos
1242 393 1364 430 de‘ctos
1392 406 1486 431 esse.

86 469 168 525 M·
187 490 334 528 TULLH
354 488 465 527 verba
489 488 582 526 haec
602 497 684 526 sunt
703 488 738 526 in
757 487 930 539 Epistola
953 487 1107 540 quadam
1128 488 1174 528 ad
1194 489 1242 537 Q.
1268 491 1439 529 Fratrem
1453 489 1524 544 Ὃς

85 548 219 596 Itaque
255 546 306 582 ad
335 545 596 583 Callisthenem
637 551 675 582 et
698 545 892 582 Philistum
923 545 1061 582 redeo.-
1104 547 1142 583 in
1173 545 1306 595 quibus
1344 554 1379 584 te
1420 548 1526 585 video

85 602 307 639 volutatum.
379 600 625 637 Calle‘stltem's
662 599 805 649 quidem
852 600 1010 648 vulgare
1058 607 1097 638 et
1128 608 1254 637 notum
1304 603 1493 651 negotium
1511 617 1523 640 .-

86 655 389 706 quemadmodum
422 656 562 692 Graeci
586 656 731 704 aliquot
765 655 883 691 locuti
906 661 1018 692 sunt.-
1058 657 1207 693 Siculus
1237 656 1301 693 ille
1330 658 1521 706 capitalis,

85 711 243 756 creber,
288 716 446 754 acutus,
493 709 637 754 brevis,
681 721 805 759 paene
835 710 996 759 pusz'llus
1034 711 1282 759 Thucydides.
1346 710 1423 748 Sed
1467 718 1525 748 est

84 764 181 815 apud
212 777 269 802 me
298 764 392 801 liber
424 771 555 809 vetus,
599 764 634 801 in
665 776 735 814 quo
763 764 855 802 haec
885 765 935 801 ita
966 765 1103 815 scripta
1132 763 1402 802 animadverti:
1444 769 1523 805 Ita-

84 833 155 870 quc
184 821 236 857 ad
265 820 527 858 Callisthenem
557 825 594 857 ct
623 819 814 857 Philistum
849 820 976 856 video.-
1022 821 1058 857 in
1090 820 1222 871 quibus
1260 827 1295 858 te
1325 822 1431 858 vz‘tleo
1461 835 1524 858 vo-

83 876 256 914 lutatum.
323 873 430 912 Unde
472 874 667 924 suspicor,
718 874 870 924 primum
913 873 1057 923 quidem
1100 887 1230 912 errore
1278 874 1420 912 librarii
1466 875 1522 913 bis

80 931 239 980 positum
270 942 353 967 esse
385 929 536 966 verbum
567 930 694 974 video,
738 928 834 979 quod
865 929 980 966 semel
1013 937 1151 967 tantum
1189 930 1275 979 poni
1302 937 1517 980 oporteret:

82 984 216 1022 deinde
245 985 427 1034 aliquem,
459 985 517 1035 qui
549 984 742 1033 corrigere
772 984 908 1028 vellet,
942 997 988 1021 ex
1015 986 1118 1022 video
1149 985 1209 1021 illo
1236 985 1350 1035 priori
1382 986 1521 1023 fecisse

81 1041 207 1078 redeo.
253 1039 351 1076 Satis
376 1046 496 1076 autem
521 1045 603 1075 erat
619 1037 761 1075 delere.
812 1037 976 1076 Videtur
994 1040 1090 1076 enim
1111 1038 1247 1076 Cicero
1270 1039 1521 1089 ἐλλειπτικῶς,

81 1101 121 1131 ut
152 1106 262 1144 saepe
297 1094 413 1138 alias,
452 1094 619 1138 locutus,
661 1092 731 1130 hoc
763 1092 893 1129 modo:
936 1096 1069 1144 Itaque
1107 1096 1159 1132 ad
1190 1096 1449 1133 Callisthenem
1483 1102 1524 1135 ec

79 1150 273 1188 Philistum
284 1164 301 1194 ‚-
331 1150 368 1186 2⁰72
396 1148 529 1198 quibus
559 1155 594 1185 te
624 1148 727 1185 video
755 1150 981 1193 volutatum,
1014 1161 1059 1185 eo
1089 1149 1229 1198 magis,
1263 1149 1358 1200 quod
1388 1151 1424 1187 in
1453 1151 1517 1197 iis,

79 1217 172 1255 quae
199 1210 507 1248 antecesserunt,
548 1202 594 1239 de
624 1201 765 1240 duobus
802 1202 874 1239 illis
904 1203 1096 1240 historicis
1127 1204 1225 1241 nulla
1260 1205 1399 1241 mentio
1433 1212 1514 1242 est:

79 1267 118 1297 ut
147 1258 193 1296 ad
229 1272 294 1296 eos
324 1258 447 1296 redire
486 1257 645 1295 dicatur.
706 1257 882 1308 Sequitur
918 1258 953 1295 in
994 1258 1124 1296 eodem
1162 1259 1227 1295 illo
1260 1259 1379 1296 libro:
1429 1262 1518 1298 Cal-

79 1316 255 1353 listhenes
275 1315 418 1365 quidem
437 1315 595 1362 vulgare
614 1319 652 1349 et
668 1319 794 1350 notum
813 1315 1001 1362 negotium
1016 1330 1027 1351 .·
1048 1315 1351 1364 quemadmodum
1373 1315 1522 1353 Graeci

77 1372 243 1420 aliquot.-
285 1370 437 1407 Sc'culus
471 1370 535 1406 ille
566 1369 766 1417 capitalis,
810 1367 965 1415 creber,
1007 1377 1168 1415 acutus,
1211 1369 1355 1415 brevis,
1393 1383 1516 1420 paene

70 1426 235 1476 pusillus
259 1425 504 1473 Thucydides.
563 1423 682 1469 Quam
713 1423 931 1473 scripturam
960 1436 1084 1461 veram
1110 1432 1148 1462 et
1175 1423 1408 1462 emendatam
1430 1438 1515 1463 esse

76 1479 213 1517 iudico.
273 1480 394 1529 Ipsum
435 1478 532 1516 enim
564 1477 830 1516 Callisthenem
868 1476 958 1515 dicit
995 1491 1080 1516 esse
1120 1482 1280 1528 vulo-are
1320 1487 1357 1517 et
1387 1487 1515 1518 notum

74 1536 282 1585 negotzum,
308 1533 342 1571 id
362 1541 430 1578 est,
454 1529 787 1585 εὐκαταφρόνητον
804 1535 971 1585 πρᾶγμα,
993 1533 1057 1573 καὶ
1082 1531 1128 1573 οὐ
1148 1537 1291 1574 πολλοῦ
1310 1531 1514 1584 ἅξιονὶέῗέ).

73 1592 131 1629 Nc
113 1592 348 1640 cootz'umque
380 1589 429 1625 ita
460 1587 794 1632 dixit,utG1aeei
823 1588 1006 1626 interdum
1035 1593 1200 1642 πρᾶγμα
1256 1589 1444 1627 Lucianus
1474 1591 1514 1628 in

72 1646 195 1683 Asino
209 1642 331 1695 *step
365 1642 487 1690 ξένος,
516 1640 849 1694 εὐκαταφρόνητον
874 1646 1039 1696 πρᾶγμα.
1094 1645 1172 1682 Aut
1190 1648 1332 1708 χρῆμα.
1386 1645 1514 1683 Theo-

74 1701 189 1738 ciitus
208 1699 282 1752 †)·
331 1695 455 1748 σοφόν
492 1713 528 1737 τι
556 1695 660 1749 χρημῖ
690 1695 914 1750 ὥνθρωπος.
955 1706 991 1736 et
1020 1700 1156 1737 Cicero
1187 1701 1266 1750 ipse
1295 1700 1381 1737 alibi
1401 1699 1509 1752 †T):

79 1757 234 1795 Teucris
261 1756 350 1817 ²lla'.
392 1755 529 1791 lentum
558 1767 650 1790 sane
677 1756 880 1802 negooum.
944 1756 964 1791 l
969 1756 1111 1804 algare
1146 1762 1268 1792 autem
1299 1762 1336 1792 ct
1366 1762 1508 1802 notum,

71 1810 243 1857 triviale,
274 1817 313 1848 et
340 1809 378 1846 in
408 1822 479 1860 quo
510 1808 599 1845 nihil
628 1807 823 1846 admodum
854 1809 1025 1847 excellat.
1084 1810 1265 1848 Horatius
1280 1808 1419 1863 †††)‚

289 1887 442 1925 Icz'unus
468 1885 682 1924 stomachus
709 1898 801 1924 raro
830 1888 1004 1937 vulgaria
1035 1889 1177 1926 temnit.

71 1963 173 2004 Idem
184 1961 256 2017 ἧι
1530 1967 1572 1996 37

291 2041 355 2080 Em
381 2045 469 2079 noto
483 2039 621 2091 fictum
652 2052 803 2079 carmen
833 2054 984 2092 sequar.

72 2117 182 2167 Quod
211 2118 309 2156 enim
339 2117 391 2155 ibi
420 2124 547 2155 notum
571 2116 674 2164 dicit,
707 2118 815 2169 paulo
842 2125 925 2169 post
954 2124 1063 2156 vocat
1093 2119 1138 2155 de
1163 2117 1281 2156 medio
1308 2124 1505 2168 sumptum.

70 2174 148 2214 lam
186 2174 249 2212 illa
277 2173 418 2221 verba,
463 2174 586 2211 locuti
618 2180 726 2220 sunt,
771 2174 859 2226 quin
887 2174 1017 2212 melius
1056 2173 1203 2220 absint,
1248 2186 1322 2211 non
1362 2172 1504 2212 dubito.

143 2307 656 2393 ἐξ3131ἓεξῖἷεῗὴῃέηέξῗὲξῒεῐοηε
676 2356 832 2391 quomodo
853 2356 896 2385 ita
912 2353 951 2384 sit
967 2354 1068 2383 dictus
1085 2356 1196 2383 contra
1212 2355 1369 2383 muretum
1390 2353 1507 2388 optime

70 2395 265 2424 demonstrat
281 2395 549 2423 westermannus
570 2394 600 2421 in
622 2395 794 2423 comment.
810 2396 832 2422 1.
854 2395 893 2421 ue
914 2393 1122 2429 Callisthene,
1147 2393 1292 2428 Olympio
1312 2396 1343 2422 et
1363 2392 1507 2422 Pseudo-

69 2433 216 2492 Callisth.
237 2432 289 2467 qui
310 2433 421 2461 dicitur
440 2439 511 2467 pag.
532 2432 572 2460 25
591 2439 638 2466 sq.
666 2431 796 2466 Lipsiae
818 2432 908 2460 1538.

159 2480 236 2515 ι’Ξῖίῆῦ
256 2482 344 2510 Tom.
365 2482 403 2509 11.
424 2487 495 2515 pag.
516 2480 588 2508 572.
609 2479 713 2509 Reitz.
753 2479 800 2509 Cf.
821 2479 903 2507 infra
922 2478 975 2507 lib.
996 2479 1092 2506 XVII.
1113 2484 1182 2512 cap.
1203 2479 1234 2507 8.

146 2493 192 2570 ·l-]
211 2535 302 2570 ldyll.
319 2536 385 2565 XV.
407 2543 438 2564 v.
453 2537 503 2564 88.
540 2535 616 2569 leg.
639 2525 850 2572 ὥνθρωπος.
882 2534 1040 2566 Exempla
1059 2532 1139 2560 satis
1159 2534 1258 2561 multa
1279 2531 1507 2566 congesserunt

70 2572 259 2601 Valckenar
279 2573 318 2601 ad
340 2574 407 2602 11.l
428 2575 514 2602 Tom.
535 2575 572 2601 11.
595 2579 664 2607 pag
684 2560 1320 2604 219.ed.11einuorf.11111m.a‹1x1ger
1342 2576 1413 2603 pag.
1436 2568 1506 2596 157.

71 2609 229 2638 schaeser.
258 2611 298 2638 ad
320 2612 411 2645 Greg.
433 2611 570 2640 Corinth.
601 2618 672 2644 pag.
692 2612 755 2639 :325
775 2618 822 2644 sq
861 2609 1062 2636 stannatum
1075 2609 1115 2635 ad
1136 2608 1218 2636 PIat.
1250 2609 1314 2636 lon.
1343 2613 1414 2640 pag.
1434 2605 1505 2634 307.

70 2647 224 2675 Similiter
249 2647 431 2676 Latinorum
457 2656 508 2676 res
536 2649 574 2676 de
602 2648 796 2676 homiuibus·
834 2648 955 2674 Seneca
982 2645 1081 2679 Epist.
1107 2645 1157 2673 95.
1186 2646 1296 2679 homo,
1324 2650 1417 2673 sacra
1443 2649 1506 2672 ree.

70 2684 161 2714 Ovid.
181 2687 258 2719 Epp.
281 2685 318 2712 de
338 2686 428 2714 Pont.
448 2687 501 2714 lib.
521 2688 559 2714 11.
582 2693 612 2714 v.
632 2686 682 2714 37.
703 2693 755 2714 res
775 2685 880 2712 ttnzida
899 2685 946 2712 est
965 2683 1062 2710 onmis
1082 2684 1184 2711 miser.

142 2731 215 2770 ἢ)
236 2732 339 2767 Epist.
358 2734 397 2762 ad
419 2734 487 2762 Att.
508 2733 562 2763 lib.
581 2735 605 2762 Ι.
625 2740 675 2769 ep.
696 2735 745 2763 12.
766 2732 834 2763 init.
873 2730 920 2761 Cf.
941 2729 1023 2759 infra
1042 2729 1097 2759 lib.
1118 2730 1171 2759 ln.
1192 2736 1262 2766 cap.
1281 2729 1332 2760 15.

141 2779 242 2818 ἢῆ)
263 2780 357 2809 satir.
378 2782 416 2810 11.
437 2783 467 2820 2,
488 2783 539 2810 38.

142 2829 185 2864 *J
207 2830 244 2858 de
264 2830 334 2858 Art.
355 2830 391 2858 P.
412 2837 443 2858 v.
465 2830 538 2859 240.

124 2883 252 2911 Meam.
275 2883 347 2911 Orr.
368 2882 447 2912 νοτ..
468 2884 522 2911 111.
544 2882 692 2919 (Reum.
706 2882 763 2911 En.
778 2881 861 2909 ΤοΜ.
876 2878 935 2915 11.)
1201 2861 1230 2903 3
