1778 3096
129 263 194 293 5¹5

213 144 296 189 433
507 143 807 188 OBSERVAT.
835 146 977 193 IURIS
1007 147 1112 189 Ltss.
1146 148 1363 192 StNGUL.·

711 255 996 296 CAPUT
1050 257 1156 297 X11.

302 328 489 379 Quomodo
520 329 681 380 legenda
708 329 885 367 videatur
912 330 997 366 Lex
1027 333 1092 368 15.
1124 331 1173 368 D.
1206 331 1253 369 de
1275 331 1581 383 probationibus,

556 382 559 385 ’
716 385 918 436 eademque
948 385 1157 424 illustrata.

218 450 399 508 SEMPER
419 478 628 522 suspectam
649 470 761 509 habui
783 471 1002 522 scripturam
1026 474 1120 522 legis
1134 478 1196 511 15.
1213 475 1260 512 D.
1281 474 1327 512 de
1342 473 1654 529 prohatz·0n2·b.*)

219 539 370 577 semper
399 529 451 564 ita
481 526 677 577 legendum
706 527 940 572 existimavi,
982 535 1022 564 ut
1051 529 1265 565 subiiciam:
1306 530 1414 580 idque
1444 545 1489 569 eo
1518 532 1653 582 magiS‚

218 581 315 632 quod
355 582 433 632 ipsa
466 595 610 633 quoque
640 589 767 620 cetera
798 583 1025 632 exemplaria
1056 584 1203 621 variare
1233 585 1490 625 animadverti.
1549 587 1657 636 Lego

218 638 332 687 igitur
361 650 441 674 eam
464 638 534 675 boc
564 637 697 675 modo:
733 639 827 676 Cum
851 638 896 674 de
922 645 1026 675 statu
1050 640 1208 676 hominis
1227 649 1492 692 quaereretur,
1516 644 1658 680 Caesar

219 700 350 730 noster
382 694 421 730 ἴῃ
449 694 544 730 leaeo
572 693 686 731 verba
715 694 935 743 rescripsit.-
966 695 1019 731 Et
1045 695 1177 732 (lurum
1210 702 1249 732 et
1276 697 1440 747 utiquam
1469 704 1539 742 est,
1574 710 1659 735 cum

219 749 266 785 de
293 755 396 785 statu
425 750 586 786 alicuius
614 749 825 799 quaeritur,
854 755 894 786 et
918 749 1088 786 diversae
1113 748 1366 800 professiones
1387 751 1657 803 proferuntur,

221 816 267 841 ea
298 804 532 854 potissimum
567 811 673 842 stare
705 815 801 854 quae
835 810 965 849 nocet,
1006 805 1074 842 sed
1110 818 1246 843 caussa
1276 808 1427 856 cognita
1463 809 1660 845 veritatem

222 861 357 897 excuti
390 866 561 909 oportet,
600 865 640 897 et
671 872 720 896 ea·
750 872 792 896 eo
827 861 1060 909 potissimum
1090 873 1188 898 anno
1230 863 1464 912 computari,
1508 875 1558 900 ex
1587 875 1660 912 quo

214 916 461 965 praeeipuam
485 915 607 964 fldem
645 915 682 952 in
717 926 762 952 ea
798 927 841 952 re
880 922 1054 952 constare
1092 916 1310 954 credibilius
1347 918 1509 956 videtur.
1568 917 1663 955 Tria

221 976 309 1007 sunt
341 969 414 1015 liic,
447 971 485 1007 in
514 970 647 1021 quibus
678 983 699 1006 a
726 969 956 1021 pervulgatis
987 971 1090 1008 libris
1122 970 1290 1010 discedo.
1349 971 1532 1017 Primum,
1562 971 1662 1023 quod

220 1024 305 1075 lego
335 1039 416 1063 cum
443 1027 489 1063 de
513 1032 631 1071 statu,
662 1025 724 1063 ubi
755 1025 862 1075 vulgo
891 1039 973 1063 eum
1002 1027 1047 1063 de
1077 1034 1216 1066 aetate.
1274 1026 1461 1074 Alterum,
1495 1028 1592 1079 quod
1620 1028 1661 1066 in

221 1081 407 1131 rescripto
437 1080 624 1132 Principis
662 1080 745 1131 lego
783 1083 1003 1131 quaeritur,
1045 1095 1117 1119 non
1152 1090 1416 1133 quaereretur.
1477 1082 1554 1121 Sed
1588 1082 1660 1121 hoe

222 1136 369 1187 quidem
402 1137 483 1189 ipsa
513 1137 691 1174 orationis
721 1133 938 1176 ἀκολουθία
966 1138 1096 1188 exigit.
1145 1137 1327 1186 Tertium,
1352 1137 1446 1188 quod
1476 1137 1521 1176 ad
1551 1137 1663 1176 linem
1701 1147 1704 1151 '

221 1192 307 1242 lego
328 1205 441 1238 anno,
466 1206 555 1238 non,
586 1199 626 1229 ut
648 1192 775 1243 vulgo,
803 1206 942 1230 annos.-
974 1200 1014 1230 ut
1040 1195 1254 1244 computari
1277 1194 1496 1244 simpliciter
1524 1191 1664 1231 dictum

223 1248 272 1287 sit
308 1261 375 1298 pro
414 1261 481 1294 eo,
523 1247 618 1299 quod
656 1255 713 1285 est
749 1249 932 1285 rationem
963 1249 1066 1286 iniri.
1130 1249 1362 1287 Sententiam
1405 1256 1526 1286 autem
1566 1248 1662 1287 hanc

224 1315 309 1341 esse
340 1303 515 1341 arbitror.
564 1302 790 1341 Movebatur
814 1303 925 1340 alicui
950 1305 1117 1353 quaestio
1147 1311 1280 1350 status,
1313 1303 1350 1341 id
1376 1311 1447 1350 est,
1481 1304 1663 1342 libertatis

223 1365 287 1396 aut
315 1359 498 1404 civitatis,
537 1372 608 1409 quo
640 1359 675 1396 in
712 1371 854 1409 genere
894 1360 1124 1408 quaestionis
1162 1359 1245 1396 libri
1277 1360 1471 1397 censuales
1510 1366 1546 1398 et
1576 1372 1665 1410 pro-

223 1414 410 1452 fessiones
433 1415 626 1451 mavimam
651 1414 905 1451 auctoritatem
927 1414 1165 1452 obtinebant:
1198 1415 1375 1452 maiorem
1404 1416 1530 1460 etiam,
1555 1428 1664 1465 quam

224 1475 357 1515 testes,
390 1471 415 1508 l.
447 1483 577 1507 census
590 1467 682 1521 Μ).
714 1471 763 1507 D.
797 1470 867 1506 lzoe
892 1470 952 1507 tit.
1005 1469 1047 1506 In
1079 1469 1149 1506 hoc
1179 1469 1296 1518 igitur
1324 1468 1462 1507 iudicio
1492 1470 1665 1520 profere-

223 1524 360 1563 bantur
403 1523 574 1562 diversae
611 1524 879 1573 professiones.
947 1522 1068 1561 Actor
1110 1523 1286 1574 quasdam
1326 1525 1569 1574 proferebat,
1616 1538 1666 1565 ex

223 1580 356 1631 quibus
385 1587 559 1618 constare
588 1579 781 1617 videbatur
811 1591 913 1616 reum
944 1580 1151 1629 professum
1184 1593 1257 1617 non
1288 1592 1397 1617 esse:
1437 1593 1524 1618 reus
1552 1580 1664 1626 alias,

223 1637 261 1673 in
290 1636 420 1686 quibus
450 1636 628 1686 scriptum
659 1641 763 1680 erat,
796 1647 879 1672 eum
909 1635 1118 1684 professum
1149 1647 1248 1673 esse.
1308 1633 1424 1672 Certe
1452 1642 1573 1673 autem
1603 1637 1667 1686 qui

223 1691 453 1742 negligentia
487 1698 549 1728 aut
587 1689 670 1728 dolo
702 1690 796 1727 malo
826 1690 987 1740 professi
1018 1703 1089 1726 non
1119 1696 1272 1735 essent,
1314 1689 1342 1726 ii
1373 1689 1444 1727 sibi
1474 1698 1538 1728 aut
1575 1692 1667 1729 civi-

222 1753 336 1784 tatem
367 1753 429 1784 aut
459 1746 668 1788 libertatem
696 1744 931 1784 abiudicasse
959 1744 1195 1782 videbantur.
1243 1744 1296 1783 Ut
1327 1746 1442 1792 enim,
1473 1747 1505 1783 si
1535 1759 1667 1784 servus

221 1803 369 1840 volente
408 1801 557 1840 domino
596 1814 732 1839 census
769 1807 895 1846 esset,
939 1800 1008 1838 boc
1039 1801 1120 1851 ipso
1160 1800 1271 1838 fiebat
1301 1800 1420 1838 liber:
1464 1802 1515 1838 ita
1552 1801 1664 1848 liber,

224 1858 285 1908 qui
317 1857 401 1895 dolo
426 1858 521 1894 malo
551 1857 718 1908 profiteri
751 1869 794 1894 ac
824 1857 973 1893 censeri
1004 1856 1200 1901 noluisset,
1229 1856 1401 1896 libertate
1427 1856 1664 1896 multabatur.

223 1913 353 1964 ltaque
395 1913 542 1951 incensi
578 1913 663 1950 olim
702 1912 848 1962 publice
887 1910 995 1950 vendi
1034 1911 1214 1949 solebant.
1282 1910 1363 1950 Res
1397 1919 1485 1949 nota
1523 1919 1582 1950 est
1618 1925 1669 1951 ex

226 1967 415 2006 Cicerone
445 1981 513 2020 pro
534 1966 701 2005 Caecina
715 1965 843 2019 ***),
874 1968 911 2004 in
941 1967 1093 2017 Topicis
1110 1966 1186 2019 †),
1219 1979 1285 2016 pro
1315 1965 1459 2004 Archia
1473 1966 1570 2020 ††).
1624 1967 1668 2006 In

225 2024 296 2062 hoc
334 2024 471 2074 igitur,
512 2022 557 2061 (le
597 2036 671 2074 quo
709 2021 837 2063 dicere
875 2034 1095 2073 coeperam,
1138 2021 1273 2059 iudicio
1309 2021 1517 2068 dubitatur,
1559 2022 1666 2060 Utris

225 2080 348 2131 potius
387 2079 521 2117 tabulis
560 2077 729 2116 standum
771 2077 903 2115 esset?
967 2077 1018 2114 Et
1056 2076 1173 2114 videri
1202 2084 1348 2127 poterat
1386 2078 1441 2114 eis
1478 2077 1666 2124 standum,

227 2148 321 2185 quae
350 2147 416 2172 reo
446 2141 650 2172 nocerent:
691 2145 738 2171 ne
769 2139 1089 2171 monumentorum
1125 2132 1355 2183 publicorum
1387 2133 1669 2171 subverteretur

227 2191 444 2228 auctoritas.
494 2189 590 2227 Nam
622 2189 731 2225 etiam
761 2189 792 2225 si
823 2187 919 2239 apud
947 2188 1089 2238 aliquos
1119 2200 1300 2224 censores
1325 2188 1516 2238 professus
1547 2195 1666 2234 esset,

142 2254 206 2284 516
229 2246 320 2283 nihil
358 2246 430 2284 boc
465 2246 500 2283 ei
536 2243 736 2295 proderat,
783 2243 815 2282 si
849 2241 947 2294 apud
982 2244 1077 2280 alios
1117 2241 1213 2280 idem
1254 2243 1378 2280 facere
1417 2243 1666 2292 neglexisset.

228 2300 450 2351 Respondet
481 2308 604 2337 tamen
628 2299 850 2350 Imperator,
872 2299 981 2335 nimis
1012 2299 1082 2335 hoe
1113 2297 1243 2335 durum
1266 2304 1304 2335 et
1329 2298 1491 2348 iniquum
1521 2298 1668 2336 videri:

229 2358 423 2394 veritatem
469 2356 583 2406 igitur
623 2354 824 2403 diligenter
860 2352 1143 2391 excutiendam.-
1197 2360 1235 2390 et
1270 2366 1317 2390 ex
1356 2365 1400 2390 eo
1437 2354 1669 2404 potissimum

227 2425 325 2450 anno
355 2409 662 2461 computandum,
694 2423 740 2446 ex
769 2421 840 2459 quo
870 2407 1086 2447 credibilius
1118 2408 1217 2445 foret
1242 2409 1434 2446 veritatem
1464 2409 1670 2446 tabularum

227 2468 454 2518 publicarum
495 2467 744 2515 incorruptam
786 2477 953 2501 manere.
1013 2463 1147 2501 Multis
1188 2463 1285 2501 enim
1327 2463 1442 2500 modis
1483 2463 1670 2501 interdum

227 2522 583 2573 corrumpebantur:
615 2528 655 2557 ut
680 2520 918 2571 improbitate
948 2526 1011 2557 aut
1039 2519 1271 2569 negligentia
1300 2519 1360 2556 vel
1389 2519 1670 2569 magistratuum

227 2578 288 2622 vel
320 2578 635 2622 ministeriorum,
674 2582 715 2622 ut
747 2576 785 2613 in
816 2575 924 2619 bellis
958 2580 1022 2613 aut
1059 2573 1331 2622 seditionibus,
1371 2587 1454 2613 eum
1483 2574 1669 2618 interdum

302 2684 347 2719 ze)
366 2686 461 2713 xxn.
482 2684 513 2713 3.

302 2732 372 2767 ἐπὶ)
392 2733 428 2761 L.
451 2732 500 2762 1⁰.

302 2781 398 2816 §tt-{³³2³}
418 2786 486 2815 cap.
505 2780 558 2810 34.

302 2828 347 2866 †]
368 2836 437 2864 cap.
457 2830 485 2857 2.
507 2829 540 2864 9.
561 2829 611 2859 16.

303 2876 375 2915 ††]
397 2885 465 2913 cap.
485 2877 505 2906 4
525 2885 575 2915 θα.
