1778 3096
708 183 827 224 CAP.
857 183 912 224 V.
1448 183 1529 226 481

97 297 302 339 cinnandos
333 295 594 336 mandaverat:
628 302 667 333 et
687 296 925 346 reperiuntur
952 301 1090 341 tamen,
1114 294 1175 345 qui
1199 307 1265 333 eos
1290 295 1533 345 pertinaciter

97 354 320 399 defendant,
351 353 527 403 quasique
558 364 631 388 non
659 351 730 401 ipsi
763 349 870 387 modo
900 351 1004 387 caeci
1034 350 1127 395 sint,
1168 349 1233 387 sed
1264 358 1302 388 et
1329 351 1411 387 aliis
1441 364 1532 400 quo-

96 422 167 460 que
191 420 324 447 eruere
349 408 474 446 oeulos
495 407 621 451 velint,
647 404 889 449 contendunt,
911 405 1002 441 nihil
1026 405 1062 441 in
1086 405 1140 442 eis
1169 405 1274 442 libris
1300 418 1529 455 repugnans,

96 464 188 503 nihil
227 464 365 501 frustra
406 462 602 512 repetitum
640 472 750 510 posse
791 460 964 509 reperiri.
1035 459 1112 496 Sed
1151 461 1342 511 utriusque
1377 460 1531 510 generis

96 526 169 556 tam
201 518 313 556 multa
343 524 467 554 notatu
497 522 582 553 sunt
613 515 657 552 ab
689 514 896 551 hominibus
926 512 1209 560 eruditissimis,
1251 523 1291 552 ut
1321 529 1392 552 non
1424 515 1533 552 modo

96 574 214 618 stulti,
239 586 365 610 verum
391 573 498 610 etiam
525 569 746 620 impudentis
775 570 845 606 iam
869 569 931 613 sit,
958 569 1112 605 ulterius
1142 569 1176 606 in
1204 570 1264 607 illa
1294 571 1364 607 iam
1390 569 1534 620 pridem

96 628 319 666 labefactata
350 634 388 665 et
426 627 619 677 profligata
655 625 833 674 opinione
867 623 963 662 velle
992 624 1211 674 persistere.
1273 624 1332 662 Ac
1362 626 1534 675 quoniam

95 696 142 721 eo
173 684 388 733 plerumque
418 683 633 724 decurrunt,
657 692 738 716 cum
768 678 864 716 idem
895 678 975 716 sine
1004 691 1136 715 caussa
1161 680 1307 729 saepius
1332 680 1534 718 indicatum

97 739 329 782 ostenditur,
370 745 408 774 ut
437 735 583 779 dicant,
626 748 734 772 unam
763 732 991 783 eandemque
1021 735 1241 771 sententiam
1272 735 1455 773 interdum
1487 735 1535 773 ad

97 792 267 831 diversos
311 793 402 829 iuris
439 790 616 828 articulos
663 788 879 840 pertinere,
928 787 1085 837 ideoque
1125 791 1340 827 necessario
1387 792 1536 841 saepius

97 846 335 898 repetendam
367 847 510 883 fuisse:
555 844 646 882 libet
682 857 792 881 unum
831 843 887 881 eis
926 842 1117 888 obiicere,
1160 845 1196 880 in
1228 858 1298 894 quo
1329 853 1432 883 certe
1465 846 1536 883 hoe

97 903 270 953 perfugio
309 901 360 939 uti
395 914 469 938 non
509 906 658 950 queant.
727 897 826 936 Nam
868 898 901 935 si
940 897 1007 934 sub
1050 897 1182 935 eodem
1223 900 1328 936 titulo
1370 900 1538 938 eiusdem

97 957 357 996 Iurisconsulti
388 954 518 993 eadem
547 954 662 992 verba
689 966 737 991 ex
766 951 896 990 eodem
926 952 1021 990 libro
1050 961 1194 1002 sumpta
1220 955 1278 991 bis
1307 956 1425 1004 posita
1454 969 1539 993 csse

98 1011 302 1058 ostendaS,
345 1010 452 1049 valde
482 1009 609 1047 duram
641 1010 800 1045 frontem
834 1007 970 1045 habeat
997 1015 1167 1058 oportet,
1209 1010 1241 1046 si
1271 1011 1352 1060 quis
1382 1010 1417 1047 id
1450 1025 1540 1060 quo-

99 1080 171 1119 que
200 1074 305 1105 certo
335 1073 372 1103 et
402 1079 491 1104 vero
521 1063 676 1109 iudicio,
701 1077 774 1101 non
805 1064 935 1113 supina
964 1062 1118 1114 quadam
1147 1066 1375 1115 negligentia
1403 1066 1541 1103 factum

98 1135 185 1160 esse
214 1120 429 1159 contendat.
489 1119 566 1157 Sub
596 1119 701 1156 titulo
730 1119 844 1169 igitur
874 1119 920 1155 de
950 1131 994 1155 re
1022 1119 1191 1157 iudicata
1209 1118 1254 1170 ᾖ)
1287 1121 1380 1169 legis
1411 1129 1541 1159 sextae

95 1178 316 1229 principium
347 1176 416 1213 hoc
438 1183 522 1213 est:
563 1176 740 1225 Ulpianus
768 1173 863 1211 libro
891 1176 1126 1223 seoeagese'mo
1154 1183 1262 1213 sexto
1283 1177 1335 1213 ad
1357 1178 1539 1214 ediciam.-

97 1234 210 1271 Miles
246 1233 314 1282 qni
348 1232 416 1269 sub
457 1237 605 1268 armata
641 1230 776 1266 militia
819 1229 1005 1278 sapaudia
1049 1232 1210 1276 meruit,
1260 1232 1539 1275 condemnatas,

97 1295 268 1331 eatenus,
298 1299 371 1335 qua
389 1286 530 1335 facere
551 1291 698 1335 polest,
730 1284 880 1333 cogitur
908 1285 1065 1335 solvere.
1116 1284 1197 1322 Lex
1228 1293 1350 1323 autem
1374 1290 1439 1325 18.
1472 1287 1541 1323 sub

98 1341 229 1379 eodem
264 1341 367 1377 titulo
397 1341 490 1378 haec
519 1347 600 1385 est,
637 1340 816 1388 Ulpianus
842 1338 937 1376 libro
964 1340 1103 1377 LA'VJ.
1136 1342 1188 1377 ad
1217 1343 1399 1379 edictum:
1429 1344 1542 1381 Miles

99 1399 168 1448 qui
192 1396 260 1434 sub
287 1403 436 1433 armata
463 1396 598 1433 militia
626 1392 812 1444 stipendia
840 1394 999 1440 meruit,
1034 1395 1327 1442 condemnatus,
1369 1404 1539 1443 eatenus,

99 1451 439 1502 quatenussacere
465 1457 615 1500 potest,
652 1450 805 1498 cogitur
832 1450 989 1486 solvere.
1052 1448 1291 1489 Concurrunt
1321 1451 1381 1489 hic
1412 1466 1540 1490 omnes
1568 1462 1630 1492 508

99 1507 317 1543 columnarii
349 1506 516 1555 magistri
545 1513 581 1542 et
612 1505 732 1553 capita
758 1504 856 1541 inter
877 1516 920 1540 se
949 1504 1165 1543 conferant:
1200 1520 1399 1558 nunquam,
1427 1521 1541 1558 quan-

99 1575 206 1612 quam
240 1562 338 1598 aeuti
374 1568 478 1606 sunt,
514 1561 623 1597 ullam
655 1558 825 1597 idoneam
855 1572 1049 1605 caussam,
1082 1574 1149 1598 cur
1181 1562 1272 1599 haec
1304 1569 1375 1599 tam
1405 1564 1541 1612 exiguo

97 1617 299 1654 interiecto
329 1617 448 1666 spatio
476 1614 675 1666 repetenda
699 1615 853 1660 fuerint,
875 1614 1215 1655 comminiscentur.
1265 1616 1408 1654 Eodem
1432 1618 1541 1655 modo

96 1679 289 1723 peecatum
317 1679 375 1709 est
404 1672 439 1707 in
471 1671 496 1708 l.
531 1673 568 1708 εἰ
592 1676 777 1707 constant.
810 1669 834 1720 ἓ
861 1671 901 1706 εἰ
923 1670 994 1707 vir.
1026 1677 1065 1707 et
1091 1672 1127 1708 in
1159 1672 1183 1708 l.
1218 1673 1354 1723 quodsi
1381 1675 1452 1711 vir.
1486 1671 1537 1711 D.

96 1729 167 1765 sol.
200 1728 363 1764 malre'm.
382 1723 454 1774 gW)
490 1725 610 1762 simile
642 1724 812 1775 quiddam
840 1725 1053 1762 meminisse
1081 1726 1213 1764 videor
1242 1735 1403 1765 notatum
1433 1736 1469 1766 et
1494 1730 1540 1766 ab

97 1782 263 1820 Antonio
283 1782 494 1830 Augustino
511 1778 633 1828 aasz),
660 1780 731 1817 etsi
762 1779 798 1816 id
826 1792 923 1817 nunc
947 1781 1115 1831 reperire
1146 1796 1217 1819 non
1242 1795 1407 1833 possum.
1456 1783 1541 1822 Nee

97 1851 172 1875 non
208 1835 296 1873 illud
338 1848 480 1886 quoque
522 1836 644 1884 magni
678 1835 839 1885 stuporis
878 1833 1077 1881 indicium,
1122 1836 1240 1886 quod,
1285 1852 1378 1888 quae
1408 1839 1538 1884 verba,

97 1892 166 1929 sul»
196 1892 250 1930 tit.
275 1893 327 1929 ad
355 1893 429 1940 leg.
463 1893 534 1929 Iul.
569 1893 614 1928 de
633 1891 673 1927 υἱ
691 1889 861 1940 publica,
887 1889 933 1926 ad
963 1891 1072 1928 finem
1102 1893 1127 1930 l.
1156 1893 1222 1942 qm·
1249 1892 1333 1931 dolo
1357 1896 1455 1932 malo
1469 1894 1538 1946 †J‚

97 1948 305 1985 citaverant
342 1959 390 1983 ex
419 1946 578 1995 Ulpiano
618 1945 854 1987 le‘h.,L.t⁷V1.
889 1947 941 1982 ad
970 1947 1155 1992 edictam,
1198 1947 1328 1985 eadem
1369 1958 1541 1999 repetunt

98 2002 166 2039 sub
196 2002 259 2039 illo
289 2002 420 2047 titulo,
453 2002 514 2051 qui
545 2001 710 2050 proxime
744 2001 910 2050 sequitur
925 1999 1034 2052 ††),
1073 2009 1110 2038 et
1140 2002 1306 2040 tribuunt
1333 2004 1538 2042 Scaevolae

99 2057 196 2095 llbro
236 2064 372 2107 quarto
408 2058 644 2105 regularum.
713 2054 834 2095 Video
871 2063 993 2094 tamen
1031 2056 1103 2096 hoc
1138 2059 1328 2109 posterius
1364 2061 1538 2099 excusari

98 2112 220 2164 aliquo
245 2111 353 2150 modo
379 2124 506 2163 posse.

615 2221 903 2262 CAPUT
957 2223 1010 2263 V.

177 2299 280 2340 Unde
310 2302 462 2339 ductum
490 2301 665 2339 videatur
685 2302 830 2394 stillatum
856 2302 959 2395 Z'llud
987 2303 1159 2353 Ulpl'am':
1189 2298 1288 2341 Heri
1313 2313 1456 2349 servus,

713 2370 732 2394 o
761 2358 795 2394 ie
827 2358 858 2395 [ι’
880 2370 937 2396 er.

96 2425 302 2484 FERENDI
331 2460 403 2484 non
433 2453 533 2492 sunt,
559 2447 619 2498 qui
649 2461 729 2485 cum
756 2448 800 2486 ab
833 2455 1002 2498 egestate
1025 2441 1069 2485 ad
1096 2450 1325 2500 pinguiorem
1353 2451 1533 2489 fortunam

97 2510 253 2552 repente
283 2511 548 2552 pervenerunt,
572 2505 619 2540 ita
646 2503 800 2539 delicias
831 2504 985 2548 faciunt,
1015 2517 1058 2541 ac
1086 2506 1114 2541 si
1145 2519 1165 2542 a
1190 2519 1305 2555 puero
1330 2507 1365 2542 in
1392 2510 1534 2557 magnis

98 2557 229 2606 opibus
259 2558 402 2595 educati
433 2559 569 2596 forent.
621 2557 837 2596 Cuiusmodi
866 2558 1000 2597 multos
1030 2573 1104 2598 non
1133 2562 1249 2599 semel
1273 2561 1444 2608 vidimus,
1474 2564 1535 2614 qui

170 2667 214 2702 κε)
234 2667 328 2696 an.
349 2668 378 2697 1.

170 2714 240 2749 ιτ-εῑε)
261 2716 295 2743 L.
317 2715 366 2744 24.
388 2716 418 2751 g,
439 2715 469 2743 4.
490 2714 523 2744 et
542 2716 577 2743 L.
597 2714 647 2745 62.
688 2715 724 2745 1).
746 2717 854 2745 XXIV.
875 2717 905 2745 3.

170 2764 262 2794 εῑε-ῑῑεεῑε)
284 2764 522 2793 Emendationn.
543 2767 574 2793 et
594 2765 731 2800 opinion.
750 2766 804 2795 lib.
820 2767 844 2793 I.
865 2772 935 2800 cap.
956 2764 985 2794 ⁵7.
1005 2763 1038 2794 iu
1057 2766 1181 2799 ottonis
1201 2759 1357 2797 ‘ruesaun
1379 2769 1466 2798 Tem.
1482 2770 1535 2797 lv.

95 2807 167 2836 pag.
191 2801 280 2829 1450.
321 2804 431 2830 FAEsi.

169 2847 214 2886 †]
234 2850 270 2878 L.
293 2851 341 2878 10.
363 2852 395 2885 5.
419 2852 445 2879 ι.
483 2849 522 2878 1).
543 2851 680 2879 XLvm.
701 2852 730 2880 6.

169 2897 243 2936 ff]
263 2899 298 2927 L.
320 2901 348 2928 2.
388 2898 426 2927 n.
447 2898 488 2927 aa
507 2899 569 2933 leg.
590 2901 648 2928 lul.
670 2900 708 2927 ae
728 2900 762 2928 vi
782 2900 919 2935 privata.
940 2901 1079 2931 xnvffl.
1100 2900 1130 2932 7.

145 2953 272 2982 Meam.
294 2952 368 2982 Orr.
392 2942 469 2983 Vei..
489 2954 543 2981 111.
566 2952 714 2987 (numu.
728 2955 785 2982 En.
803 2955 886 2983 Tum.
900 2953 961 2990 ΙΙ.)
1238 2937 1291 2980 31
