1778 3096
505 122 605 161 LIB.
635 123 784 163 xvlll.
843 123 962 165 CAP.
993 125 1104 166 XIV.
1446 127 1530 172 439

90 232 305 270 carissimus
335 239 440 279 erat,
482 230 665 271 Marcello
694 232 858 272 cervino
876 232 944 286 ᾖ),
984 235 1170 275 Pontifice
1202 237 1382 284 maximo,
1422 239 1527 277 cuius

87 288 314 325 sanctissimi
353 294 390 325 et
428 287 671 326 eruditissimi
712 289 780 326 viri
819 289 987 339 longiore
1026 293 1240 342 pontificatu
1277 292 1385 331 Deus
1425 294 1525 332 vitiis

86 343 225 380 nostris
254 342 417 380 offensus
450 342 622 394 indignos
650 356 737 382 esse
767 357 833 381 nos
864 344 1053 383 iudicavit.

568 467 854 506 CAPUT
908 468 1034 510 XIV.
1546 479 1608 510 0¹63

139 545 363 594 Vergilium,
395 547 495 595 qnod
521 559 641 596 neque
667 546 843 590 Homeri,
871 558 991 595 neque
1021 549 1212 586 Cicerom's
1241 551 1461 595 meminerit,

619 602 811 650 ingratum
842 600 975 637 videri.

80 668 180 725 Kal
206 683 291 726 τόδε
327 685 662 739 Φωκυλίδουῆἢὲ),
702 686 735 724 id
768 694 845 733 est,
877 687 1042 725 eiusdem
1075 689 1171 726 illius
1200 689 1352 737 sirleti,
1396 704 1417 728 a
1445 704 1516 741 quo

83 741 230 779 discere
268 749 389 792 potest
418 743 572 793 quisque
614 751 652 780 et
682 750 853 793 quantum
885 744 985 793 cupit
1015 750 1052 781 et
1081 752 1252 795 quantum
1286 747 1400 797 capit.
1460 746 1517 784 Ita

81 810 225 834 sacrum
267 797 356 834 illud
402 810 444 834 os
485 798 637 835 uberem
685 806 863 849 perpetuo
903 811 1026 836 rerum
1078 800 1171 836 scitu
1217 798 1516 850 dignissimarum

80 853 222 902 copiam
263 852 396 889 fundit.
458 852 813 890 Praestantissimus
845 853 1062 891 Latinorum
1102 857 1290 905 poetarum
1330 856 1517 906 Virgilius

77 906 197 944 videri
238 920 310 944 non
342 908 526 944 immerito
565 915 689 959 potest
725 908 878 946 duorum
909 922 1130 946 summorum
1171 911 1332 948 virorum
1372 912 1515 962 gloriae

77 961 274 1008 invidisse,
302 961 499 999 Ciceronis
529 970 565 1000 et
586 964 759 1003 Homeri.
807 963 902 1001 Nam
933 978 1013 1001 cum
1044 971 1121 1002 tres
1149 967 1278 1015 poe'tas
1307 967 1376 1004 sibi
1407 980 1516 1017 prae-

77 1017 185 1068 cipue
214 1019 468 1069 proposuisset
497 1017 542 1055 ad
573 1018 811 1065 imitandum,
844 1019 1087 1057 Theocritum
1117 1021 1154 1056 in
1185 1019 1392 1068 Bucolicis,
1436 1021 1514 1059 He-

75 1071 220 1109 siodum
260 1073 297 1110 in
337 1072 562 1123 Georgicis,
612 1074 816 1112 Homerum
856 1075 892 1111 in
930 1074 1124 1121 Aeneide,
1170 1074 1323 1114 duorum
1367 1076 1513 1128 quidem

73 1128 236 1178 priorum
270 1129 492 1165 mentionem
524 1136 707 1180 utcunque
737 1130 839 1167 fecit.
894 1129 990 1167 Nam
1021 1137 1058 1167 et
1086 1132 1273 1169 Sicelidas
1297 1134 1428 1171 Musas
1458 1133 1513 1169 in—

73 1180 355 1234 vocavit***),
388 1191 423 1220 et
455 1183 516 1220 illo
547 1197 655 1221 versu
687 1192 814 1235 aperte
844 1185 1067 1234 significavit
1095 1185 1337 1224 Theocritum
1353 1185 1428 1239 ·1-)t

157 1238 309 1287 *Prima
340 1251 541 1298 Syracoseb
571 1251 731 1300 dignala
759 1257 818 1288 est
844 1252 974 1288 ludere
1005 1263 1116 1287 versu

178 1305 321 1342 Nostra
348 1317 416 1342 nec
444 1305 595 1342 erubuit
624 1306 739 1342 silvas
766 1305 941 1343 habitare
974 1306 1130 1343 Thalia.-

69 1369 280 1407 Hesiodum
307 1377 428 1408 autem
458 1369 521 1407 illo
552 1369 750 1422 loco-1⁰1⁴),

177 1458 232 1465 —-
261 1438 336 1474 Hos
363 1437 435 1474 tibi
460 1437 554 1474 dant
584 1438 773 1482 calamos,
809 1449 855 1473 en
884 1436 1036 1485 accipe,
1068 1436 1219 1483 Musae,

177 1493 348 1530 Ascraeo
381 1505 472 1541 quos
501 1498 587 1528 ante
614 1493 716 1536 seni,
749 1491 882 1541 quibus
912 1491 976 1527 ille
1007 1490 1153 1528 solebat

182 1547 381 1584 Cantando
407 1547 555 1596 rigidas
584 1547 767 1583 deducere
792 1545 978 1583 montibus
1009 1558 1144 1583 ornos.-

7 1655 13 1661 ,
67 1618 107 1650 et
134 1624 263 1649 rursus
293 1612 354 1649 5110
367 1610 502 1664 †††),

174 1680 462 1728 Ascraeumque
492 1690 585 1714 cano
615 1679 780 1715 Romana
805 1689 877 1727 per
908 1677 1043 1728 oppida
1071 1689 1236 1715 carmen.

67 1747 119 1787 At
147 1748 331 1794 Homeri,
371 1747 430 1785 cui
461 1754 532 1783 tam
561 1747 672 1784 multa
702 1746 883 1791 debebat,
924 1759 1030 1796 quem
1066 1759 1180 1796 prope
1214 1752 1329 1783 totum
1366 1745 1506 1795 compi-

67 1805 178 1850 larat,
204 1804 301 1841 nulla
331 1815 482 1853 usquam
513 1803 663 1839 mentio.
712 1802 812 1849 Quin
841 1802 949 1838 etiam
973 1813 1053 1838 cum
1083 1800 1275 1838 odoratum
1305 1799 1392 1838 illud
1413 1801 1508 1838 lauri

68 1872 199 1898 nemus
227 1858 460 1896 describeret
476 1854 547 1907 ᾗ“),
577 1858 610 1893 in
638 1870 708 1907 quo
739 1857 869 1894 felices
899 1857 1062 1906 agebant
1084 1858 1147 1907 pii
1171 1863 1274 1894 vates
1301 1863 1338 1893 et
1359 1855 1506 1893 Plzoebo

67 1916 185 1964 digna
233 1916 369 1958 locali,
422 1912 620 1949 Musaeum
665 1919 750 1948 ante
796 1925 926 1948 omnes
975 1911 1155 1958 collocat,
1205 1912 1411 1949 Homerum
1458 1924 1505 1949 ne

67 1971 231 2008 nominat
259 1968 420 2019 quidem.
481 1967 615 2017 Neque
644 1968 680 2004 in
712 1966 935 2004 Ciceronem
965 1968 1141 2017 aequior:

175 2036 401 2081 Excudent,
434 2035 551 2085 inquit
566 2031 664 2084 ἢ),
697 2035 769 2071 alii
791 2035 979 2084 spirantia
1009 2034 1156 2071 mollius
1184 2044 1294 2078 aera,

178 2090 350 2129 arabunt
375 2103 529 2128 caussas
558 2090 689 2126 melius
704 2106 714 2126 .-

66 2169 146 2194 cum
176 2162 299 2193 tamen
330 2155 467 2194 Cicero
495 2156 590 2193 hanc
618 2155 773 2205 gloriam
802 2153 957 2192 Graecis
985 2153 1239 2204 praeripuisse
1266 2149 1501 2191 crederetur.

65 2212 245 2262 Apertius
278 2218 400 2249 autem
431 2211 526 2249 libro
554 2218 683 2248 octavo
698 2207 823 2262 ἢῆ),
859 2222 941 2247 cum
972 2208 1170 2247 Catilinam
1200 2207 1439 2258 appellasset,

140 2320 184 2354 ³4³)
211 2322 242 2349 ls
268 2327 350 2348 anno
373 2319 462 2348 1554.
491 2326 512 2348 a
540 2326 650 2348 mense
677 2318 792 2348 Martio
820 2319 860 2348 ad
880 2318 1026 2354 Aprilem
1046 2317 1269 2348 Pontificatum
1296 2315 1416 2354 gessit,
1445 2316 1504 2345 sub

66 2357 192 2387 nomine
212 2357 355 2386 Marcelli
375 2359 413 2385 ll.
453 2359 565 2385 ansl.

141 2405 207 2439 εῖεεῑε)
238 2407 325 2433 Haec
354 2406 454 2433 verba
482 2403 726 2438 praemittuntur
763 2403 907 2439 reliquiis
934 2402 1118 2438 Pnoeylidis
1144 2401 1176 2431 in
1207 2401 1366 2431 Gnomicis
1400 2399 1504 2436 poetis

69 2449 208 2477 Graecis.
247 2449 317 2477 vm.
340 2448 415 2477 edit.
437 2447 600 2476 sonaeferi
621 2455 693 2482 pag.
715 2449 775 2477 125
790 2456 837 2483 sq.
867 2447 920 2477 ubi
942 2440 1176 2476 Φωκυλίδεω.
1223 2444 1272 2476 cr.
1294 2448 1375 2475 mur.
1397 2445 1503 2474 schol.

68 2488 101 2517 in
122 2489 185 2518 Cic.
207 2488 346 2523 Philipp.
372 2489 451 2523 Opp.
472 2490 559 2517 Tum.
580 2490 619 2517 11.
640 2495 711 2524 pag.
731 2488 803 2518 994.
842 2490 954 2517 ansr

140 2537 234 2572 *szzq
255 2538 361 2571 Eclog.
383 2537 435 2565 IV.
459 2538 486 2566 1.

140 2584 187 2623 ἦ)
206 2586 312 2619 Eclog.
334 2586 387 2613 vl.
409 2586 437 2614 1.

141 2632 214 2671 ἡὴ)
235 2634 339 2666 Eclog.
361 2634 413 2661 Vl.
433 2633 484 2662 69.

141 2680 242 2719 †††)
263 2683 376 2716 Georg.
396 2682 434 2709 11.
459 2679 527 2710 176.

139 2729 183 2764 *J
208 2729 342 2758 Aeneia.
362 2729 415 2757 Vl.
435 2728 620 2758 658—667.

140 2778 209 2813 *³³0
230 2777 363 2807 Aeneia.
386 2777 438 2805 Vl.
459 2776 522 2806 848
536 2784 584 2811 sq.

143 2825 236 2861 ³²³*³²³‘)
258 2833 286 2854 v.
307 2825 369 2856 668
390 2832 437 2861 sq.
