1726 3106
547 113 647 153 LIB.
680 113 751 152 111.
811 113 928 152 CAP.
960 113 1048 152 XV.
1467 114 1521 156 {37

80 225 188 263 serit.
249 222 487 261 Indoctorum
526 230 648 261 autem
684 222 838 261 audacia
885 236 1066 274 uunquam
1105 223 1286 270 solutior,
1337 237 1520 276 nunquam

77 280 303 330 proiectior,
335 291 439 328 quam
469 279 606 315 nostris
635 278 887 329 temporibuS,
928 279 1010 317 suit.
1072 277 1330 322 Convertunt‚
1373 288 1435 317 aut
1463 282 1518 318 in-

78 342 228 372 vertunt
258 334 401 384 potiuS,
442 340 480 370 et
509 341 727 383 pervertunt
756 334 901 378 omnia,
938 333 1200 383 philosophos,
1241 336 1393 385 po'c'tas,
1433 348 1519 372 ora-

77 396 205 436 tores,
239 389 463 433 historicos,
496 389 690 436 rhetores,
721 388 1006 438 grammaticos,
1041 390 1150 426 etiam
1183 402 1249 435 ea,
1285 402 1378 440 quae
1410 398 1516 428 natu-

76 457 176 489 ram,
209 451 248 481 ut
277 443 372 480 verti
403 445 570 493 possint,
612 458 684 480 non
716 444 874 481 habent:
913 451 1071 494 suntque
1102 445 1152 481 ita
1182 445 1442 495 impudentes,
1475 452 1516 482 ut

76 511 170 549 qnae
206 511 246 536 se
286 498 495 547 intelligere
534 499 702 548 profiteri
742 512 813 536 non
852 497 1010 542 audent,
1057 498 1218 536 audeant
1255 500 1512 550 interpretari.

75 553 160 599 Quo
190 553 306 602 magis
336 552 514 590 laudanda
546 561 605 591 est
633 554 739 591 Petri
771 553 957 599 Victorii,
989 552 1096 591 Pauli
1126 554 1313 600 Memmii,
1356 554 1516 592 Adriani

74 607 266 653 Turnebi,
311 608 584 657 praeclarorum
617 608 801 645 hominum
837 621 881 645 ac
912 609 1110 658 primorum
1142 608 1513 661 signiferumque*)‚

75 670 111 700 et
135 663 289 700 aliorum
330 663 500 700 similium
528 663 734 700 industria:
759 664 844 720 qui
875 676 982 700 omne
1021 663 1176 701 studium
1208 677 1312 701 suum
1344 677 1388 702 eo
1425 678 1514 702 con-

73 717 213 763 ferunt,
246 724 286 755 ut
311 730 455 764 omneS‚
486 715 581 758 καθ’
616 716 708 757 ὅσον
735 713 876 765 οἷόντε,
905 719 1067 755 maculas
1095 732 1142 756 ex
1173 720 1406 770 antiquorum
1438 733 1514 757 mo-

72 774 256 810 numentis
297 772 444 819 eluant3
497 782 535 811 et
572 773 698 811 labore
733 786 799 810 suo
842 773 1007 811 laborem
1050 774 1217 811 minuunt
1249 775 1319 820 iis,
1366 775 1426 824 qui
1467 787 1515 813 ex

73 828 196 864 animo
236 829 401 878 aspirant
441 826 487 865 ad
537 836 684 866 veteres
733 829 815 866 illos
854 841 945 867 vcro
994 841 1038 866 ac
1084 830 1186 866 serio
1230 829 1510 879 intelligendOS.

72 881 256 933 Equidem
296 895 415 934 neque
454 883 581 921 horum
619 884 822 921 institutum
858 884 947 921 satis
987 882 1164 931 laudare,
1213 897 1332 935 neque
1369 885 1513 922 illorum

73 936 336 988 impudentiam
385 938 475 975 satis
514 939 642 975 mirari
688 952 807 989 queo:
868 951 986 988 neque
1033 939 1122 976 satis
1169 940 1338 977 miserari
1384 952 1513 978 eorum

72 993 208 1038 vicem,
238 993 384 1043 quibus,
416 992 512 1043 quod
537 992 672 1030 aditum
696 994 769 1030 sibi
798 992 843 1030 ad
867 994 988 1031 fontes
1019 995 1234 1044 patefacere
1258 995 1512 1044 neglexerint,

74 1059 121 1085 ex
158 1048 310 1097 impuris
353 1048 426 1084 illis
470 1061 514 1084 ac
559 1048 776 1084 turbulentis
825 1048 950 1085 talium
998 1050 1239 1099 interpretum
1283 1050 1424 1087 lacunis
1441 1049 1512 1101 9ρεὲὲ)

71 1101 313 1139 hauriendum
337 1108 407 1139 est.
460 1101 532 1138 Sed
555 1103 764 1139 omittamus
795 1102 902 1148 haec,
927 1109 979 1149 et,
1010 1104 1106 1153 quod
1129 1104 1370 1150 instituimus,
1404 1118 1515 1142 unum

72 1157 182 1194 etiam
214 1155 382 1194 mendum
415 1169 434 1193 e
465 1156 715 1207 Xenophonte
755 1158 936 1194 tollamus.
997 1156 1079 1195 Etsi
1109 1159 1206 1195 enim
1237 1172 1362 1208 parum
1394 1159 1515 1197 videri

70 1218 216 1262 potest,
259 1225 340 1248 cum
374 1218 445 1248 tam
480 1212 591 1249 multa
617 1213 716 1256 sint,
757 1225 866 1249 unum
903 1219 966 1248 aut
1007 1213 1162 1250 alterum
1194 1214 1349 1251 tolleree
1390 1221 1513 1251 tamen

70 1266 162 1304 nihil
196 1273 254 1304 est
283 1273 353 1303 tam
386 1267 580 1316 pusillum,
612 1266 706 1316 quod
736 1280 808 1304 non
839 1266 946 1304 mide
977 1268 1096 1318 accipi
1123 1266 1277 1313 debeat,
1310 1268 1405 1320 quod
1435 1271 1514 1319 qui-

70 1319 153 1359 dem
183 1320 230 1359 ad
257 1327 329 1358 tam
354 1322 503 1371 politum
534 1330 678 1372 tamque
705 1321 831 1359 utilem
860 1323 1079 1373 scriptorem
1101 1324 1299 1372 pertineat.
1350 1324 1512 1361 Parvum

70 1384 144 1422 est,
176 1375 272 1427 quod
303 1377 512 1423 afferimus3
545 1376 610 1415 sed
640 1390 794 1426 magnus
825 1378 879 1423 is,
912 1390 1018 1428 quem
1048 1377 1278 1416 adimamus.
1338 1378 1442 1430 Ergo
1475 1381 1512 1418 in

69 1431 196 1469 libello
233 1431 278 1469 (le
317 1445 398 1482 rep.
435 1431 843 1495 Lacedaemoniorum,
894 1446 974 1470 cuin
1015 1432 1172 1471 dixisset
1213 1435 1263 1471 ita
1305 1435 1513 1472 instituisse

69 1485 286 1538 Lycurgum
312 1487 457 1537 publica
488 1488 551 1525 illa
571 1488 703 1525 civium
736 1500 884 1524 suorum
908 1489 1093 1534 convivia,
1127 1496 1165 1525 ut
1186 1502 1307 1540 neque
1334 1489 1512 1527 deessent

70 1542 226 1592 epulae,
258 1554 378 1592 neque
410 1549 676 1593 superessent,
709 1541 810 1579 addit
828 1542 956 1593 Μῇ)
990 1540 1123 1582 Πολλὰ
1153 1541 1193 1582 δὲ
1221 1543 1286 1583 καὶ
1314 1542 1512 1614 παράλογα

68 1597 233 1664 γίγνεται
264 1594 340 1635 ἀπὸ
368 1599 444 1636 τῶν
465 1595 746 1664 ἀργευομὲνων.
777 1597 816 1635 οἷ
836 1595 875 1635 δὲ
898 1595 1075 1637 πλούσιοί
1101 1599 1196 1637 εἰσιν
1220 1596 1281 1638 ότε
1306 1600 1370 1639 καὶ
1393 1598 1512 1653 ἆογόν

70 1649 476 1721 ἆντιπαραβάλλρυσιν.
526 1650 617 1699 dig-ve
654 1649 740 1691 οὔτε
778 1649 916 1704 εοημός
961 1667 1051 1692 ποτε
1085 1670 1109 1704 η
1156 1651 1317 1706 τράπεζα
1354 1656 1512 1708 βοωτων

67 1707 252 1760 γίγνεται,
290 1704 362 1754 e'gv'
396 1704 444 1746 ἂν
473 1708 762 1758 διασκηνοῦσιν,
805 1704 891 1746 οὔτε
918 1688 1199 1755 πολυδάπανος.
1259 1711 1365 1757 Quae
1396 1711 1511 1748 verba

67 1763 120 1800 ita
149 1763 412 1813 interpretatus
453 1770 512 1801 est
542 1762 1013 1814 Philclphus:I’e1nmlla
1048 1778 1191 1814 quoque
1228 1765 1276 1802 ab
1314 1768 1442 1803 οἰνοςιζς
1474 1773 1513 1803 el

68 1818 236 1856 absurda
261 1820 422 1868 patrari
444 1820 564 1856 solent
577 1848 589 1865 ,
629 1832 674 1856 ac·
697 1820 899 1868 locupletes
927 1820 1112 1855 e'ntemlmn
1152 1821 1267 1857 otiosi
1296 1822 1510 1858 se‘nn'le'tmlz‘»

67 1886 149 1911 nem
187 1874 364 1911 reddunt.
431 1875 593 1911 Proinde
633 1887 751 1924 neque
788 1887 905 1910 vacua
942 1874 1033 1911 cibis
1070 1888 1194 1911 mensa
1236 1888 1396 1925 unquam
1434 1878 1507 1921 sit,

69 1929 196 1978 quoad
225 1929 504 1974 dlscubzlere’nt3
535 1942 655 1978 neque
676 1931 760 1966 item
791 1936 1018 1978 szmzstluosa.
1069 1929 1108 1965 In
1141 1943 1211 1979 quo
1235 1929 1322 1967 illud
1353 1927 1509 1980 primum

69 1989 153 2027 est,
187 1982 282 2033 quod
311 1982 496 2021 admirer:
537 1982 790 2021 credideritne
817 1996 856 2020 rc
887 1995 1000 2028 vera,
1044 1983 1081 2020 id
1113 1984 1208 2033 quod
1238 1986 1318 2035 ipse
1349 1985 1507 2032 diceret,

68 2050 90 2075 e
120 2037 381 2089 Xenophontis
411 2038 534 2076 verbis
565 2039 688 2088 colligi
718 2052 841 2088 posse,
903 2039 943 2076 Si
977 2038 1072 2075 enim
1107 2039 1155 2075 ita
1186 2039 1367 2086 credidit,
1402 2040 1508 2078 valde

69 2091 235 2143 stupidus
272 2092 451 2144 valdeque
484 2094 677 2145 imperitus
708 2094 797 2132 fuit:
841 2094 918 2139 sin,
963 2106 1044 2130 cum
1075 2094 1147 2131 sibi
1185 2097 1357 2132 conscius
1389 2103 1505 2142 essct,

66 2146 357 2199 Xenophontem
406 2149 506 2186 nullo
553 2148 660 2187 modo
699 2148 768 2186 hoc
807 2147 958 2186 dicere:
1008 2148 1152 2199 quidvis
1197 2157 1318 2187 tamen
1364 2152 1505 2194 maluit,

68 2216 174 2254 quam
206 2204 409 2241 institutum
441 2205 636 2252 omittere,
675 2211 712 2241 et
741 2204 906 2242 abiicere
932 2204 1011 2241 illas
1040 2217 1177 2254 paucas
1207 2207 1384 2256 paginas,
1417 2220 1507 2257 (inas

67 2259 139 2295 iam
168 2259 435 2304 convertisset,
475 2267 513 2297 et
541 2267 760 2298 convertere
795 2272 835 2297 se
865 2258 910 2296 ad
942 2259 1080 2310 aliquid
1109 2259 1227 2305 aliud,
1273 2261 1366 2311 quod
1401 2275 1507 2311 prae-

69 2320 169 2351 stare
205 2321 355 2365 posset:
402 2314 498 2361 hoc,
539 2315 708 2366 inquam,
751 2316 781 2352 si
824 2315 936 2359 fecit,
978 2315 1061 2352 nolo
1100 2316 1293 2366 quicquam
1335 2318 1506 2368 asperius

69 2367 212 2406 dicere.
278 2368 382 2407 Malo
420 2370 457 2406 in
493 2370 648 2407 aliorum
687 2370 976 2421 cogitationibus
1015 2370 1253 2420 relinquere,
1300 2385 1371 2422 quo
1408 2373 1507 2409 illum

68 2423 217 2461 nomine
253 2424 368 2462 fuisse
400 2423 549 2476 dignum
577 2433 716 2477 putem.
778 2424 925 2463 Deinde
968 2423 1055 2462 illud
1086 2425 1249 2464 libenter
1285 2439 1331 2465 ex
1362 2439 1434 2473 eo,
1474 2429 1506 2464 si

143 2541 185 2577 *J
206 2545 255 2571 Ex
275 2544 396 2572 Lucilio
417 2551 468 2579 ap.
489 2544 553 2574 Cic.
575 2546 614 2573 de
635 2545 701 2574 Fin.
724 2545 778 2573 lib.
799 2546 821 2573 Ι.
842 2551 910 2578 cap.
931 2544 960 2572 3.
981 2544 1012 2580 5.
1033 2544 1063 2574 9.
1103 2547 1214 2574 FAESI.

142 2592 176 2617 ³3²*
171 2591 211 2653 f)
233 2592 449 2628 Contemptius
471 2593 586 2622 dictum
608 2602 663 2628 pio
684 2594 801 2622 vivalis.
840 2593 962 2621 mer.

183 2644 235 2678 ¹-:::-)
256 2652 322 2690 cap.
339 2647 368 2674 5.
386 2646 417 2680 5.
429 2647 458 2673 3.
490 2648 577 2675 Nunc
595 2652 679 2676 recte
698 2649 800 2676 editur
823 2639 892 2674 ἀπὸ
912 2642 985 2674 τῶν
994 2640 1280 2694 ἀγρευομένων,
1300 2648 1357 2675 sed
1374 2647 1504 2677 deinde:

68 2681 105 2716 οι
120 2680 160 2714 δε
179 2679 383 2716 πλούσιοι”
365 2694 461 2717 εστιν
479 2681 534 2717 ὅτε
553 2690 641 2724 (cum
658 2691 705 2718 ed.
725 2698 767 2724 pr
785 2691 886 2725 Mur.)
909 2688 970 2718 καὶ
989 2682 1098 2732 ἰὲρτον
1117 2677 1508 2745 ἀντιπαραβάλλωσιν,

65 2733 101 2760 ut
119 2731 214 2760 etiam
236 2734 270 2761 G
291 2733 448 2761 canterus
468 2733 732 2761 Nov.Lectt.111.
753 2734 779 2762 7.
801 2734 994 2770 coniecerat3
1017 2736 1169 2770 denique:
1193 2732 1267 2765 ἔστ
1290 2743 1335 2764 αν
1355 2731 1507 2775 διασκη-

65 2769 190 2803 νῶσιν.
231 2777 320 2805 lllam
335 2776 522 2812 scripturam
542 2777 605 2806 iam
621 2777 824 2806 camerarius
845 2777 1006 2814 expressit
1024 2778 1056 2806 in
1075 2785 1136 2808 sua
1154 2786 1238 2809 verS.
1260 2780 1347 2817 Lips.
1366 2782 1456 2811 1556.
1475 2782 1505 2810 8

65 2820 138 2849 pag.
162 2815 231 2844 182.
270 2817 382 2843 haesi.
1162 2853 1189 2895 5
1202 2853 1230 2880 ᾗ

1537 731 1578 760 72
