1726 3106
181 134 263 176 258
743 134 873 175 VAR.
907 135 1060 174 LECT.

177 248 297 299 periit
330 248 463 285 virtus.
526 245 674 284 Seneca
714 244 810 283 libro
839 245 968 296 quinto
1007 244 1054 283 de
1087 246 1290 286 Beneficiis
1309 243 1380 300 *):
1429 248 1526 293 Cui,
1566 253 1624 286 ta-

181 303 481 340 711enetsimalus
511 308 585 347 est,
619 303 696 352 ὴιεε
726 314 870 352 quoqne
898 302 936 339 in
960 302 1077 339 sz‘mz‘le'
1101 305 1261 341 males-la
1287 309 1427 353 gratus
1454 315 1534 341 esse
1561 303 1625 340 de·

182 358 294 395 bebz't.
363 354 544 394 Eiusdem
586 356 739 406 generis
779 363 836 393 est
882 356 1036 394 vei-bum
1077 358 1397 408 insuper-habere,
1451 370 1519 408 pro
1559 369 1622 404 eo,

180 411 278 463 quod
308 417 366 448 est
395 411 612 461 negligere:
655 412 761 449 cuius
791 412 870 459 ipse
902 412 1114 450 testimonia
1149 413 1260 450 multa
1290 426 1336 450 ex
1367 414 1472 451 libris
1512 413 1622 458 iuris,

182 479 290 504 unum
314 473 511 516 praeterea
530 479 576 503 ex
590 466 776 517 Appuleio
791 464 864 517 ᾊΉί)
886 467 1050 517 protulit.
1091 466 1167 505 Sed
1188 468 1379 506 etGellius
1404 481 1486 519 cap.
1507 467 1621 505 XlX.

180 522 265 558 libri
294 521 404 571 primi
439 533 484 558 eo
521 522 636 559 verbo
673 535 762 559 usus
790 528 870 559 est:
911 524 1030 567 Eam,
1073 522 1210 572 inquit,
1252 526 1500 562 constantium
1539 536 1626 561 con·

166 576 444 627 fidentiamque
470 589 543 614 non
573 577 934 627 insuperleahemlam
963 578 1153 627 intellegit.
1213 578 1268 615 Ita
1299 580 1396 616 enim
1428 578 1552 629 plane,
1586 576 1625 615 id

180 638 253 677 est,
285 644 357 669 non
390 631 531 669 duabus
559 634 730 678 vocibus,
763 631 830 669 sed
861 645 932 669 uno
962 632 1087 669 iuncto
1117 632 1231 670 verbo
1261 634 1398 684 legitur
1424 635 1463 671 in
1493 641 1625 672 vetere

178 686 274 724 libro
295 686 417 725 Fulvii
440 685 707 739 U1.51,11⁴.¹1÷k-*)·
760 686 966 738 Appuleius
991 700 1135 738 quoque
1163 688 1257 726 libro
1285 690 1403 740 primo
1433 688 1479 727 de
1502 689 1625 726 Asino

177 754 293 779 aureo
307 741 382 795 ’ωε
425 744 496 780 llic
526 743 594 792 qm‘
623 743 713 779 mels
751 743 942 780 amoribus
970 744 1263 793 insuperleabz‘te‘s
1299 757 1371 782 non
1408 746 1527 782 solum
1566 757 1625 782 me

176 797 354 848 tlsllhmut
377 798 552 847 probris,
586 810 712 835 verum
742 799 852 835 etiam
871 798 1013 849 sugam
1041 800 1208 841 instruit.
1265 799 1323 838 lta
1353 801 1454 839 enim
1481 799 1623 838 habent

179 858 328 891 veteres
357 852 463 898 libri,
497 866 594 899 non,
631 859 672 891 ut
702 851 816 900 editi,
847 853 1132 891 subterhabitis.

634 1006 665 1045 C
694 1007 731 1046 Α
759 1006 856 1046 PU
885 1008 921 1046 T
976 1007 1161 1048 XVIII.

238 1085 359 1123 Locos
388 1084 567 1136 quosdam
596 1097 616 1122 e
639 1086 765 1136 primo
795 1086 1079 1124 Rhetoricornm
1104 1085 1326 1125 Aristotele
1357 1097 1376 1122 e
1406 1085 1561 1124 Platone

731 1147 898 1192 sumptos
925 1142 1059 1179 videri.

173 1229 280 1288 Non
321 1263 472 1304 semper
509 1253 674 1291 nominat
698 1253 895 1292 Platonem
924 1252 1179 1300 Aristoteles,
1220 1265 1340 1304 neque
1379 1265 1460 1290 cum
1490 1251 1537 1290 ab
1573 1264 1620 1290 co

173 1305 373 1353 dissentit,
412 1320 533 1359 neque
564 1322 646 1346 eum
687 1309 733 1346 ab
763 1322 809 1347 eo
839 1309 975 1359 aliquid
1007 1310 1138 1354 sumit,
1180 1321 1299 1359 neque
1337 1306 1495 1358 denique
1535 1320 1618 1345 cum

173 1360 262 1411 quid
291 1360 396 1408 dicit,
427 1362 526 1414 quod
556 1362 601 1401 ad
630 1363 789 1414 aliquem
820 1363 988 1401 Platonis
1019 1365 1136 1401 locuni
1170 1364 1373 1414 pertineat:
1406 1362 1473 1400 sed
1503 1363 1620 1400 inter-

172 1415 259 1454 dum
299 1418 404 1468 quasi
433 1419 669 1468 praeteriens
706 1426 744 1456 et
771 1419 867 1457 aliud
900 1433 1015 1469 agens
1051 1419 1087 1456 id
1120 1419 1232 1463 facit,
1275 1419 1327 1455 ita
1361 1426 1400 1456 ut
1437 1418 1620 1456 lectorem

170 1472 292 1508 minus
313 1479 491 1509 attentum
514 1474 622 1510 facile
645 1474 772 1511 lateat.
823 1474 875 1511 Ut
899 1474 994 1511 libro
1018 1475 1136 1524 primo
1160 1472 1206 1510 (le
1228 1473 1324 1510 Arte
1348 1472 1496 1510 dicendi
1513 1472 1617 1525 ἦῆ),

172 1539 255 1564 cum
284 1540 375 1577 opus
415 1540 458 1565 ae
492 1528 601 1565 linem
632 1527 859 1566 Rhetoriees
896 1529 948 1566 ait
989 1542 1063 1566 non
1104 1529 1139 1565 in
1171 1527 1430 1578 pelsuadendo
1460 1530 1620 1579 positum

171 1594 274 1628 esse,
307 1580 372 1619 sed
401 1582 440 1619 in
467 1581 642 1628 videndo,
672 1582 756 1633 quid
787 1584 823 1620 in
849 1596 991 1634 quaque
1021 1596 1063 1621 1e
1091 1590 1215 1634 aptum
1241 1584 1290 1620 sit
1315 1582 1362 1620 ad
1390 1582 1620 1634 persuaden-

171 1636 280 1674 dum.
322 1650 395 1674 non
425 1636 573 1675 dubium
604 1644 685 1683 est,
727 1639 813 1690 quin
842 1639 956 1677 xeiba
995 1638 1082 1686 illa,
1125 1637 1191 1678 καὶ
1227 1635 1286 1677 ότι
1326 1634 1373 1678 οὗ
1411 1635 1454 1678 τὸ
1491 1641 1620 1678 πεῖσαι

171 1690 283 1744 ἔργον
318 1688 461 1744 αὖτης,
502 1692 711 1743 diiigantur
747 1693 929 1731 adversus
968 1692 1028 1739 id,
1068 1693 1165 1744 quod
1199 1692 1294 1744 apud
1333 1693 1528 1731 Platonem
1566 1694 1620 1731 ait

176 1747 337 1797 Gorgias
353 1746 494 1800 †††)·
541 1745 612 1799 τὴν
641 1746 846 1801 ῥητορικὴν
874 1751 1040 1795 πειθοῦς
1076 1745 1310 1802 δημιουργὸν
1346 1745 1444 1788 εἶναι
1481 1747 1547 1788 καὶ
1574 1744 1618 1788 τὸ

173 1800 384 1853 κεφάλαιον
413 1801 533 1854 αὐτης
562 1804 615 1850 εἰς
642 1807 754 1843 τοῦτο
787 1820 824 1844 τε
813 1807 973 1844 λευταν.
1031 1804 1198 1855 Itemque
1238 1804 1346 1854 paulo
1388 1811 1492 1854 post,
1534 1817 1618 1842 cum

83 1862 146 1893 270
174 1859 225 1895 ait
252 1854 320 1897 τὸν
348 1855 572 1908 σοφιστικὸν
602 1854 700 1898 εἶναι
729 1856 801 1899 οὐκ
827 1859 869 1899 ἐν
896 1863 943 1915 τῆ
970 1856 1150 1910 δυνάμει,
1181 1856 1264 1898 ἀλλ’
1298 1858 1340 1898 ἐν
1365 1862 1412 1914 τῇ
1442 1858 1618 1912 προαιρέ-

173 1923 252 1951 σεις
294 1920 333 1951 et
369 1913 464 1951 libi-o
501 1921 633 1965 quarto
671 1901 937 1967 Νικομαχείων
953 1913 1020 1967 ³³²),
1058 1927 1141 1952 cum
1174 1914 1273 1952 idem
1311 1899 1401 1951 dicit
1437 1913 1524 1967 mot
1548 1917 1618 1953 τοῦ

173 1964 376 2016 ἀλαζόνος,
417 1969 559 2006 duobus
589 1970 716 2008 verbis
754 1978 931 2022 persecat
963 1983 1034 2016 ea,
1085 1982 1179 2021 quae
1217 1968 1313 2021 apud
1342 1969 1538 2007 Platonem
1578 1970 1617 2007 in

172 2022 311 2072 Hippia
339 2024 480 2061 minore
497 2022 570 2077 5W)
603 2026 722 2063 fusius
750 2039 794 2064 ae
823 2027 1010 2076 copiosius
1040 2024 1288 2076 disputantur.
1341 2024 1434 2062 Illud
1454 2038 1615 2077 quoque,

172 2077 270 2128 quod
302 2079 410 2129 paulo
441 2079 537 2116 infra
575 2092 657 2117 eum
687 2082 807 2119 locum
838 2078 1092 2145 traditssi*³⁴¹‘)3
1137 2092 1430 2131 unamquamque
1461 2081 1616 2117 aliarum

172 2134 305 2171 artium
334 2146 420 2172 esse
449 2132 725 2187 διδασκαλικὴν
760 2135 824 2176 καὶ
851 2131 1049 2186 πειστικὴν
1077 2136 1114 2172 in
1144 2147 1213 2181 eo,
1254 2134 1352 2186 quod
1380 2141 1538 2181 tractat,
1577 2141 1618 2173 ut

246 2269 290 2307 ὓ)
318 2277 386 2306 cap.
409 2271 458 2300 14.
498 2272 613 2302 sedin
642 2273 836 2302 editionibus
856 2273 926 2301 loeo
952 2273 1120 2302 verborum
1146 2273 1197 2301 cuz·
1216 2273 1375 2301 tamenetsi
1401 2274 1434 2302 in
1453 2273 1542 2302 malis
1569 2274 1618 2302 ese

169 2308 318 2343 leguntur
338 2311 432 2338 haec·
463 2317 593 2344 quorum
613 2312 640 2339 ει·
659 2312 748 2339 malis
767 2312 856 2344 copia
876 2312 930 2339 est.
970 2311 1041 2339 vid.
1061 2310 1223 2346 Ruukopf.
1243 2311 1275 2339 in
1295 2311 1616 2346 var.1.ect.Legi-

171 2348 223 2376 tur
242 2347 401 2375 tamenelsi
421 2347 459 2375 (le
480 2347 588 2377 Benef.
609 2349 662 2378 lib.
683 2350 736 2378 IV.
757 2356 826 2383 cap.
846 2348 876 2377 9.
915 2350 1003 2377 FAE
989 2357 1027 2377 ·.1

246 2396 286 2420 *te-«⁴.
286 2394 316 2429 ε)
337 2397 543 2440 metamorph.
564 2396 618 2426 lib.
640 2398 693 2426 IV.
713 2404 785 2432 p.ag
806 2396 877 2424 292.
899 2396 947 2424 ed.
969 2396 1111 2425 Oudend.
1150 2395 1199 2427 cf.
1220 2396 1313 2426 eund
1332 2396 1385 2426 lib.
1397 2396 1437 2426 V.
1456 2403 1530 2432 pag.
1544 2396 1615 2426 376.

172 2431 227 2462 ubi
246 2433 343 2467 vulgo
363 2434 472 2461 irrisui
491 2433 594 2464 habita
614 2442 670 2469 pro
689 2436 816 2469 insuper
835 2434 947 2461 habita.
988 2435 1100 2463 FAESI.

173 2519 207 2548 et
224 2482 294 2547 542.
276 2480 341 2516 m)
362 2482 418 2547 D}
429 2482 488 2510 hoc
506 2481 587 2511 libro
607 2482 683 2512 vide
702 2482 865 2519 Epistolas
879 2481 1027 2517 Giphanii
1048 2485 1079 2511 et
1094 2482 1211 2512 Mureti
1228 2483 1306 2518 opp.
1323 2483 1412 2512 Tom.
1425 2484 1448 2512 Ι
1466 2489 1539 2517 pag.
1554 2482 1618 2512 502

307 2526 355 2554 sq.
420 2526 505 2548 AESI.

250 2565 296 2605 †)
326 2567 456 2596 Tom.1.
478 2573 550 2602 pag
572 2567 622 2596 11.
643 2568 690 2596 ed.
711 2569 898 2602 Altenhurg.
929 2574 1001 2602 pag
1023 2566 1073 2597 46.
1101 2568 1149 2596 ed.
1171 2568 1312 2597 Oudend.
1338 2568 1392 2597 ubi
1417 2567 1542 2604 plenius
1567 2569 1615 2598 hic

174 2604 246 2639 est,
267 2605 319 2639 qm·
339 2605 413 2633 meis
432 2605 612 2634 cet.111ud
630 2607 847 2636 subterhabitis
865 2606 961 2635 habet
981 2606 1246 2636 Elmenhorstius.

250 2649 324 2690 -1·†]
344 2659 413 2689 cap.
436 2653 463 2681 1.
485 2655 567 2682 extr.

249 2697 350 2737 -ξ--ᾔ-τ)
369 2699 403 2728 in
423 2701 516 2735 Gorg.
536 2707 608 2737 pag.
628 2701 700 2732 453.
720 2701 761 2732 A.
778 2704 824 2732 st.

249 2746 292 2782 ἱἕ)
311 2754 380 2782 cap.
400 2748 429 2777 7.
448 2749 481 2784 S.
504 2750 554 2778 12.

249 2795 318 2830 τῆς)
338 2802 410 2832 pag.
428 2797 500 2828 367.
523 2797 558 2826 C.
579 2799 625 2827 St.

250 2843 342 2879 ζῆτε)
362 2850 431 2880 cap.
451 2845 480 2874 2.
500 2844 568 2874 init.
