1726 3106
198 123 278 167 15ss
758 123 888 165 VAR.
918 123 1071 165 LECT.

108 247 170 278 164
198 242 270 278 iam
305 239 447 292 pridem
485 237 683 288 diligenter
728 235 937 288 ponderans
974 236 1112 274 Paulus
1150 236 1340 275 Manutius
1388 237 1630 286 iudicaverat,

86 2295 150 2325 165

196 296 334 348 aliquid
357 296 436 334 vitii
465 294 619 332 subesse
649 293 685 329 in
714 306 806 331 voce
826 294 1026 343 gramina,
1059 292 1345 343 ostenden-atque
1370 307 1410 330 sc
1431 294 1631 344 suspicari,

194 366 263 404 pro
299 353 476 401 gramina
515 346 711 398 legendum
743 349 919 399 praedia.
978 347 1111 385 Multis
1149 349 1253 385 annis
1294 355 1376 400 post
1413 348 1459 387 P.
1501 349 1632 388 Victo-

195 409 273 446 rius
315 407 377 444 lib.
416 405 487 444 VI.
527 404 729 443 Variarum
770 404 968 441 lectionum
987 401 1035 454 ἦε)
1082 403 1265 453 vulgatam
1307 404 1525 454 scripturam
1566 404 1632 442 de=

194 461 351 501 fendere
383 467 538 497 conatus
578 465 635 496 est
673 459 852 510 planeque
883 457 1165 509 pronunciavit,
1204 471 1284 496 eam
1318 459 1450 496 mendo
1480 472 1627 497 carere.

193 517 351 556 Duobus
390 523 511 553 autem
550 515 779 564 argumentis
819 513 856 551 id
895 513 1040 564 probat.
1101 511 1289 559 Primum,
1339 514 1434 565 quod
1469 528 1630 564 gramen

191 587 266 611 non
296 577 432 608 tantum
464 570 585 608 valeat
610 576 747 607 certam
779 569 948 613 herbam,
972 581 1078 619 quam
1110 563 1292 620 ἄγρωστιν
1311 568 1448 607 Graeci
1479 577 1628 616 vocant,

192 626 259 665 sed
298 627 389 664 alias
422 627 532 664 etiam
573 624 769 670 ostendat,
814 624 1023 675 exquibus
1062 623 1208 660 foenum
1245 626 1404 674 cogitur.
1463 624 1629 671 Deinde,

192 682 287 734 qnod
321 681 460 720 Cicero
496 681 591 719 libro
629 681 747 730 primo
762 678 837 731 ΜΕ)
877 679 922 717 de
956 678 1102 716 Natura
1143 677 1294 716 deorum
1334 678 1379 717 de
1420 679 1549 717 eadem
1589 692 1632 718 re

192 732 384 789 disputans
420 738 470 775 ita
501 736 717 785 scripserit:
763 737 881 774 Pralct
910 741 949 772 et
975 746 1088 779 arva,
1129 740 1165 771 et
1189 736 1373 784 pecudum
1405 749 1546 785 greges
1574 737 1629 773 de·-

191 795 364 842 legg-matur
392 795 463 831 isto
490 792 621 836 modo,
661 791 760 841 quod
779 790 937 842 st‘nctus
965 803 1014 827 eoe
1043 790 1101 826 lzz's
1132 791 1347 839 capiuntur.
1407 790 1507 828 Mihi
1539 789 1627 828 dilli-

191 849 264 887 cile
295 855 332 886 et
359 847 512 886 arduum
542 844 705 892 videtur,
737 858 758 883 a
783 844 924 882 duobus
953 843 1134 882 eiusmodi
1168 845 1374 883 hominibus
1403 844 1626 884 dissentire:

191 917 344 954 quorum
385 910 604 952 utrumque,
643 908 683 938 ut
713 898 856 947 debeo,
897 900 1044 951 plurimi
1076 899 1198 945 facio,
1235 900 1390 938 alterum
1420 901 1529 938 etiam
1573 901 1629 938 in-

191 959 424 997 credibiliter
455 956 584 1007 diligo.
644 954 719 993 Sed
749 962 871 993 tamen
905 956 1004 1006 quia,
1038 954 1134 1006 quod
1165 954 1210 992 de
1242 967 1282 992 se
1313 955 1538 993 fortissimus
1568 956 1629 994 ille

188 1015 438 1054 Troianorum
464 1011 561 1063 apud
591 1010 808 1061 Euripidem
840 1010 929 1048 dicit
945 1009 1068 1060 wrm),
1106 1031 1162 1038 —-
1189 1012 1289 1061 φιλῶ
1317 1009 1438 1064 λέγειν
1464 1008 1631 1062 τάληθὲς

189 1069 264 1109 αἰεὶ
298 1066 371 1108 κού
400 1070 559 1114 διπλοῦς
585 1064 727 1117 πέφυκ’
761 1062 879 1118 ἀνὴρ,
917 1079 989 1102 non
1019 1078 1166 1116 possum
1196 1066 1385 1112 reticere,
1424 1066 1509 1118 quid
1540 1067 1629 1104 mibi

187 1125 372 1163 videatur.
431 1124 595 1162 Primum
626 1123 766 1172 igitur,
808 1135 876 1160 cur
903 1121 1068 1158 Victorii
1100 1121 1318 1159 sententiam
1350 1135 1420 1159 non
1450 1122 1626 1172 probem:

186 1188 273 1232 post
303 1193 382 1218 cum
408 1179 579 1217 Manutio
609 1191 777 1231 agemus.
836 1175 935 1224 Quid
971 1176 1086 1226 igitur
1114 1177 1165 1214 ait
1202 1176 1310 1214 homo
1340 1176 1626 1225 eruditissimus,

186 1235 414 1274 Victorius?
474 1237 635 1272 Gramen
675 1233 825 1284 proprie
861 1230 1008 1281 quidem
1048 1243 1135 1269 esse
1177 1244 1257 1269 eam
1297 1231 1474 1278 herbam,
1520 1246 1626 1284 quam

187 1292 327 1329 Graeci
356 1287 541 1343 ἄγρωστιν
567 1295 725 1327 vocent:
758 1286 939 1324 interdum
966 1293 1087 1324 tamen
1120 1285 1155 1323 id
1187 1299 1319 1324 nomen
1346 1295 1473 1338 patere
1500 1288 1626 1335 latius,

185 1347 237 1384 ita
268 1353 307 1383 ut
338 1346 605 1397 complectatur
634 1356 699 1381 eas
730 1354 858 1380 omues
888 1341 1042 1386 herbas,
1073 1353 1094 1378 e
1124 1341 1255 1391 quibus
1283 1344 1430 1393 cogitur
1460 1344 1626 1383 foenum.

186 1401 297 1450 Quod
328 1401 472 1452 quidem
503 1401 554 1437 ita
585 1411 696 1444 esse,
729 1409 837 1435 nemo
869 1397 1014 1442 nescit,
1046 1408 1173 1433 eorum
1204 1396 1418 1444 dumtaxat,
1459 1399 1520 1449 qui
1549 1398 1627 1436 La-

185 1459 345 1494 tinarum
396 1457 583 1494 literarum
632 1454 779 1505 penitus
823 1451 934 1490 rudes
980 1465 1054 1488 non
1096 1453 1184 1490 sint.
1260 1452 1428 1490 Foenurn
1469 1466 1556 1492 esse
1573 1454 1624 1507 †)

185 1519 402 1563 oporteret,
442 1512 473 1548 si
504 1511 608 1561 quis,
655 1509 715 1559 qui
745 1514 924 1546 tractaret
963 1507 1114 1552 literas,
1158 1505 1205 1543 ad
1235 1506 1329 1545 hanc
1360 1521 1438 1545 rem
1472 1508 1626 1549 doctore

183 1574 330 1618 egeret.
401 1565 479 1605 Sed
517 1563 606 1602 illud
649 1576 792 1615 quoquc
832 1560 1108 1611 intelligendum
1149 1567 1230 1606 est,
1281 1561 1377 1612 quod
1413 1563 1624 1612 Victorius,

185 1635 358 1668 caussae,
389 1629 429 1660 ut
458 1621 604 1672 opinor,
636 1620 822 1665 serviens,
855 1618 980 1654 omisit
1009 1615 1152 1663 dicere,
1188 1616 1258 1654 hoc
1284 1618 1494 1668 posteriore
1517 1619 1625 1659 modo

185 1679 366 1729 graminis
406 1678 553 1715 nomine
589 1675 688 1713 solos
727 1674 780 1712 uti
817 1677 968 1725 poe'tas:
1017 1670 1126 1722 idque
1165 1669 1295 1710 eadem
1334 1673 1506 1721 licentia,
1553 1689 1625 1727 qua

182 1741 310 1773 notum
348 1747 414 1784 pro
445 1731 610 1784 quolibet
646 1736 781 1775 vento,
823 1742 890 1780 pro
920 1727 1082 1779 qualibet
1110 1726 1245 1764 arbore
1270 1729 1398 1778 pinum
1438 1729 1622 1770 interdum

181 1795 245 1827 aut
273 1789 431 1826 abae'elem
470 1787 610 1825 dicunt.
671 1785 790 1833 Quam
827 1785 1011 1822 licentiam
1040 1795 1220 1833 nunquam
1257 1784 1329 1820 sibi
1359 1786 1620 1836 sumpsissent,

181 1845 242 1895 qui
283 1845 401 1882 soluta
432 1844 601 1881 oratione
641 1840 877 1880 scribebant:
919 1846 956 1877 et
987 1839 1138 1876 minime
1165 1839 1352 1884 omnium,
1391 1841 1460 1877 nisi
1494 1842 1620 1888 fallor,

180 1899 334 1937 Cicero.
382 1898 477 1937 Nam
507 1896 604 1949 quod
632 1897 668 1934 in
699 1897 780 1934 eius
812 1896 960 1946 scriptis
989 1907 1167 1944 nusquam
1202 1893 1272 1931 hoc
1304 1907 1435 1933 nomen
1468 1895 1620 1947 legitur,

177 1955 254 1993 nisi
282 1955 365 2000 hic,
410 1954 520 1991 dubio
551 1960 588 1991 et
622 1959 865 1991 controverso
895 1951 1000 1996 loco,
1042 1949 1079 1986 id
1109 1949 1180 1987 etsi
1218 1956 1357 1986 tantum
1389 1951 1516 1990 valere
1546 1966 1620 1991 non

178 2008 306 2054 debet,
338 2016 376 2047 ut
406 2009 499 2047 baec
529 2022 601 2045 vox
629 2014 829 2059 propterea
861 2011 1095 2056 expungatur
1127 2004 1256 2055 (multa
1286 2006 1382 2042 enim
1410 2013 1495 2044 sunt
1522 2008 1619 2059 apud

178 2064 402 2104 Ciceronem
434 2064 653 2114 singularia,
686 2069 723 2099 et
752 2075 885 2112 magna
914 2073 1000 2111 pars
1027 2060 1202 2096 librorum
1232 2061 1349 2109 ipsius
1381 2061 1615 2114 intercidit):

176 2134 249 2158 non
282 2120 465 2157 immerito
494 2126 631 2163 tamen,
663 2130 746 2154 cum
776 2116 998 2167 praesertim
1027 2115 1099 2151 alia
1125 2122 1363 2161 concurrant,
1395 2118 1618 2167 scripturam

175 2174 385 2214 reddiderit
426 2174 711 2224 suspectiorem.
781 2171 975 2210 Victorius
1015 2176 1142 2215 certe,
1193 2182 1300 2219 quem
1339 2183 1410 2221 ego
1455 2172 1619 2212 libenter

175 2238 366 2268 auctorem
395 2243 439 2267 ac
469 2228 601 2266 ducem
632 2240 791 2278 sequor,
826 2225 895 2262 hoc
924 2231 1143 2274 argumento
1174 2225 1310 2271 utitur,
1340 2233 1380 2264 ut
1408 2239 1429 2264 e
1459 2227 1616 2277 quodam

174 2286 257 2324 loco
287 2299 335 2323 ex
363 2284 532 2335 epistolis
545 2282 629 2336 ἦῆ)
661 2282 782 2320 deleat
808 2293 936 2319 vocem
956 2279 1140 2329 [πραεῖα.
1193 2279 1280 2317 Non
1303 2282 1449 2330 postulo
1475 2290 1614 2331 tamen,

173 2349 214 2379 ut
242 2342 313 2379 hoc
345 2341 431 2377 mihi
466 2340 502 2377 in
539 2351 731 2377 numerum
762 2334 951 2387 procedat.
1011 2334 1107 2371 Nam
1144 2335 1225 2385 ipsc
1257 2349 1401 2387 quoque
1433 2338 1615 2389 quandam

172 2396 245 2435 hoe
273 2397 355 2434 loco
385 2408 515 2434 vocem
545 2406 731 2446 reponere
762 2392 907 2443 cogitO,
941 2402 1049 2443 quam
1080 2403 1258 2442 nusquam
1287 2399 1485 2443 praeterea
1517 2394 1615 2447 apud

244 2505 473 2588 &affixa
494 2552 526 2589 g.
548 2552 618 2581 122.
657 2549 837 2584 Legebatur
857 2549 908 2578 lib.
928 2548 1073 2586 secunde,
1095 2547 1148 2583 qui
1169 2555 1255 2577 error
1273 2549 1335 2578 huc
1353 2547 1549 2585 migraverat
1568 2557 1611 2581 ex

169 2593 303 2623 Vlctorti
323 2593 397 2621 Var.
418 2591 506 2621 Lect.
546 2589 694 2620 Correxit
715 2587 862 2616 Wolfius.

243 2640 335 2675 *ze-2³)
357 2641 454 2669 RueS.
475 2646 506 2667 v.
527 2638 590 2666 394
609 2645 656 2672 sq.

244 2687 289 2726 ἡ)
311 2686 529 2717 proverbialis
548 2684 677 2715 locutio.
711 2683 777 2715 Cic.
798 2684 836 2713 de
858 2684 943 2713 Orat.
962 2681 1016 2712 lib.
1035 2684 1073 2711 11.
1091 2688 1160 2718 cap.
1175 2682 1225 2712 57.
1250 2682 1282 2719 S.
1295 2682 1366 2712 233.
1384 2681 1511 2718 foenum
1530 2684 1609 2713 alios

167 2727 268 2756 aiebat
286 2733 353 2754 esse
373 2726 527 2759 oportere.

243 2773 316 2812 ††)
339 2774 417 2804 viae
433 2773 550 2802 victor.
566 2769 722 2804 castigat.
743 2769 807 2799 cte.
820 2767 859 2796 aa
874 2767 1000 2797 nivers.
1021 2769 1057 2797 x.
1076 2769 1124 2798 ιε.
1144 2768 1198 2796 ubi
1219 2768 1274 2797 aut
1291 2769 1410 2804 fucata.
1440 2767 1494 2797 sic
1510 2767 1607 2797 etiam

167 2814 341 2841 Manutius.
381 2812 444 2841 sed
474 2810 506 2840 in
532 2809 607 2839 cuit.
635 2811 754 2845 poster.
793 2806 953 2837 Victorius
980 2809 1103 2837 mutata
1129 2807 1289 2838 sententia
1315 2805 1441 2844 fuyacia
1469 2806 1606 2836 reduxit.

168 2851 280 2881 Feucsx.
