1726 3106
554 86 656 124 Llss.
688 85 755 125 VI.
816 83 933 122 CAP.
966 83 1037 122 IV.
1435 79 1513 121 119

84 196 362 234 mathematicos
397 195 470 235 alia
508 194 615 232 huius
656 194 825 233 vocabuli
864 194 919 231 vis
955 200 1034 231 est:
1080 193 1162 243 qui,
1202 198 1241 229 ut
1275 196 1399 228 notum
1434 197 1508 235 est,

81 252 263 289 axiomata
300 251 433 289 vot-ant
471 263 686 288 communes
722 248 894 300 quasdam
931 248 1159 294 sententias,
1201 258 1295 297 quae
1326 258 1398 283 non
1428 251 1509 282 tan-

81 312 156 343 tum
194 318 305 343 verae
342 312 448 351 sunt,
488 304 554 342 sed
590 306 699 343 etiam
737 316 849 342 verae
883 303 1052 340 omnibus
1091 302 1278 340 videntur.
1337 299 1507 339 Verbum

81 368 202 399 autem
233 357 366 408 ἀξιοῦν
403 372 516 410 saepe
553 359 647 411 apud
680 359 871 404 Graecos,
911 358 992 395 sine
1035 358 1107 395 ulla
1136 356 1328 407 dignitatis
1358 361 1423 392 aut
1450 355 1507 392 in-

81 415 269 465 dignitatis
298 414 590 465 significatione,
628 415 723 452 idem
753 414 871 459 valet,
908 412 1002 463 quod
1030 414 1249 450 eoez‘ste'mare
1277 423 1321 448 ae
1350 411 1503 447 sentire.

81 470 171 507 Inde
206 470 318 520 igitur
347 466 557 521 ἀξιώματα,
591 468 650 510 ὅτι
677 466 813 515 πάντες
838 465 959 514 οὕτως
983 464 1164 514 ἀξιοῦσιν.
1223 465 1332 505 Unde
1361 471 1400 502 et
1428 478 1507 503 κοι-

77 523 140 564 ναὶ
179 523 322 564 ἔννοιαι
358 532 550 563 vocantur.
617 527 696 563 Aut
735 525 847 574 igitur
883 535 1010 562 vocem
1048 522 1232 560 Graecam
1268 519 1504 564 retinuerim,

77 586 141 616 aut
169 581 374 617 sententias
402 581 546 630 potius,
579 594 685 633 quam
715 580 773 618 vel
795 579 1071 630 pronuntiata,
1103 578 1163 615 vel
1188 576 1412 627 proloquia,
1444 573 1503 613 vel

77 635 280 685 dignitates
307 633 478 673 dixerim.

580 743 862 783 CAPUT
917 742 1002 782 111.

170 821 455 871 Comparate‘one
485 823 644 873 quadam
670 823 901 861 Lucrete’ana
930 833 1019 859 usus
1047 820 1158 857 etiam
1192 815 1415 857 Themz‘ste'us

676 877 900 916 ostenditur.

71 941 199 999 Nom
228 970 287 999 est
316 964 565 1014 comparatio,
597 977 667 1015 qua
696 978 785 1002 usus
817 971 875 1002 est
902 962 1104 1000 Lucretius
1120 958 1191 1013 ᾗ),
1223 972 1305 997 cum
1336 970 1377 995 se
1407 954 1505 993 idem

73 1019 200 1055 facere
229 1016 345 1063 dixit,
376 1018 472 1068 quod
502 1018 694 1058 medicos:
729 1021 790 1071 qui
821 1031 983 1057 amaram
1011 1018 1171 1068 aliquam
1197 1015 1385 1067 potionem
1415 1023 1505 1063 pue-

71 1073 124 1110 ris
155 1072 244 1110 dare
275 1073 468 1123 cupientes

345 1170 399 1177 --
434 1173 482 1179 —-
506 1152 618 1200 prins
648 1163 737 1188 oras
756 1152 896 1201 pocula
922 1151 1063 1187 circum

294 1205 524 1253 Contingunt
551 1206 657 1243 dulei
679 1207 796 1243 mellis
811 1207 994 1258 flavoque
1023 1204 1183 1253 liquore.

70 1278 234 1319 Videtur
267 1286 389 1318 autem
427 1293 472 1319 ea
503 1282 621 1319 fuisse
652 1283 763 1320 etiam
792 1281 888 1333 apud
918 1281 1087 1319 Graecos
1117 1276 1293 1316 celebris.
1351 1273 1506 1312 Themi-

71 1336 162 1373 stius
193 1335 337 1385 quidem
369 1343 472 1374 certe
507 1349 551 1374 ea
584 1338 724 1375 utitur:
757 1350 864 1388 quem
891 1335 1093 1375 verisimile
1124 1338 1183 1372 est
1207 1345 1285 1370 eam
1315 1343 1361 1368 ex
1381 1331 1505 1381 aliquo

69 1392 274 1428 vetustiore
313 1392 529 1442 sumpsisse.
587 1392 685 1430 Nam
721 1394 757 1430 in
790 1394 981 1437 oratione,
1022 1403 1092 1441 qua
1120 1385 1419 1427 Nicomedenses
1458 1383 1503 1422 ad

69 1445 340 1496 philosophiam
379 1448 580 1485 exhoratus
619 1446 794 1501 esffiff),
841 1445 1013 1486 Imitandi
1054 1452 1162 1490 sunt,
1206 1443 1349 1494 inquit,
1397 1439 1504 1478 nobis

71 1501 317 1551 sapientiores
347 1502 505 1540 medici:
537 1504 598 1553 qui
632 1500 940 1555 pharmaca-2⁵2³&
971 1514 1031 1547 ea,
1063 1512 1156 1551 quae
1187 1498 1372 1536 amariora
1402 1501 1502 1539 sunt,

71 1557 278 1594 circumlito
314 1557 416 1606 prius
445 1558 554 1595 melle
584 1559 716 1610 poculo
747 1557 907 1596 bibenda
935 1556 1138 1608 praebent:
1181 1550 1385 1605 Μιμητέον
1412 1546 1506 1601 ἡμῖν

68 1607 158 1657 τοὺς
194 1609 437 1663 σοφωτέρους
473 1615 549 1652 τῶν
590 1613 748 1665 ἰατρῶν,
788 1614 826 1652 οἳ
860 1609 908 1652 τὰ
935 1607 1143 1663 πικρότεροι
1171 1612 1247 1649 τῶν
1278 1601 1504 1660 φαρμάκων,

67 1664 185 1717 μέλιτι
210 1663 280 1717 τὴν
307 1664 444 1707 κύλικα
470 1668 771 1721 περιχρίσαντες,
799 1668 925 1708 πίνειν
953 1662 1115 1706 διδόασι.

573 1777 858 1818 CAPUT
912 1777 989 1816 IV.

74 1857 123 1895 Ut
146 1857 284 1894 multas
309 1856 408 1893 alias
436 1855 711 1905 diphthongos,
745 1869 841 1907 quae
869 1868 968 1893 nunc
995 1852 1180 1903 usurpari
1201 1850 1417 1894 desierunt,
1449 1847 1505 1884 ita

155 1913 191 1948 oi
213 1924 288 1962 pro
317 1923 364 1948 oe
393 1911 495 1961 apud
527 1917 669 1949 veteres
692 1910 827 1962 fuisse.
887 1910 1119 1950 Emendatus
1149 1906 1280 1946 Plauti
1301 1905 1417 1942 locus.

67 1990 248 2048 Munus
295 2022 383 2047 usos
430 2008 669 2061 diphthongis
704 2016 853 2048 veteres
898 2015 1048 2061 praeter
1083 2019 1169 2053 eas,
1217 2002 1349 2056 quibus
1388 1998 1502 2039 hodie

68 2067 229 2110 utimur,
271 2071 430 2104 constat.
490 2064 586 2103 Nam
613 2072 650 2103 et
677 2066 839 2104 Fourz‘os
865 2063 1039 2103 dicebant
1067 2075 1134 2113 pro
1164 2061 1314 2105 Furiis,
1348 2063 1387 2095 et
1415 2056 1501 2094 Pai-

70 2129 127 2160 tos
174 2133 217 2158 ac
230 2117 280 2171 †)
323 2121 499 2158 Az'mz'le'os
554 2134 621 2171 pro
670 2122 795 2159 Paetis
837 2126 875 2158 et
908 2120 1084 2158 Aemiliis
1096 2146 1108 2163 ‚
1156 2123 1194 2154 et
1242 2114 1287 2152 de
1327 2111 1502 2152 Sabz'uez‘s

67 2175 315 2226 triumphasse
348 2175 613 2226 Tarquinium,
653 2174 699 2212 de
730 2176 925 2214 Etruscez's
952 2175 1038 2213 Ser.
1067 2172 1256 2217 Tullium,
1297 2170 1334 2206 in
1363 2165 1501 2206 veteri-

66 2231 135 2269 bus
176 2231 420 2268 monumentis
448 2231 619 2281 legimuS.
678 2229 776 2277 Quin
809 2231 920 2268 etiam
950 2237 990 2267 ut
1017 2231 1060 2268 αἱ
1083 2240 1150 2280 pro
1178 2240 1246 2272 ae,
1288 2225 1342 2261 sic
1371 2224 1411 2260 οἱ
1434 2234 1501 2272 pro

67 2300 111 2324 oe
139 2284 324 2324 interdum
354 2285 546 2333 scribere,
586 2293 626 2324 ut
653 2286 808 2336 opinor,
852 2285 1035 2323 solebant.
1095 2283 1224 2333 Itaque
1261 2278 1358 2331 apud
1389 2277 1504 2315 Plau-

68 2347 143 2378 tum
183 2341 219 2378 in
249 2340 509 2378 Menaechmis
544 2343 720 2393 proz‘lz'um
739 2340 817 2394 ††)
862 2348 900 2379 et
931 2341 1072 2392 proz‘lz‘o
1106 2338 1145 2375 in
1177 2335 1368 2375 veteribus
1398 2332 1503 2371 libris

69 2397 246 2446 scriptum
296 2395 542 2435 animadverti
583 2409 649 2448 pro
685 2409 755 2443 eo,
803 2395 901 2448 quod
938 2408 1034 2433 nunc
1062 2394 1249 2446 proelium
1289 2397 1326 2429 et
1354 2388 1500 2440 proelio

143 2522 186 2557 τὰ]
206 2522 258 2551 lib.
278 2524 301 2551 Ι.
322 2530 354 2551 v.
373 2522 436 2552 936
455 2529 501 2556 sq.
523 2523 554 2550 et
572 2521 626 2549 lib.
646 2522 699 2550 IV.
720 2528 752 2550 v.
774 2522 815 2550 12
835 2528 882 2555 sq.
922 2521 1063 2555 Utroque
1091 2519 1160 2548 Ioco
1186 2516 1276 2548 editt.
1296 2516 1426 2546 inverso
1448 2520 1502 2542 or-

69 2559 143 2589 dine
163 2561 280 2588 habent
299 2561 397 2589 mellis
415 2561 507 2588 dulci.
547 2559 594 2589 Cf.
615 2565 712 2594 supra
731 2560 784 2588 lib.
805 2560 916 2588 xvssl.
937 2565 1006 2594 cap.
1027 2557 1057 2587 4.

142 2608 211 2643 etz-*J
233 2608 318 2637 Orat.
337 2609 447 2637 XXIV.
468 2614 539 2643 pag.
558 2608 630 2637 302.
651 2608 687 2636 B.
707 2607 804 2636 Hard.

143 2656 236 2691 ἔῖὓὶἒῑίἑ)
257 2657 325 2685 Hoc
344 2657 533 2686 vocabulum
552 2663 572 2685 a
592 2655 717 2686 Latinis
736 2657 898 2692 receptum
917 2661 980 2684 non
999 2655 1058 2683 est.

143 2703 188 2742 †)
209 2706 276 2734 scr.
295 2706 395 2740 aeque.

69 2794 92 2821 F
140 2751 218 2818 jux-J
239 2751 286 2783 Cf.
307 2754 386 2783 Hub.
417 2752 563 2789 Giphanii
590 2753 683 2789 epist.
710 2753 750 2782 ad
778 2754 891 2783 Mutet.
918 2751 949 2780 in
975 2750 1068 2780 huius
1089 2750 1167 2785 opp.
1189 2748 1275 2778 Tom.
1296 2749 1319 2777 1.
1339 2752 1410 2783 pag.
1431 2745 1501 2776 519⁴

96 2799 176 2821 anci.

1534 1449 1595 1479 125
