1726 3106
480 128 584 168 LIB.
618 127 671 166 X.
732 126 851 167 CAP.
883 126 1036 167 XVIII.
1398 124 1481 166 233

43 254 168 280 veram
197 241 395 293 pietatem,
436 251 542 289 quam
574 238 712 284 ceteri,
742 235 861 289 quod,
906 238 979 277 etsi
1007 238 1088 275 veri
1119 235 1195 275 Dei
1227 234 1480 286 cognitionem

43 298 236 335 consecuti
278 309 350 333 non
381 301 510 339 erant,
554 306 619 331 eos
655 300 804 339 tamen,
851 295 912 342 qui
952 293 1165 331 colerentur
1193 305 1214 330 a
1243 291 1481 342 popularibus

44 353 137 398 suis,
170 351 260 389 deos
289 364 362 388 non
392 361 478 386 esse
507 348 776 418 intelligebant.
826 347 959 385 Verba
990 349 1038 399 pii
1068 361 1111 385 ac
1139 347 1258 385 sancti
1288 347 1482 396 scriptoris

44 406 137 444 haec
169 413 254 445 sunt
273 404 344 456 *):
383 400 597 454 θαυμάζειν
636 403 755 443 ἔπεισί
788 416 873 452 μοι,
915 400 990 456 ότῳ
1025 399 1151 471 τρόπῳ
1181 398 1384 467 Εὐήμερον
1415 397 1484 440 τὸν

30 458 352 529 Ἀκραγαντῖνον,
385 457 451 498 καὶ
482 456 681 523 Νικανορα
716 454 783 497 τὸν
819 444 1016 509 Κύπριον,
1057 457 1123 496 καὶ
1135 454 1376 522 Διαγόραν,
1415 454 1482 496 καὶ

30 514 207 555 Ἰππωνα
239 511 306 554 τὸν
336 512 513 565 Μηλιον,
551 511 618 554 τόν
654 528 693 555 τε
718 515 941 578 Κυρηναῖον
978 511 1040 551 ἐπὶ
1076 510 1225 560 τούτοις
1252 511 1418 560 ἐκεῖνον,
1459 526 1482 550 ο

48 567 282 622 Θεόδωρος
272 566 393 620 ὄνομα
419 566 546 623 αὐτῷ,
574 568 640 607 καί
667 583 772 614 τινας
802 564 940 614 ἄλλους
967 565 1147 618 συχνοὺς,
1185 563 1395 618 σωφρόνως
1422 567 1485 618 βε-

42 623 229 692 βιωκότας
259 624 324 664 καὶ
350 611 646 675 καθεωρακότας
676 619 853 688 ὀξύτερόν
879 638 956 662 που
985 626 1061 661 τῶν
1088 626 1232 663 λοιπῶν
1262 619 1485 689 ἀνθρώπων

42 677 112 732 τὴν
143 678 241 731 ἀμφὶ
279 676 369 726 τοὺς
395 677 516 725 θεοὺς
543 676 702 724 τούτους
728 676 895 728 πλάνην,
934 676 1079 724 ἀθέους
1105 675 1412 729 ἐπικεκληκασιν,
1450 677 1485 716 εἰ

43 735 108 775 καὶ
143 733 213 786 τὴν
251 731 438 785 ἀλήθειαν
475 731 598 784 αὐτὴν
636 730 687 785 μὴ
725 730 975 784 νενοηκότας,
1022 730 1115 772 ἀλλα
1152 749 1222 784 την
1257 730 1405 784 πλανην
1442 747 1485 786 γε

42 787 196 830 ὖπωπτε
181 787 358 838 υκότας,
406 787 498 842 όπερ
539 786 586 828 οὗ
633 785 792 840 σμικρὸν
836 788 890 835 εἰς
930 786 1115 839 ἀληθείας
1136 788 1208 837 ³³³³)
1262 801 1485 840 φρονησεως

43 843 218 898 ζώπυρον
254 841 467 895 ἀναφύεται
503 843 659 907 σπέρμα.
717 843 875 881 Constat
912 844 1050 894 igitur,
1096 858 1228 882 novum
1268 858 1340 881 non
1378 857 1480 890 esse,

45 901 110 939 sed
138 902 211 938 illis
240 901 350 938 etiam
380 900 607 951 temporibus
636 900 673 937 in
703 897 970 937 consuetudine
1000 899 1155 949 positum
1187 900 1327 944 fuisse,
1363 906 1402 937 ut
1430 900 1485 937 illi

45 957 140 1007 ipsi,
183 957 244 1006 qui
274 957 310 993 in
341 956 485 993 ratione
525 954 639 992 divini
670 955 828 991 numinis
858 953 1005 991 colendi
1047 954 1274 992 foedissimis
1304 955 1486 1005 implicati

45 1011 239 1049 erroribus
282 1010 531 1055 tenebantur,
582 1009 791 1049 homiuibus
831 1009 1010 1056 eruditis,
1059 1010 1191 1058 quibus
1231 1011 1486 1059 intelligerent

46 1067 238 1104 stultitiam
277 1079 379 1103 suam
420 1079 492 1102 non
533 1065 710 1116 probari,
754 1065 954 1116 impietatis
990 1070 1027 1103 et
1057 1062 1267 1117 ἀθεότητος
1304 1065 1486 1104 maculam

44 1121 275 1173 adspergere
303 1127 543 1159 conarentur.

497 1263 529 1302 C
559 1263 786 1303 APUT
847 1263 1029 1303 XVIII.

71 1344 126 1381 De
155 1343 234 1382 loeo
264 1342 422 1394 quodam
451 1355 501 1379 ex
527 1342 709 1380 Eunucho
745 1343 970 1380 Terentiana
995 1343 1122 1380 verius
1151 1343 1277 1381 vz'derz‘
1299 1344 1460 1382 sensisse

457 1399 668 1443 Donatum,
702 1410 812 1448 quam
846 1397 1074 1437 Tarnebum.

47 1478 323 1534 Racmssmm
354 1510 397 1534 ac
426 1496 623 1534 verissime
662 1504 885 1547 exposuerat
913 1495 1188 1535 eruditissimus
1218 1497 1488 1536 Grammatico-

48 1567 128 1592 rum
156 1552 328 1590 Donatus
358 1551 494 1589 dietum
524 1550 611 1589 illud
637 1551 848 1590 Phaedriae
875 1550 1231 1606 Tere11tiani*³“⁶2‘÷),

544 1629 591 1667 Se·
615 1641 689 1666 non
720 1629 903 1678 tangendi
927 1631 1036 1679 eopia
1067 1636 1138 1676 est,

156 1683 268 1723 Eho!
294 1697 340 1721 ne
366 1684 520 1721 videndi
547 1685 691 1733 quidem
724 1684 828 1721 erit?
857 1685 894 1721 sz'
917 1685 1013 1722 illud
1037 1697 1111 1723 non
1140 1686 1245 1733 lieet,

155 1740 301 1777 Saltem
331 1739 402 1776 hoe
429 1738 568 1776 licebit.
632 1741 745 1777 Certe
775 1746 945 1777 extrema
975 1741 1073 1777 linea

156 1796 327 1840 Amare,
359 1794 463 1831 haud
489 1794 588 1832 nihil
610 1801 688 1831 est.-

51 1884 132 1909 cum
174 1870 318 1908 diceret
356 1872 516 1921 quinque
553 1872 693 1909 amoris
731 1871 835 1922 quasi
872 1873 989 1909 lineas
1019 1884 1130 1917 esse,
1173 1884 1331 1923 quarum
1362 1874 1490 1924 prima

50 1933 130 1972 est,
162 1928 290 1964 videre
321 1939 425 1971 eam,
468 1939 577 1976 quam
606 1939 731 1965 ames.-
762 1929 950 1972 seemzda,
980 1940 1061 1965 eum
1092 1940 1137 1965 ea
1164 1941 1369 1966 Sermonem
1400 1942 1491 1966 eon-

39 1981 177 2032 scrre:
218 1983 355 2026 terte‘a‚
381 1995 492 2031 posse
521 1995 600 2019 eam
630 1984 874 2031 contz'ngere:
913 1989 1051 2032 quarta
1061 2010 1073 2028 ‚
1105 1985 1296 2021 oscularz':
1341 1985 1487 2034 quinta,

47 2037 181 2087 potiri.
241 2036 358 2073 Vetus
396 2044 519 2074 tamen
557 2039 667 2088 poe'ta
703 2036 872 2075 Graecus
891 2036 941 2090 †)
977 2050 1040 2075 eas
1070 2044 1211 2075 tantum
1241 2045 1397 2090 quatuor
1432 2039 1493 2077 fe-

52 2098 155 2130 cerat
183 2098 272 2129 noto
302 2091 483 2129 disticho:

164 2165 375 2221 Εὐδαίμων
404 2164 427 2207 ὁ
453 2166 603 2219 βλέπων
631 2179 689 2218 σε,
719 2167 799 2221 τρὶς
826 2165 974 2220 ὄλβιος,
1003 2166 1104 2216 ’ὅςτις
1130 2165 1275 2220 ἀκούει,

214 2221 398 2275 Ἡμίθεος
427 2221 461 2263 δ’
495 2221 518 2263 ὁ
547 2227 692 2275 φιλῶν,
722 2221 921 2272 ἀθάνατος
947 2222 981 2264 δ’
1012 2221 1034 2264 ὁ
1063 2222 1201 2265 συνών.

54 2306 188 2358 Neque
219 2307 387 2357 cuiquam
425 2307 556 2344 mirum
585 2305 703 2345 videri
735 2306 870 2353 debet,
913 2306 1095 2354 eandem,
1137 2321 1231 2359 quae
1270 2308 1387 2359 prima
1416 2316 1489 2356 cst,

56 2370 258 2400 extremam
289 2362 428 2399 vocari.
473 2362 599 2399 Prima
627 2363 723 2400 enim
755 2370 812 2400 est
840 2363 876 2399 in
906 2362 1137 2400 conciliando
1158 2376 1285 2401 amore
1313 2365 1492 2415 quasique

56 2416 254 2455 munienda
283 2417 341 2455 via
370 2416 416 2454 ad
443 2415 504 2464 id,
533 2416 631 2468 quod
656 2425 825 2456 amantes
855 2419 1134 2470 concupiscunt.
1194 2418 1272 2457 Sed
1302 2420 1333 2458 si
1365 2421 1446 2471 quis
1472 2433 1495 2458 a

134 2550 178 2585 *J
198 2556 268 2584 cap.
289 2551 318 2578 2.
339 2550 371 2586 S.
393 2550 443 2579 24.
463 2557 535 2586 pag.
556 2551 585 2580 ⁸7.
606 2551 655 2580 ed
676 2553 763 2587 sylb.
793 2559 866 2588 pag.
887 2552 928 2582 2⁰
947 2559 994 2588 sq.
1015 2552 1064 2582 ed.
1084 2554 1168 2582 Pott.

148 2603 202 2638 ‹th
222 2605 336 2634 Faesio
361 2596 532 2642 ἀληθοῦς,
560 2605 636 2635 mihi
655 2606 781 2636 videtur
800 2607 1000 2638 scribendum
1020 2616 1094 2638 esse
1122 2600 1292 2644 ἀληθειας
1314 2599 1376 2632 καὶ
1401 2610 1495 2644 φρῦ-

60 2620 204 2687 νήσεοκ.

132 2700 172 2725 ³⁴⁸2
172 2698 226 2732 ’-4.)
246 2699 457 2728 Eunueh.1V.
478 2699 508 2736 2,
531 2698 582 2728 1o.

134 2748 179 2783 †)
200 2746 330 2775 Rufinus
350 2746 382 2773 in
401 2748 537 2776 Brunck.
558 2747 654 2776 Anal.
675 2748 763 2776 Tom.
782 2749 820 2777 11.
841 2754 911 2782 pag
932 2746 1005 2776 396.
1039 2746 1164 2775 Jacobs
1185 2747 1315 2775 Anthol.
1335 2748 1386 2775 Gr.
1407 2748 1495 2776 Tom.

64 2792 114 2819 ΙΙΙ.
135 2796 206 2824 pag.
230 2789 298 2819 104.
320 2790 430 2818 XX1V.
470 2790 601 2819 lunctim
622 2791 664 2819 ibi
683 2791 832 2820 scribitur
851 2783 1055 2829 τριςόλβιος,
1076 2792 1189 2821 deinde
1209 2782 1393 2825 ἀθάνατος
1416 2783 1447 2819 δ
1475 2782 1493 2820 ὁ

64 2829 204 2874 γαιιοῦν.
242 2834 642 2867 cnsacobsiicomment.
664 2837 822 2867 Tom.1X.
843 2844 915 2873 pag.
937 2837 1006 2867 169.

1520 2315 1582 2345 215
