1726 3106
555 103 656 143 LIB.
687 104 737 142 11.
799 102 918 142 CAP.
951 103 984 141 1.
1437 103 1491 143 29

51 219 148 257 teles
165 210 330 280 *).O1’›
359 209 445 266 γὰρ,
475 210 597 263 ὥςπερ
622 212 717 253 ἔνιοι
740 215 816 253 τῶν
841 208 1163 265 τεχνολογούντων
1186 210 1399 251 τιθέασιν’
1381 228 1423 251 εν
1443 215 1491 267 τῇ

51 272 159 328 τέχνῃ
191 269 256 311 καὶ
288 266 357 320 τὴν
393 268 597 307 ἐπιείκειαν
634 272 703 308 τοῦ
735 267 918 321 λέγοντος.
977 267 1122 315 Quibus
1164 267 1289 304 verbis
1329 269 1489 317 optimus

52 329 237 378 inter-p1es
255 322 328 376 *ff
368 325 536 360 accusari
575 330 673 374 putat
717 337 807 368 eos,
852 324 941 373 qui,
979 336 1059 360 cum
1091 329 1206 359 artem
1239 330 1488 371 exponerent,

52 384 89 421 in
110 390 190 420 arte
221 379 378 417 dicentis
404 379 655 427 integritatem
681 378 928 415 collocabant.
987 376 1154 422 Deinde,
1188 392 1239 423 ως
1262 374 1374 415 οὐδὲν
1396 385 1491 428 συμ,ρ

51 435 284 489 βαλλομένου
323 429 419 485 ποὸς
452 430 494 472 τὸ
533 430 715 472 πιθανόν.
774 433 867 470 Hoc
904 431 998 469 idem
1039 433 1227 482 interpres
1267 439 1370 483 putat
1406 445 1489 470 cum

53 492 244 530 stomacho
276 496 312 526 et
349 495 558 538 contemptu
597 490 740 526 illorum
773 489 885 538 magi·
874 494 1031 525 trorum
1072 488 1354 537 pronunciatum
1386 500 1487 526 esse.

52 547 129 586 Sed
173 545 340 596 profecto
379 551 415 580 et
448 543 552 581 valde
591 551 720 581 coacta
749 543 896 580 videtur
926 543 1018 580 haec
1049 541 1277 580 declaratio:
1321 549 1359 580 et
1389 543 1490 593 ipse-

51 599 259 652 ῐηθῑῗρῖθὲ),
291 599 394 664 quasi
419 598 487 635 hoc
520 600 699 643 sentiens,
731 599 933 635 titubanter
957 597 1054 647 loqui
1080 597 1239 634 videtur.
1301 598 1492 648 Sequitur,

51 653 145 696 ἀλλὰ
171 651 327 706 σχεδὸν,
363 669 415 699 ως
444 654 583 701 εἰπεῖν,
620 650 855 705 κυριωτάτην
891 652 963 704 ἔχει
1000 652 1127 691 πίστιν
1165 649 1208 691 τὸ
1245 645 1358 703 ἦθος.
1416 653 1491 690 Ubi

50 713 136 756 ille,
169 711 293 755 Hinc,
326 710 470 759 inquit,
506 710 649 746 inscitia
682 709 807 745 horum
835 708 1025 746 doctorum
1057 707 1215 757 intelligi
1245 714 1390 757 potest.
1429 709 1491 759 qui

51 767 144 805 nihil
167 765 339 803 momenti
368 763 411 800 ad
440 763 544 801 fidem
576 762 782 801 faciendam
811 764 950 801 habere
980 760 1223 808 crediderint,
1260 762 1354 813 quod
1376 763 1491 801 maxi-

51 835 145 860 mam
186 821 346 857 omnium
384 820 500 856 ferme
536 820 606 856 vim
649 819 773 858 habet.
841 819 948 856 Haec
986 819 1062 857 ille.
1134 818 1242 865 Quae
1281 831 1387 869 quam
1428 831 1492 855 co-

51 877 258 921 haereant,
290 887 470 924 quamque
500 875 600 911 inter
632 887 672 911 se
704 881 788 923 apta
815 876 911 920 sint,
942 874 1111 912 omnibus
1141 874 1374 924 perspicuum
1406 885 1492 911 esse

51 932 228 970 arbitror.
288 929 395 979 Ego,
441 942 534 980 quae
566 929 625 966 ille
656 928 829 972 divulsit,
868 930 1124 979 coniungenda
1155 928 1273 967 duco:
1314 936 1352 966 et
1384 942 1491 979 quam

51 989 271 1038 scripturam
297 986 393 1035 ipse,
427 998 505 1021 cum
532 984 738 1034 reperisset
767 986 801 1020 in
828 984 890 1020 illo
917 998 983 1021 suo
1009 986 1146 1035 optimo
1177 992 1213 1021 et
1236 984 1493 1033 antiquissimo

51 1042 172 1087 libro,
218 1041 400 1077 rationem
439 1040 520 1076 eius
558 1051 598 1075 se
638 1052 708 1074 non
745 1038 934 1088 dispicere
973 1040 1093 1076 fassus
1134 1046 1216 1084 est,
1259 1040 1493 1076 verissimam

51 1109 137 1134 esse
173 1102 294 1133 statuo
310 1093 384 1145 †):
443 1092 752 1161 συμβαλλομένην
792 1093 986 1139 videlicet,
1041 1107 1114 1131 non
1169 1092 1491 1144 συμβαλλομένου.

49 1150 173 1189 Etiam
196 1149 362 1187 vzoculnn
391 1163 456 1187 και
483 1148 590 1185 deleo
621 1148 773 1184 multis
765 1150 955 1198 impressis
984 1149 1088 1186 libris
1109 1149 1347 1186 auctoribus·
1381 1156 1492 1200 atque

50 1208 103 1244 ita
129 1207 211 1256 lego
242 1204 426 1254 denique:
476 1199 533 1241 Οὐ
561 1218 632 1255 γαο
644 1233 654 1250 ,
694 1201 816 1255 ὥςπερ
847 1203 943 1242 ε’νιοι
979 1206 1054 1242 τῶν
1089 1200 1413 1271 τεχνολοΙουντων
1441 1219 1494 1242 τι-

49 1261 188 1301 θέασιν
216 1258 256 1298 ἐν
282 1275 327 1314 τη
355 1256 468 1324 τέχνῃ
497 1273 567 1308 την
595 1257 798 1297 ἐπιείκειαν
834 1262 902 1297 τοῦ
931 1257 1130 1328 λέγοντος,
1177 1274 1230 1305 ως
1259 1256 1372 1298 οὐδὲν
1402 1270 1494 1310 συμ-

49 1313 282 1368 βαλλομένην
310 1310 406 1369 πρὸς
431 1310 472 1352 τὸ
497 1310 688 1352 πιθανόν·
723 1309 818 1352 ἀλλὰ
847 1311 991 1364 σχεδὸν,
1021 1329 1073 1360 ως
1096 1314 1226 1362 εἰπεῖν,
1256 1311 1495 1366 κυριωτάτην

50 1372 123 1423 ἔχει
151 1371 277 1410 πίστιν
304 1366 346 1408 τὸ
376 1371 489 1420 ηθος.
548 1368 646 1416 Quid
678 1375 800 1406 autem
839 1376 912 1406 tau]
945 1371 1205 1415 manilestum,
1249 1382 1355 1420 quam
1388 1369 1491 1415 illud,

50 1423 360 1491 συμβαλλομένην
390 1424 433 1461 ad
455 1436 533 1474 seq.
561 1439 631 1474 την
650 1423 854 1463 ἐπιείκειαν
883 1424 1047 1462 referri?
1075 1424 1116 1464 ἐν
1136 1423 1245 1478 τέχνη
1273 1432 1395 1462 autem
1418 1432 1491 1472 est,

51 1483 87 1520 in
121 1482 226 1519 libris
259 1479 304 1517 de
335 1479 429 1516 Arte
463 1480 625 1529 scriptis.
687 1478 913 1517 Particulam
945 1476 1078 1530 σχεδόν
1120 1493 1164 1517 eo
1196 1465 1362 1525 addidit,
1408 1481 1492 1531 quia

52 1538 133 1575 sine
168 1535 278 1573 dubio
309 1535 502 1585 plurimum
539 1533 583 1570 ad
622 1533 729 1571 fidem
770 1535 894 1572 valent
931 1535 973 1573 αἱ
999 1532 1218 1582 ἀποδείξεις.
1278 1535 1318 1572 In
1360 1535 1492 1573 eodem

52 1593 160 1630 etiam
192 1591 306 1636 libro,
347 1590 407 1626 ubi
444 1588 607 1626 ostendit
646 1589 858 1627 rhetoricen
899 1591 1088 1641 aequalem
1128 1603 1211 1628 esse
1253 1590 1490 1637 dialecticae,

51 1655 161 1697 atque
190 1647 289 1683 inter
318 1651 445 1681 cetera
479 1651 696 1693 argumenta
727 1646 807 1681 cius
846 1646 900 1682 rei
930 1647 1034 1695 ponit
1070 1645 1106 1683 id
1137 1659 1307 1696 quoque,
1345 1653 1382 1683 ut
1413 1645 1494 1683 dia-

51 1703 205 1740 lecticus
236 1700 410 1737 adhibeat
438 1698 482 1736 ad
508 1698 735 1749 probandum
765 1699 835 1736 duo
865 1700 1134 1746 instrumenta,
1167 1701 1420 1752 syllogismum
1456 1708 1494 1738 et

51 1757 318 1800 inductionem,
352 1755 406 1791 sic
436 1767 480 1791 ac
511 1754 663 1791 rhetore
691 1754 860 1792 adhiberi
890 1756 961 1792 alia
993 1755 1080 1801 duo,
1114 1769 1207 1805 quae
1235 1756 1307 1793 illis
1338 1769 1494 1806 respon-

52 1812 184 1856 deant,
227 1811 465 1875 enthymema
496 1817 532 1846 ct
560 1810 790 1860 exemplum,
833 1823 905 1847 non
937 1810 1062 1847 dubito
1093 1812 1178 1861 quin
1215 1811 1266 1848 ita
1296 1810 1492 1861 legendum

53 1870 127 1905 sit·
166 1869 252 1905 Τῶν
280 1863 320 1903 δὲ
349 1861 413 1902 δια
439 1867 507 1902 τοῦ
539 1861 753 1912 δεικνύναι,
779 1881 804 1915 η
835 1865 1047 1914 φαίνεσθαι
1073 1862 1286 1913 δεικνύναι,
1315 1863 1494 1914 καθάπερ

53 1921 95 1962 ἐν
115 1925 193 1968 τοῖς
219 1921 464 1965 διαλεκτικοῖς
487 1915 529 1957 τὸ
555 1917 621 1969 μὲν
643 1916 817 1985 ἐπαγωγη
843 1919 931 1968 ἐστι,
960 1917 1002 1960 τὸ
1026 1918 1066 1959 δὲ
1095 1917 1360 1984 συλλογισμός·
1390 1925 1494 1960 καλῶ

53 1976 96 2017 δὲ
132 1973 337 2026 ἐνθύμημα
375 1972 442 2042 μὲν
484 1971 686 2025 ῥἠτοοικόν
723 1972 996 2027 συλλογισμόν,
1044 1972 1282 2028 παράδειγμα
1317 1975 1358 2015 δὲ
1403 1976 1492 2016 ἐπα-
1513 1986 1556 2015 33

52 2029 179 2087 γωγὴν
209 2027 423 2084 ῥητορικην.
487 2029 742 2080 Quaecunque
770 2037 891 2068 autem
921 2031 1105 2069 inculcata
1134 2030 1343 2084 sunt††),
1386 2039 1492 2071 recte

127 2146 171 2181 {Q
190 2146 243 2175 lib.
263 2146 286 2174 l.
307 2151 375 2179 cap.
395 2144 424 2172 2.
446 2150 517 2178 pag.
540 2144 636 2181 1356,
660 2143 709 2174 10.
729 2145 831 2173 Bekk.

128 2194 196 2229 *³⁵5
218 2195 288 2223 Vid.
309 2192 378 2221 infr.
398 2191 451 2220 lib.
473 2192 540 2221 vn.
563 2199 630 2226 cap.
651 2192 681 2220 8.

129 2245 167 2269 νεῖ
164 2243 221 2275 m]
243 2240 429 2270 Prouomine
446 2240 618 2271 composito
636 2240 760 2273 ipsemet
780 2240 970 2275 saepissime
990 2248 1066 2269 usus
1088 2243 1137 2270 est
1154 2242 1297 2270 Muretus
1322 2241 1406 2276 (vid
1422 2241 1493 2271 infr

54 2283 107 2312 IV.
119 2282 147 2310 2.
158 2282 185 2309 7.
202 2281 252 2309 Vl.
261 2282 289 2307 5.
306 2280 372 2307 Vll.
384 2279 432 2305 21.
453 2278 534 2304 V1.11
547 2277 1494 2315 4.lx.2.x.1.5.xll.17.X111.17.XV.14.18.X1X.10.],

54 2325 242 2355 quamquam
270 2317 317 2345 bis
339 2318 458 2343 lanium
481 2314 564 2348 apud
586 2319 712 2342 veteres
733 2316 904 2350 scriptores
932 2316 1494 2350 legitur.Plaut.A1npuur.Pr.01

55 2365 86 2386 v.
112 2357 179 2385 102.
200 2354 368 2389 zpsemet
387 2353 473 2385 abiit
498 2354 528 2378 et
548 2351 658 2379 Cicelo
679 2354 794 2386 plurali
817 2361 946 2381 numero
970 2354 999 2380 in
1021 2355 1108 2382 Verr.
1131 2355 1182 2381 lib
1198 2356 1249 2382 ΙΙΙ.
1273 2362 1340 2388 (ιη).
1366 2357 1389 2382 t.
1412 2357 1443 2387 §.
1463 2356 1493 2383 3.

54 2401 206 2430 uunquam
228 2391 387 2426 zpsimet
405 2373 493 2416 nobis
512 2391 760 2420 maecz'deremus
775 2392 863 2418 istm-e
879 2392 1040 2419 licentiam
1083 2391 1151 2419 Vid.
1168 2393 1294 2420 Ruhnk
1315 2393 1354 2419 ad
1371 2394 1455 2420 ''.lom
1471 2394 1494 2421 1.

55 2440 127 2466 pag.
140 2432 209 2459 221.
221 2433 251 2458 et
266 2429 318 2463 qui
334 2428 416 2456 haud
433 2428 661 2455 contemnenda
677 2428 805 2463 attulit,
828 2429 983 2457 Kreusius
998 2428 1163 2458 Antibarb.
1182 2436 1254 2464 pag.
1275 2430 1344 2457 279.
1364 2430 1412 2457 ed.
1429 2437 1493 2458 sec.

132 2475 177 2513 ‘'-J
207 2477 287 2505 Vide
315 2475 458 2504 lambini
480 2474 687 2508 epistolaml.
710 2482 734 2502 r.
758 2483 827 2510 pars.
850 2477 920 2504 398.
949 2478 986 2504 D.
1009 2478 1045 2504 R.
1069 2492 1105 2497 —-
1145 2478 1222 2506 Cum
1245 2477 1396 2505 lambino
1419 2477 1494 2506 facit

57 2518 107 2545 Fr.
136 2519 176 2544 A.
204 2514 341 2541 &Vulnus
371 2514 401 2541 in
428 2513 558 2541 Auctar.
589 2513 702 2541 Auum
698 2514 782 2541 .dv.x
804 2514 912 2542 V‘aleti
941 2515 980 2542 ad
1009 2514 1302 2543 A1is10t.Rue10r
1330 2516 1494 2549 [5314202.

56 2559 232 2623 Bekkenifd
253 2564 294 2584 ex
315 2557 411 2585 Codd.
433 2551 735 2596 συλᾙνιιβαλλοιιενηι
762 2557 856 2586 edidit
879 2557 996 2585 omissa
1023 2558 1178 2592 particula
1205 2555 1284 2595 καί,
1314 2565 1406 2593 quam
1427 2561 1494 2586 tres

56 2596 143 2626 Codd
174 2602 193 2623 a
238 2597 299 2622 unt.

133 2641 200 2680 †·s)
222 2642 291 2671 Vid
308 2644 412 2669 tamen
431 2642 922 2672 sev-e1.*»ater.Animadverss
942 2650 1011 2686 pag
1029 2642 1078 2671 24.
1100 2645 1213 2671 FAesl
1223 2660 1259 2664 —
1279 2643 1394 2679 Verba,
1412 2648 1494 2677 quae

57 2683 217 2715 tamquam
243 2679 350 2713 spuria
369 2680 462 2709 eiecit
483 2683 644 2716 Muretus,
675 2681 764 2708 unico
786 2685 921 2714 exc-epto
944 2681 975 2708 in
996 2681 1137 2708 omnibus
1159 2681 1297 2709 Bekkeri
1325 2663 1415 2708 libris
1442 2681 1494 2708 le-

57 2727 184 2757 guntur,
206 2731 304 2758 quare
324 2725 425 2751 locum
447 2725 598 2753 addamus
619 2725 784 2770 integrum.
807 2727 933 2759 quatem
954 2725 1022 2759 ipse
1043 2724 1186 2751 exhibuit
1209 2725 1392 2752 Bekkerus:
1419 2719 1494 2751 τῶν

58 2761 99 2796 δὲ
124 2760 183 2795 διὰ
209 2764 271 2795 τοῦ
295 2758 443 2795 δεικνιι
435 2773 502 2800 αι,
537 2760 703 2796 καθάπεο
729 2765 789 2796 καὶ
814 2763 853 2796 ἐι
876 2765 950 2800 τοῖς
974 2761 1207 2798 διαλεκτικοῖς
1236 2761 1274 2794 τὸ
1298 2761 1368 2807 μὲν
1399 2760 1493 2795 ἔπα-

57 2803 158 2852 γωγή
182 2806 257 2841 ἐστι
280 2804 319 2842 τό
346 2805 387 2840 δὲ
412 2805 654 2852 συλλογισμὸς
676 2797 715 2843 τὸ
742 2808 781 2843 δὲ
807 2805 1029 2853 ᾳαινὸμενος
1053 2803 1315 2852 συλλογισμός,
1345 2807 1406 2841 καὶ
1429 2805 1492 2843 ἐν·
