1778 3096
503 150 605 189 LlB.
637 150 746 191 XVI.
808 149 926 189 CAP.
954 149 1065 190 XIV.
1425 148 1506 191 379

478 258 780 299 annnomus.
840 261 1090 300 Pmmmus.

68 324 144 365 LE.
177 326 268 365 Flos
290 327 427 364 veteris
453 328 534 363 vini
556 329 645 364 meis
674 327 832 364 naribus
860 327 1024 364 obiectus
1053 332 1122 364 est.

176 382 271 419 Eius
294 394 397 418 amos
426 382 596 431 cupidam
626 396 682 419 me
712 383 785 418 lzuc
811 394 883 432 per
915 382 1088 419 tenebras
1113 381 1283 432 prolicit.

182 435 256 474 Ubi
279 435 347 473 ubi
371 443 446 480 est,
473 450 593 486 prope
619 450 674 474 me
701 443 772 474 est.
833 438 969 481 Euam,
998 436 1132 475 habeo.

339 492 454 529 Saloe
483 493 605 528 anime
632 493 696 537 mi,

175 545 310 583 Liberi
331 547 444 596 lepos.
511 548 560 584 Ut
584 546 720 584 veleris
747 546 890 582 vetusti
912 545 1047 594 cupida
1076 557 1173 591 sum,

173 601 271 638 Nam
297 614 394 651 prae
425 608 512 647 tuo,
545 607 816 651 unguentorum
847 602 1005 637 omnium
1037 600 1126 636 odos
1155 608 1297 639 nautea
1325 608 1395 642 est.

180 656 234 692 Tu
262 657 355 693 milei
381 662 524 702 stacte,
556 664 598 694 tu
627 657 919 700 cinnamomum,
955 662 995 692 tu
1023 666 1130 700 rosa,

180 711 234 748 Tu
260 720 430 756 crocum,
462 718 499 749 et
526 712 648 748 cassia
677 724 734 760 es,
763 717 803 747 tu
834 710 1030 747 bdellium.-
1062 723 1148 746 nam
1178 710 1247 748 ubi

180 766 235 802 Tu
258 766 461 815 profusus,
494 766 550 802 ibi
575 778 644 815 ego
675 779 732 803 me
759 766 941 815 sepultam
967 766 1162 815 pervelim.

172 821 252 857 Sed
278 834 386 870 quum
418 821 540 858 adhuc
566 833 659 858 naso
688 828 746 859 est
773 821 970 858 obsecutus
999 821 1089 859 odos
1117 833 1211 867 meo,

171 875 232 912 Ba
261 888 358 913 nunc
385 877 544 913 vicissim
572 878 728 925 gutturi
752 889 830 913 meo
857 876 1053 925 gaudium.

172 930 283 968 Nihil
307 943 379 980 ago
411 931 560 969 tecum?
595 931 662 968 ubi
686 933 788 982 ipsus
814 931 895 968 est?
931 932 1049 980 ’psum
1081 936 1216 981 expeto

181 986 372 1035 Tangere,
403 993 442 1024 et
469 988 666 1036 invergere
695 988 859 1036 liquores
887 987 923 1024 in
954 997 1009 1022 me
1040 991 1124 1023 tuos

176 1041 267 1078 Sino
297 1042 459 1079 ductim.-
490 1042 559 1078 sed
586 1043 658 1079 liae
687 1042 802 1086 abiit,
834 1042 906 1078 leae
928 1053 1156 1091 persequar.

63 1095 142 1137 ΡΗ.
175 1097 268 1133 Sz'a't
293 1097 388 1133 liaeo
417 1109 525 1134 anus.
586 1096 660 1134 ΡΑ.
695 1098 919 1146 Quantulum
948 1095 1056 1133 siat?
1111 1095 1190 1133 ΡΗ.
1232 1097 1382 1135 Modico
1408 1099 1502 1137 silit.

178 1151 290 1200 Capit
320 1152 561 1201 quadrantal.
622 1151 696 1189 ΡΑ.
724 1152 796 1189 Pol
820 1152 987 1202 quidem,
1018 1157 1063 1188 ut
1090 1157 1130 1188 tu
1153 1153 1374 1202 praedicas,

174 1206 371 1243 Vindemia
402 1207 497 1243 llaec
524 1208 612 1244 lcuic
642 1208 736 1245 (mai
755 1220 830 1244 non
858 1208 935 1243 soli
958 1212 1020 1243 sat
1048 1212 1118 1243 est.

177 1261 315 1298 Canem
344 1262 488 1311 quidem
519 1275 598 1299 esse
626 1263 724 1299 lianc
747 1274 824 1310 par
854 1263 977 1310 magis
996 1260 1105 1311 ficit:
1138 1272 1266 1309 sagax

172 1317 315 1353 Nasum
345 1316 472 1354 habet.
532 1316 607 1353 LE.
636 1316 808 1360 Amabo,
839 1318 952 1365 quoia
981 1328 1055 1352 voa)
1083 1322 1196 1352 sonat
1218 1316 1381 1364 procul?

63 1369 142 1409 ΡΗ.
173 1372 299 1408 Anum
330 1371 592 1421 appellandam
622 1372 719 1409 hane
749 1382 893 1408 censeo.
953 1370 1097 1408 Adibo.
1158 1371 1268 1415 Redi,

173 1427 225 1463 Ec
254 1428 398 1476 respice
427 1428 478 1473 ad
504 1440 559 1464 me
588 1427 674 1464 lzuc.
734 1424 810 1462 LE.
847 1426 937 1476 Quis
966 1427 1173 1476 imperator
1203 1425 1287 1463 est?

64 1479 138 1519 ΡΛ.
177 1481 270 1518 Vini
288 1482 435 1531 pollens
460 1482 606 1532 lepidus
635 1481 765 1528 Liber,

180 1535 266 1573 Tibi
290 1537 358 1585 qui
384 1537 530 1582 siccae,
562 1539 819 1581 semisomnae,

175 1592 354 1629 Sereanli
374 1598 502 1642 potum
532 1591 673 1644 affert,
705 1598 744 1629 et
768 1591 938 1628 sedatum
967 1589 1000 1627 it
1024 1589 1138 1627 sitim.

64 1666 360 1717 Elegantissime
389 1674 508 1705 autem
540 1669 653 1714 fecit,
688 1675 750 1714 ut,
791 1667 895 1718 quasi
925 1665 1055 1704 Liberi
1084 1665 1200 1717 patris
1231 1678 1338 1704 sacra
1370 1666 1504 1714 ferret,

65 1723 227 1761 senariis
255 1722 488 1761 interIecerit
517 1722 609 1761 duos
638 1736 770 1762 versus
799 1723 879 1761 eius
908 1722 1076 1773 generis,
1107 1734 1178 1772 quo
1205 1722 1241 1758 in
1272 1723 1351 1760 eius
1381 1723 1506 1762 choris

65 1778 277 1816 utebantur.

66 1854 141 1895 LE.
180 1857 296 1904 Quam
320 1856 428 1905 longe
457 1854 582 1900 abest,
614 1867 774 1905 quaeso,
805 1867 828 1892 a
856 1854 943 1892 me?
999 1852 1076 1892 ΡΗ.
1108 1855 1248 1892 Lumen
1281 1855 1351 1892 hoe
1376 1857 1473 1895 vide.
1532 1866 1595 1896 393

175 1912 256 1949 Fae
282 1912 527 1961 grandiorem
558 1923 672 1960 ergo,
713 1911 893 1956 obsecro,
924 1910 997 1946 lzuc
1027 1910 1079 1946 ad
1106 1922 1161 1945 me
1187 1911 1366 1958 gradum.

177 1967 304 2004 Salve.
364 1964 441 2002 LE.
472 1967 557 2016 Ego
587 1978 634 2003 ne
663 1967 769 2003 salva,
799 1966 889 2010 sim,
921 1977 1016 2015 quae
1043 1966 1146 2001 sicca
1174 1977 1253 2001 sum
1283 1966 1379 2003 siti?

67 2019 146 2058 ΡΗ.
178 2023 236 2059 Ac
265 2022 338 2058 iam
372 2021 486 2059 bibes.
546 2020 620 2057 LE.
651 2022 726 2059 Diu
744 2020 813 2071 fit.
872 2019 950 2057 ΡΗ.
982 2020 1044 2058 En
1076 2019 1148 2057 tibi
1175 2020 1314 2065 lepida.

68 2074 146 2114 LE.
178 2077 292 2114 Salve
322 2077 530 2113 oculissime
558 2077 679 2114 homo.
739 2075 814 2113 ΡΛ.
846 2077 948 2125 Age,
980 2077 1120 2124 agesis,
1153 2074 1306 2125 effunde
1335 2076 1405 2114 boc
1435 2078 1508 2115 cilo

176 2133 222 2170 In
253 2131 499 2176 barathrum,
526 2144 691 2182 propere
715 2132 852 2181 prolue
882 2132 1062 2168 eloacam.
1122 2129 1199 2167 ΡΗ.
1239 2133 1358 2169 Tace:

177 2187 274 2225 Nolo
304 2186 391 2224 huie
421 2187 608 2224 maledici.
667 2185 741 2224 ΡΑ.
773 2186 925 2224 Faciam
955 2187 1076 2235 igitur
1106 2187 1203 2222 male
1226 2187 1367 2237 potius.

67 2239 142 2279 LE.
179 2243 303 2280 Venus
331 2242 376 2279 de
399 2242 515 2292 paulo
540 2242 735 2292 paululum
765 2242 835 2279 hoc
864 2241 936 2278 libi
960 2241 1056 2279 dabo
1087 2240 1183 2278 haut

177 2296 391 2342 Lubenter3
423 2309 581 2347 namque
610 2303 779 2334 amantes
802 2302 1000 2347 potantes,
1034 2296 1105 2333 tibi

180 2353 315 2390 Vinum
340 2353 546 2402 propinant
574 2365 718 2402 semper
747 2364 899 2390 omnes.-
931 2358 973 2389 at
995 2352 1090 2388 milii
1113 2351 1209 2388 haut

181 2408 302 2456 Saepe
330 2408 402 2443 hac
433 2408 587 2444 veniunt
612 2408 883 2444 haereditates.
943 2406 1016 2444 ΡΑ.
1049 2408 1127 2443 Hoc
1153 2407 1256 2451 vide,
1292 2412 1337 2444 ut

179 2463 401 2511 Ingurgilat
427 2463 573 2511 impura
603 2463 640 2499 in
669 2475 709 2500 se
739 2463 907 2499 avariter
935 2474 1089 2506 merum,

178 2517 366 2554 Faucibus
386 2517 524 2567 plenis.
583 2515 661 2554 ΡΗ.
690 2518 798 2555 Perii
821 2517 969 2554 hercle.-
1002 2517 1088 2553 baie
1116 2516 1189 2553 iam
1219 2517 1359 2561 nescio,

183 2572 281 2621 Quid
309 2573 472 2623 primum
510 2572 646 2609 dicam.
714 2571 790 2610 PA.
829 2573 923 2617 Em,
969 2572 1088 2616 istuc,
1129 2572 1229 2620 quod
1265 2572 1358 2609 mibi
1392 2573 1503 2610 [licit.

1004 2625 1080 2663 ΡΗ.
1117 2627 1215 2675 Quid
1242 2627 1326 2665 ese?

70 2679 144 2717 ΡΑ.
184 2681 344 2719 Periisse
373 2688 416 2719 ut
441 2687 476 2719 te
504 2681 623 2719 dicas.
681 2680 758 2718 ΡΗ.
790 2682 845 2719 Di
869 2681 966 2719 male
981 2679 1140 2730 faciant
1166 2682 1246 2719 tibi.

69 2734 143 2774 ΡΑ.
180 2737 252 2774 Die
286 2737 364 2774 isli.
421 2734 498 2775 LE.
538 2737 620 2776 Alc.
678 2735 752 2774 ΡΑ.
799 2737 898 2786 Quid
930 2736 1014 2773 cst?
1056 2737 1189 2785 ecquid
1220 2736 1344 2774 bibere
1375 2736 1507 2775 lubet?

1002 2789 1078 2828 Ln.
1109 2791 1242 2828 Lubet.

71 2843 144 2883 ΡΑ.
180 2846 305 2884 Etiam
334 2846 427 2883 milei
453 2858 596 2897 quoque
626 2846 774 2884 stimulo
792 2844 935 2898 fodere
965 2851 1001 2884 te
1031 2846 1144 2885 lubet.
