1778 3096
153 711 217 741 489

237 147 322 191 464
804 144 932 185 VAR.
965 143 1121 185 LECT.

241 259 357 298 mitiis
395 263 532 310 potest.
593 255 722 304 Quare
762 254 933 294 homines
968 267 1016 294 ex
1054 254 1173 293 Gallia
1207 255 1401 293 venientes
1439 251 1486 292 ad
1520 253 1686 300 comitia,

241 316 304 367 qui
333 315 437 366 prius
465 326 547 350 curn
569 311 645 349 luto
677 318 715 349 et
738 311 895 349 salebris
920 312 957 349 in
979 311 1039 348 via
1059 310 1248 348 Flaminia
1274 310 1409 349 luctari
1429 308 1617 356 solebant,
1641 309 1690 347 iis

242 368 516 409 difficultatibus
546 365 712 418 expediti
744 366 905 405 libenter
933 379 1034 413 eum,
1061 366 1123 417 qui
1153 365 1250 403 illam
1281 366 1473 411 munierit,
1501 364 1691 415 suffragiis

242 427 319 464 suis
354 423 604 468 adiuvabunt;
646 421 806 473 ideoque
842 435 933 460 sane
976 428 1051 460 tum
1093 421 1212 459 libens
1243 421 1426 460 Thermon
1456 421 1585 460 Cc'eerz'
1615 432 1690 458 non

242 481 481 524 accuderz'm,
520 477 557 515 id
587 484 665 523 est,
707 491 778 514 non
820 478 938 515 libens
967 489 1050 514 cum
1088 488 1134 514 eo
1163 474 1417 513 contenderim
1456 489 1500 514 ac
1532 487 1693 514 concur-

241 537 357 574 rerim
388 535 425 572 in
462 533 677 571 consulatus
706 534 901 584 petitione.
962 532 1071 570 Hane
1103 531 1199 569 enim
1231 531 1576 582 interpretationem
1606 543 1693 581 pro-

242 592 343 630 bavit
381 591 440 627 vir
476 603 616 627 summa
646 588 826 638 dignitate
858 586 1071 639 praeditus,
1112 586 1251 624 Paulus
1281 586 1422 624 Foxius
1437 585 1511 639 ἣ,
1552 584 1694 624 Archi-

243 648 442 698 episcopus
469 645 695 689 Tolosanum,
727 645 788 694 qui
818 657 914 681 nunc
943 643 1069 693 regius
1100 642 1137 679 in
1167 642 1260 679 urbe
1285 641 1452 692 Legatus
1482 649 1555 688 est,
1587 641 1693 679 cuius

244 701 423 740 iudicium
454 707 492 738 et
523 701 750 744 auctoritas,
790 712 884 749 quae
916 698 1013 749 apud
1044 711 1207 735 summos
1241 697 1441 748 Principes
1477 697 1513 734 in
1544 696 1695 734 maximi

244 757 423 796 momenti
453 756 615 806 negotiis
642 755 775 792 merito
802 755 994 804 plurimum
1021 754 1132 799 valet,
1157 766 1228 791 non
1256 753 1376 790 minus
1403 751 1499 804 apud
1523 752 1695 789 homines

244 812 429 858 eruditos,
454 818 608 864 propter
632 810 873 860 multiplicem
905 810 1022 861 ipsius
1048 816 1085 847 et
1114 809 1333 859 exquisitam
1365 808 1402 845 in
1431 808 1531 846 omni
1552 818 1696 859 genere

245 867 508 907 laudandarum
537 867 672 904 artium
705 864 898 903 doctrinae
928 866 1096 916 copiam,
1127 865 1254 903 valere
1284 862 1413 901 (lebet.

763 974 1051 1014 CAPUT
1106 973 1187 1013 XI.

282 1047 444 1085 Sacram
468 1056 543 1095 pro
566 1043 704 1095 popule·
726 1043 848 1080 salute
877 1043 917 1079 z'n
947 1041 1055 1078 domo
1089 1040 1265 1079 Consulis
1280 1038 1412 1091 fiebat
1439 1038 1657 1091 quotannis,

645 1099 758 1149 idque
786 1097 1076 1136 Atheniensium
1108 1096 1292 1147 eoeemplm

247 1167 491 1227 OOCULTUM
541 1184 724 1238 quoddam
770 1198 915 1223 sacrum
952 1184 1154 1234 antiquitus
1192 1184 1229 1221 in
1270 1176 1447 1220 Consulis
1491 1178 1695 1232 domo**)

246 1244 442 1297 quotannis
472 1242 517 1279 ab
559 1243 674 1293 ipsius
705 1240 883 1279 Consulis
923 1252 1040 1276 uxore
1080 1252 1147 1290 pro
1188 1239 1307 1276 salute
1345 1237 1492 1288 populi,
1530 1235 1629 1273 unde
1659 1242 1698 1273 et

246 1302 420 1340 Damz‘ecm
435 1296 536 1349 ΨΗ)
568 1297 795 1342 vocabatur,
836 1295 916 1333 lieri
947 1295 1117 1339 solitum,
1156 1295 1194 1330 in
1227 1292 1324 1344 quod
1356 1292 1516 1329 maribus
1549 1289 1697 1340 ingredi

247 1370 322 1393 non
355 1355 512 1400 liceret,
541 1365 669 1389 omnes
698 1352 841 1389 sciunt:
882 1350 987 1387 cuius
1018 1350 1127 1386 etiam
1158 1350 1283 1386 violati
1315 1355 1388 1385 tam
1419 1359 1530 1398 saepe
1558 1346 1697 1384 Cicero

247 1410 420 1448 Clodium
461 1414 614 1446 accusat
636 1407 701 1459 †).
770 1405 848 1443 Sed
896 1407 977 1442 eius
1015 1405 1114 1441 sacri
1152 1405 1336 1454 originem
1375 1403 1557 1440 Graecam
1594 1414 1695 1446 esse,

247 1465 420 1504 fortassis
460 1477 532 1501 non
571 1475 689 1512 aeque
718 1462 820 1498 multi
859 1461 994 1497 sciunt.
1055 1458 1222 1496 Monebo
1238 1458 1322 1511 ἦῆ)
1355 1458 1493 1508 igitur,
1533 1455 1698 1494 Athenis

248 1533 394 1573 quoque
435 1520 472 1556 in
511 1516 783 1555 consuetudine
823 1516 980 1566 positum
1020 1515 1160 1559 fuisse,
1206 1520 1246 1550 ut
1282 1513 1477 1564 quotannis
1514 1512 1552 1549 in
1588 1511 1697 1550 domo

248 1578 356 1622 eius,
397 1576 458 1626 qui
489 1586 535 1611 eo
565 1586 663 1610 anno
693 1585 760 1609 rex
793 1577 917 1616 essct,
953 1568 1129 1613 *eiusdem
1157 1570 1310 1619 generis
1342 1580 1487 1606 sacrum
1515 1566 1698 1618 quoddam

248 1633 360 1670 fieret
389 1631 435 1668 ab
477 1641 595 1667 uxore
638 1628 767 1677 regis.·
818 1626 861 1663 In
900 1625 969 1663 hac
999 1631 1120 1662 autem
1158 1624 1250 1662 urbe
1282 1623 1467 1661 Consules
1508 1623 1577 1673 ipsi
1609 1636 1700 1673 quo-

249 1700 321 1739 que
351 1686 457 1737 quasi
492 1684 604 1722 annui
641 1681 788 1734 quidam
818 1694 931 1731 reges
961 1687 1083 1718 erant.
1143 1679 1228 1718 Hoc
1258 1679 1355 1730 quod
1396 1677 1472 1715 dixi
1502 1677 1549 1715 de
1578 1678 1699 1715 Athe-

249 1742 464 1787 niensibus,
503 1741 534 1776 si
560 1739 665 1789 quis,
700 1737 798 1775 unde
829 1738 898 1782 sit,
932 1743 1110 1787 quaerat,
1150 1736 1318 1787 reperiet
1346 1732 1443 1787 apud
1471 1732 1700 1772 Demosthe-

250 1812 334 1837 nem
364 1798 400 1835 in
431 1796 602 1835 oratione
631 1793 811 1832 adversus
842 1792 1030 1830 Neaeram
1047 1789 1181 1844 †††).

751 1901 1038 1941 CAPUT
1094 1900 1200 1939 ΧΠ.

256 1981 391 2020 Cicero
419 1977 717 2018 Accusationem
748 1976 787 2012 in
814 1976 970 2012 Verrem
987 1971 1033 2025 ᾗ)
1066 1973 1163 2012 [ίόιό
1192 1973 1223 2010 Ι.
1257 1970 1475 2009 emendatus
1503 1976 1543 2010 et
1564 1976 1700 2009 contra

531 2032 677 2070 erudita·
700 2031 921 2068 sententiam
951 2030 1170 2080 interpretis
1197 2028 1424 2078 eaple'eatus.

252 2101 386 2160 APUD
417 2119 642 2159 Ciceronem
686 2118 780 2155 libro
811 2118 929 2169 primo
959 2115 1224 2155 Accusationis
1263 2115 1300 2152 in
1330 2113 1516 2160 Verrem,
1557 2113 1593 2152 id
1623 2120 1698 2160 est,

255 2191 324 2224 eo,
369 2177 430 2228 qui
462 2176 555 2213 male
585 2174 695 2224 vulgo
711 2170 784 2226 Η)
822 2179 1040 2210 numeratur
1078 2172 1236 2216 tertius,
1276 2168 1374 2207 haud
1409 2170 1521 2220 longe
1549 2183 1571 2207 a
1597 2170 1702 2220 prin-

329 2269 373 2304 -::÷)
394 2267 472 2296 Eius
492 2266 641 2302 frequens
662 2265 693 2293 in
711 2263 913 2293 Orationibus
934 2266 965 2293 et
984 2262 1139 2298 Epistolis
1159 2261 1277 2290 Mureti
1297 2259 1431 2295 ment103
1453 2260 1518 2290 vid.
1539 2260 1571 2289 in
1591 2260 1702 2295 primis

254 2309 336 2337 Mur.
358 2306 530 2334 orationem
548 2305 579 2332 in
597 2304 666 2333 eius
687 2302 798 2331 funere
817 2301 957 2331 habitam
976 2301 1067 2331 1584.
1085 2301 1163 2335 Opp.
1179 2301 1267 2328 Tum.
1286 2301 1310 2328 1.
1323 2305 1396 2335 pag.
1412 2299 1474 2327 2⁰2
1488 2306 1555 2334 sqq.
1572 2299 1663 2334 [Vol.
1678 2300 1702 2328 1.

254 2352 328 2382 pag.
349 2344 411 2373 290
431 2351 500 2378 sqq,
520 2343 614 2371 liuius
635 2340 740 2375 edin).
778 2341 890 2368 Pausi.

331 2392 400 2427 ÷:<--:::-)
427 2394 478 2421 Ex
498 2393 577 2420 orat.
599 2397 655 2425 pro
676 2390 776 2417 Domo
798 2394 866 2422 cap.
887 2385 928 2415 39
944 2394 990 2420 sq.
1012 2388 1164 2422 apparet,
1193 2386 1252 2413 hoe
1272 2391 1397 2413 sacrum
1425 2383 1520 2413 etiam
1549 2383 1582 2412 in
1609 2384 1701 2413 domo

256 2430 420 2460 pontificis
440 2432 482 2458 M.
510 2430 562 2457 vel
590 2426 755 2456 Praetoris
783 2426 848 2455 fieri
877 2424 1015 2453 solitum.
1066 2425 1216 2453 ceterum
1246 2423 1284 2451 cs.
1312 2423 1490 2451 BruekhuS.
1519 2422 1559 2450 ati
1586 2423 1700 2451 Tibull.

255 2476 329 2503 pag.
353 2468 414 2496 124
440 2469 471 2495 et
493 2474 563 2501 pag.
583 2467 655 2494 333.
693 2466 781 2493 suet.
802 2464 895 2494 CaeS.
921 2469 991 2497 cap.
1012 2462 1043 2492 6.
1077 2462 1116 2491 de
1136 2463 1273 2496 Harusp.
1294 2461 1392 2495 Resp.
1420 2466 1490 2495 cap.
1512 2460 1560 2489 17.
1589 2459 1643 2489 ubi
1661 2459 1700 2489 cf.

256 2506 356 2536 'Wolfi
378 2512 450 2540 pag.
470 2505 542 2534 357.
581 2506 692 2532 FAESI.

331 2551 425 2587 ιιε-τιεῆε)
445 2552 513 2579 Hoc
533 2559 647 2580 nomen
666 2551 782 2579 Festus
802 2547 940 2584 recepit,
962 2547 1027 2576 vid.
1049 2548 1084 2576 G.
1105 2547 1200 2576 Voss.
1220 2546 1299 2575 Inst.
1321 2545 1406 2575 orat.
1426 2545 1481 2574 lib.
1502 2546 1556 2575 IV.
1574 2546 1656 2574 extr.

333 2599 380 2640 †]
401 2600 440 2628 de
451 2600 697 2635 Harusp.Resp.
715 2605 784 2632 cap.
800 2597 847 2626 17.
860 2605 916 2632 pro
926 2598 1027 2625 Domo
1046 2595 1222 2630 cap.39st1.
1243 2597 1321 2630 Em).
1341 2594 1558 2624 adAtt.1.12.
1587 2596 1700 2623 FAnsi,

333 2649 407 2688 ’ζ’-ᾧ)
428 2648 542 2684 MinuS,
561 2648 682 2683 opinor,
694 2646 808 2675 Latine
828 2645 944 2674 dietum
963 2651 1088 2673 monere
1103 2651 1158 2678 pro
1178 2645 1298 2679 notare,
1313 2643 1426 2680 dicere,
1441 2643 1563 2683 docere.
1595 2644 1701 2678 Saepe

257 2689 453 2718 recentiores
473 2693 640 2721 perperam
660 2685 706 2713 ita
727 2686 847 2718 ponunt
865 2685 926 2711 hoc
947 2683 1145 2711 vocabulum.
1184 2682 1308 2710 KnAFT.

363 2735 435 2775 ††)
455 2741 526 2770 pag.
549 2733 640 2764 1370.
662 2733 711 2761 ed.
729 2731 839 2760 Reisk.
872 2739 943 2767 pag.
962 2731 1035 2761 565.
1057 2732 1089 2765 5.
1112 2730 1152 2758 74
1172 2737 1219 2764 sq.
1241 2730 1289 2758 ed.
1309 2729 1413 2758 Bekk.

332 2786 377 2820 *J
397 2786 541 2813 Muretus
561 2787 687 2816 semper
706 2778 865 2813 singulari
882 2786 1013 2809 numero
1034 2778 1250 2808 Accusationis
1270 2777 1304 2806 in
1327 2778 1364 2807 V.
1382 2775 1498 2813 utitur,
1518 2777 1553 2807 ut
1571 2775 1625 2807 lin.
1643 2777 1698 2806 111.

258 2830 328 2861 cap.
348 2825 379 2852 8.
406 2823 460 2851 lib.
482 2823 520 2851 V.
540 2827 608 2855 cap.
627 2820 657 2847 8.
695 2820 808 2846 FAEsi.

334 2871 402 2907 ἓξὲξ)
422 2871 494 2900 vid.
514 2875 613 2905 supra
632 2866 685 2896 lib.
705 2866 743 2896 V.
763 2872 832 2901 cap.
851 2865 882 2895 8.
