1778 3096
532 118 635 156 LlB.
669 118 781 157 XVI.
843 116 962 156 CAP.
994 116 1087 156 XII.
1454 119 1536 162 375

93 235 304 267 nostrorum
334 228 531 272 memoria,
571 228 779 278 exquisitae
810 226 1023 275 doctrinae,
1064 226 1280 279 diligentiae
1311 229 1527 279 singularis,

92 284 167 331 Qui
198 291 318 321 tamen
354 282 564 328 interdum,
609 291 647 320 ut
677 283 843 320 homines
882 296 1011 321 omnes
1041 296 1189 331 sumus,
1226 282 1392 322 offendit.
1450 284 1528 323 Sed

89 339 187 376 bene
214 340 337 388 agitur
361 351 440 375 cum
471 338 542 384 iis,
574 351 726 389 quorum
757 344 906 383 errata,
938 339 975 375 in
1005 352 1119 389 opere
1148 339 1367 390 praesertim
1397 339 1525 389 longo,

90 394 276 431 numerari
311 400 462 443 queunt.
521 392 647 443 Atque
677 394 727 430 ita
757 392 844 428 mihi
879 394 1022 438 omnia,
1061 407 1154 444 quae
1182 401 1294 445 opto,
1332 395 1523 441 eveniant,

90 456 126 486 ut
160 461 245 498 ego,
279 460 360 485 cum
390 460 605 497 magnorum
631 461 674 486 ac
704 448 966 497 praestantium
998 449 1160 487 virorum
1191 456 1314 487 errata
1345 449 1525 500 quaedam

88 503 246 552 detego,
293 503 384 539 nihil
422 505 541 540 minus
581 504 808 553 propositum
847 501 990 548 habeo,
1031 515 1137 552 quam
1169 512 1207 541 ut
1246 503 1442 555 quidquam
1475 504 1523 543 de

86 558 231 595 illorum
262 558 535 596 existimatione
566 571 609 595 ac
636 558 755 607 gloria
785 556 973 603 deteram,
1016 557 1147 608 quibus
1178 572 1236 597 me
1274 560 1375 596 nullo
1412 559 1522 598 modo

84 625 211 664 parem
243 625 327 650 esse
359 615 478 650 sentio
507 621 545 650 et
573 614 772 663 profiteor:
806 611 870 649 sed
900 625 971 661 quo
1001 613 1119 650 maior
1147 621 1206 651 est
1235 627 1362 652 eorum
1393 622 1522 653 aucto·

84 668 200 714 ritas,
231 681 276 705 eo
308 669 424 705 maius
454 669 654 719 periculum
688 674 768 712 est,
803 679 849 704 ne
879 668 973 704 alios
1004 680 1127 705 secum
1157 669 1194 705 in
1227 669 1386 707 eundem
1416 682 1522 708 erro-

83 735 161 760 rem
193 723 360 761 trahaut:
393 735 485 773 quae
517 723 604 759 mihi
632 735 702 759 una
733 735 864 759 caussa
893 729 973 767 est,
1006 735 1050 760 ea
1080 722 1287 769 interdum,
1322 725 1358 761 in
1387 725 1521 775 quibus

83 778 154 828 ipsi
170 774 420 830 ἆνθρωπινόν
439 792 475 816 τι
494 776 655 825 ἔπαθον,
671 775 871 814 indicandi.
908 776 1055 815 Plinius
1077 778 1192 827 igi-tur
1211 779 1307 816 libro
1330 787 1460 829 quarto
1472 779 1518 832 *)

82 831 128 870 ad
157 832 357 870 Paternum
390 832 651 876 scribens‚>et
680 831 724 869 ad
754 845 836 869 eum
868 845 954 869 suos
980 831 1155 883 quosdam
1187 832 1520 885 hendecasyllabos

82 889 251 934 mittens,
282 887 328 925 de
357 888 487 938 quibus
518 887 692 925 iudicium
724 887 841 937 ipsius
868 900 1099 937 cognoscere
1126 889 1323 938 cupiebat,
1359 890 1411 926 ita
1440 890 1519 940 epi-

80 943 209 980 stolam
241 942 401 981 claudit:
432 945 473 982 A
499 944 736 993 simplicitate
766 949 830 980 tua
855 950 964 992 peto,
996 950 1056 988 ut,
1089 945 1188 993 quod
1212 946 1258 982 de
1287 944 1411 982 libello
1437 958 1516 983 meo

80 999 252 1036 dicturus
280 1011 319 1035 es
348 1000 456 1044 αῖίιζς,
495 999 588 1035 mihi
612 999 739 1035 cle‘eas:
780 1011 897 1048 neque
927 1005 984 1035 est
1013 998 1183 1047 dgfficz'le,
1223 1001 1325 1050 quod
1344 1001 1512 1050 postulo.

79 1055 176 1091 Nam
206 1055 244 1090 .ςί
266 1055 336 1091 Ιιοο
366 1055 580 1103 opuseulum
609 1060 776 1090 nostrum
796 1059 865 1090 aut
886 1054 1118 1103 pottissimum
1147 1061 1257 1100 esset,
1284 1062 1350 1092 aut
1371 1056 1513 1093 solum.-

67 1108 243 1159 sortasse
279 1115 408 1158 posset
442 1109 574 1146 darum
609 1109 734 1146 vider-2·
767 1108 913 1154 dicere,
973 1110 1121 1158 Quaere
1158 1110 1259 1159 quod
1298 1122 1394 1158 agas
1408 1106 1512 1160 QZ).-

77 1164 184 1200 molle
214 1169 252 1200 et
278 1164 476 1200 hummmm
506 1170 582 1207 est,
614 1163 737 1200 Habes
765 1164 864 1213 qnod
892 1176 1000 1213 agas.
1061 1162 1167 1210 Quae
1196 1165 1246 1200 ita
1276 1163 1515 1202 declarantur

75 1231 96 1254 a
126 1216 316 1255 Cataneo:
354 1220 500 1267 Quaere
528 1219 627 1267 quod
655 1231 770 1267 agas:
804 1220 962 1255 iocando
991 1224 1127 1263 monet,
1161 1219 1253 1268 qm'd
1273 1220 1514 1257 iudicandum

75 1274 138 1310 sz't.
186 1274 303 1311 Molle
331 1280 370 1310 et
388 1274 608 1309 humanum.-
639 1274 810 1321 respexit
835 1274 887 1310 ad
909 1286 1030 1322 genus
1059 1274 1253 1318 carminis,
1280 1275 1381 1323 quod
1402 1275 1513 1312 lasci-

73 1341 154 1366 vum
190 1334 229 1366 et
256 1327 437 1365 urbanum
472 1334 541 1364 est.
606 1328 713 1375 Quod
742 1339 860 1376 agas:
902 1328 1081 1377 quomodo
1112 1328 1266 1365 iudices.
1328 1327 1512 1379 Equidem

74 1384 266 1434 suspicor,
318 1383 500 1420 hominem
540 1381 743 1426 eruditum,
789 1380 972 1419 studendo
1012 1381 1225 1428 defessum,
1272 1381 1508 1431 dormitasse,

74 1450 155 1475 cum
193 1437 284 1476 haec
323 1437 527 1475 scriberet:
582 1437 630 1474 ita
669 1438 778 1486 longe
815 1444 965 1487 praeter
1003 1437 1308 1476 consuetudinem
1352 1452 1454 1476 suam
1489 1452 1512 1477 a

74 1494 260 1530 sententia
289 1492 401 1529 Plinii
428 1492 627 1529 aberravit.
686 1491 849 1530 Videtur
878 1498 999 1529 autem
1030 1505 1198 1530 errorem
1226 1493 1278 1530 illi
1307 1493 1509 1540 obiecisse,

73 1547 169 1598 quod
198 1548 341 1585 librarii
371 1549 583 1597 opusculum
615 1547 859 1597 scripserant,
883 1560 963 1584 cum
994 1561 1085 1598 opus
1110 1555 1248 1584 tantum
1272 1548 1511 1588 scribendum

73 1604 192 1641 foret:
226 1610 266 1639 ut
294 1603 410 1652 magis
440 1602 706 1651 intelligamus,
739 1602 874 1638 nullum
905 1614 989 1639 esse
1018 1609 1091 1639 tam
1119 1603 1289 1653 pusillum
1320 1603 1509 1651 mendum,

72 1657 169 1709 quod
210 1671 281 1695 non
321 1670 341 1693 e
371 1658 479 1694 bonis
513 1657 756 1708 scriptoribus
795 1657 873 1693 tolli
914 1656 1099 1707 expediat.
1161 1658 1246 1696 Hoc
1285 1660 1384 1696 enim
1421 1659 1513 1697 dicit

72 1713 239 1758 Plinius,
272 1712 364 1750 nihil
392 1725 476 1750 esse
506 1725 677 1757 caussae,
706 1725 772 1748 cur
802 1719 977 1749 vereatur
998 1712 1184 1750 Paternus
1213 1713 1331 1752 libere
1361 1716 1511 1765 aperire

72 1769 295 1806 sententiam
331 1781 455 1804 suam:
500 1767 647 1804 etiamsi
685 1767 781 1804 forte
820 1765 1151 1819 hendecasyllabos
1188 1768 1270 1806 illos
1309 1783 1381 1806 non
1420 1770 1510 1807 satis

71 1824 228 1875 probet:
268 1836 354 1861 nam
383 1825 419 1860 sz'
445 1824 538 1869 hoe,
578 1822 717 1873 inquit,
749 1835 840 1872 opas
867 1829 1035 1860 nostrum
1064 1831 1131 1861 aut
1152 1825 1383 1874 pole'ssz‘mmn
1414 1831 1513 1863 esset

72 1887 142 1916 aut
168 1881 309 1923 solnm,
357 1877 393 1915 id
424 1885 502 1924 est,
546 1878 575 1914 si
605 1880 736 1928 poetae
767 1878 965 1927 praecipue
999 1880 1145 1915 nomine
1175 1880 1324 1917 censeri
1356 1880 1507 1926 vellem,

72 1935 226 1985 eiusque
258 1933 443 1971 facultatis
469 1946 547 1970 mea
580 1933 777 1982 praecipua
809 1932 994 1983 professio
1025 1941 1150 1979 esset,
1180 1942 1242 1971 aut
1267 1936 1376 1972 etiam
1412 1935 1507 1980 sola,

71 1991 122 2027 ita
152 1997 191 2026 ut
219 2001 394 2039 nusquam
423 1989 496 2025 alio
526 1989 702 2033 animum,
733 2000 838 2036 quam
871 1986 917 2024 ad
946 1988 1137 2026 faciendos
1168 2002 1316 2035 versus,
1348 1991 1510 2041 applica-

72 2057 175 2090 rem3
204 2044 378 2095 sortasse
404 2050 533 2093 posset
558 2044 690 2080 durum
726 2044 849 2080 videri
873 2044 1020 2089 dicere,
1065 2047 1212 2094 Quaere
1252 2046 1351 2095 quod
1386 2058 1506 2095 agas.-

71 2112 210 2150 quaere
238 2098 335 2136 aliud
374 2098 555 2143 studium,
596 2099 632 2135 in
661 2111 731 2148 quo
771 2105 805 2135 te
837 2111 1042 2145 exerceas3
1087 2113 1169 2136 nam
1197 2099 1243 2137 ad
1282 2100 1374 2146 hoc,
1413 2100 1509 2150 quod

71 2155 266 2204 delegisti,
311 2167 436 2204 parum
472 2161 578 2203 aptus
617 2166 672 2190 es,
733 2155 848 2192 Molle
876 2160 912 2190 el
941 2155 1140 2192 humanum
1170 2162 1248 2201 est,
1290 2169 1372 2193 cum
1410 2154 1509 2193 aliud

72 2209 228 2246 studium
267 2210 354 2246 mihi
391 2209 628 2259 praecipuum
668 2208 848 2254 habeam,
890 2221 1022 2260 nempe
1057 2209 1216 2247 studium
1255 2211 1505 2261 eloquentiae.

71 2265 195 2303 Habes
231 2266 331 2315 quod
358 2277 475 2314 agas.-
515 2266 693 2314 poeticam
734 2263 879 2301 laudem
917 2265 1001 2302 aliis
1041 2265 1238 2316 relinque,
1280 2273 1318 2303 et
1348 2279 1440 2315 urge
1470 2265 1509 2304 id

72 2319 254 2366 studium,
285 2320 346 2357 cui
370 2326 407 2357 te
439 2317 599 2357 dedisti:
633 2315 816 2372 Σπάρταν
844 2318 992 2372 ἔλαχες,
1017 2317 1158 2360 ταύταν
1186 2317 1319 2372 κόσμει
1332 2318 1449 2375 ww).

145 2454 189 2489 2:2⁴)
208 2453 308 2488 Epist.
332 2453 380 2482 14.
400 2453 432 2489 S.
455 2452 503 2482 10.

145 2514 212 2547 ἵετε)
240 2514 334 2547 Apud
356 2514 465 2555 Calan:
486 2511 621 2547 legitur:
655 2514 758 2548 Quare
785 2513 878 2549 quid
902 2520 993 2552 ayas,
1024 2515 1119 2544 etex
1138 2514 1199 2543 hae
1224 2520 1326 2550 prava
1353 2514 1509 2549 sciikatura

70 2552 161 2581 fluxit
181 2552 249 2579 eius
269 2551 498 2585 interpretatio.
537 2553 647 2579 FAnsi.

146 2611 238 2646 ἤιξε-εξ)
268 2612 358 2639 Hunc
387 2618 514 2639 versum
545 2610 620 2638 citat
648 2609 718 2639 sine
743 2610 881 2640 auctoris
910 2609 1036 2639 nomine
1066 2611 1256 2640 Plutarchus
1292 2611 1370 2646 opp.
1398 2611 1509 2639 moral.

71 2661 143 2691 pag.
164 2655 236 2683 eti-2.
257 2655 294 2682 B.
315 2653 367 2682 uui
388 2646 517 2691 ταύτην
536 2654 682 2685 lemnius.
723 2653 770 2683 ef.
792 2654 857 2683 Cic.
879 2656 957 2689 Em».
977 2654 1017 2682 aa
1034 2655 1101 2683 Att.
1120 2655 1176 2684 ub.
1194 2656 1246 2685 lv.
1266 2655 1296 2683 6.
1319 2655 1353 2689 g,
1372 2655 1401 2683 2.
1435 2656 1511 2682 sm-

74 2700 176 2727 baeus
197 2697 351 2726 xxxvu.
372 2704 444 2732 pag.
463 2699 534 2727 226.
556 2691 730 2735 Σπάρτην
755 2693 897 2736 ἔλαχες·
926 2695 1047 2735 κείνην
1073 2693 1215 2740 κόσμει.
1252 2701 1357 2734 Vulgo
1378 2700 1513 2729 refertur

72 2738 538 2808 interdrzaginegffiu'l'elephi
564 2738 742 2776 Ευῐίρίᾱεί,
779 2738 842 2767 vid.
876 2738 1028 2769 Dindurfii
1055 2741 1147 2771 Poet.
1180 2742 1232 2769 Gr.
1265 2741 1356 2770 Scen.
1385 2742 1509 2776 Fragm.

70 2783 142 2813 pag.
230 2797 237 2806 .
257 2783 288 2806 11.
410 2797 417 2805 .

1535 1501 1598 1533 393
