1726 3106
529 120 631 158 ΗΒ.
667 121 717 159 Ιῖ.
779 120 896 160 CAP.
930 122 1039 162 XVI.
1453 119 1508 162 45

75 229 142 270 καὶ
175 232 252 270 τῶν
288 227 439 277 ἕνδεκα,
478 226 568 269 οὐδὲ
595 227 739 269 τούτων
767 227 858 276 ὃς
840 227 889 269 οἶν
916 229 1089 270 ἐθέλοι*
1153 226 1325 277 εὐθύνας
1354 227 1507 271 διδόναι

76 289 144 335 τῆς
184 283 299 352 ἀρχῆς
335 300 383 335 ης
417 278 539 336 ἧρξεν.
603 285 773 323 Alterum
811 293 988 323 senatus·
1047 287 1104 324 Ov
1147 285 1300 336 δέξομαι
1337 285 1507 335 ἔνδειξιν,

78 338 168 379 οὐδὲ
193 337 399 392 ἀπαγωγὴν
426 339 537 379 ἕνεκα
564 343 640 379 τῶν
665 337 776 393 πρότ
766 355 849 392 ρον
876 339 1152 392 γεγενημένων,
1187 337 1287 391 πλὴν
1313 344 1389 379 τῶν
1417 356 1509 390 φευ-

76 392 229 462 γόντων.
286 395 453 432 Tettium
484 407 635 440 eorum,
676 397 735 446 qui
766 407 827 433 rcs
862 396 1093 432 iudicabant:
1138 392 1196 434 Οὐ
1226 393 1507 446 μνησικακησω,

75 447 166 488 ουδὲ
193 446 282 488 ἄλλο
310 449 497 500 πείσομαι.
563 452 794 501 Ψηφιοῢμαι
825 448 865 488 δὲ
892 447 990 489 κατὰ
1014 447 1104 496 τοὺς
1130 450 1327 500 κειμένους
1353 447 1506 501 νόμους.

74 504 181 543 Haec
209 505 259 542 ita
279 505 418 556 scripta
436 512 520 543 sunt
538 505 633 555 apud
647 504 907 543 Andocidem
897 519 934 543 ln
959 506 1127 544 oratione
1148 505 1192 544 de
1204 505 1274 557 My
1278 507 1402 544 steriis
1413 504 1504 558 Μ’).

550 646 834 686 CAPUT
888 646 1019 688 XVI.

186 725 378 762 Ciceronis
406 738 455 762 eat
483 727 653 763 oratione
674 738 748 776 pro
777 724 958 774 Dejotaro
990 726 1068 764 locz‘
1093 725 1166 763 duo
1197 725 1395 766 emendati.

72 803 215 862 SOLEO
250 823 410 861 libenter
445 831 594 862 veteres
633 824 771 870 libros,
811 825 1029 875 quicumque
1058 824 1096 862 in
1128 837 1256 861 manus
1283 837 1382 861 meas
1410 824 1504 862 inci-

72 878 186 924 dunt,
232 881 428 917 evolvere:
473 879 695 917 cuicuimodi
733 878 879 916 tandem
909 880 962 916 illi
993 881 1066 916 sint
1094 886 1131 916 et
1160 892 1376 930 quocunque
1406 880 1504 917 litte-

72 948 196 972 rarum
231 934 448 972 charactere
487 935 642 972 exarati.
704 933 813 981 Quod
849 935 946 971 enim
976 933 1120 971 Plinius
1140 931 1238 985 ἣὲἢνΨ)
1271 933 1314 972 de
1356 941 1432 972 toto
1461 935 1504 972 li-

72 989 221 1027 brorum
247 1002 387 1039 genere
409 989 545 1026 dicere
576 989 740 1035 solebat,
780 989 915 1026 nullum
946 1002 1032 1027 esse
1060 997 1132 1026 tam
1163 989 1319 1052 malum,
1356 1002 1403 1027 ex
1431 1003 1503 1041 quo

71 1057 144 1082 non
174 1051 371 1094 caperetur
397 1043 535 1094 aliquid
564 1044 729 1081 fructus:
760 1042 798 1080 id
827 1057 897 1093 ego
923 1045 958 1080 in
990 1044 1046 1081 his
1078 1045 1235 1082 maxime
1264 1057 1390 1082 verum
1419 1058 1504 1083 esse

71 1099 272 1148 comperio.
332 1098 473 1135 Multos
509 1099 606 1135 enim
640 1098 836 1136 nanciscor
864 1099 1032 1144 mutilos,
1075 1099 1249 1145 laceros,
1289 1107 1500 1150 corruptos,

70 1153 380 1191 evanescentibus
409 1154 564 1190 litteris:
602 1160 702 1199 tum,
745 1151 840 1203 quod
871 1154 1059 1190 molestius
1090 1161 1173 1200 est,
1218 1153 1424 1204 descriptos
1454 1155 1502 1192 ab

69 1208 279 1246 hominibus
310 1208 618 1258 imperitissimis,
649 1207 806 1257 ideoque
838 1206 957 1247 ε’λκεσι
984 1204 1192 1260 βρύοντας,
1232 1217 1270 1246 ut
1299 1210 1333 1245 in
1367 1210 1421 1246 eis
1448 1210 1503 1247 le-

69 1262 203 1314 gendis
238 1263 466 1300 incredibilis
505 1262 684 1313 quaedam
722 1263 887 1300 molestia
917 1263 1168 1301 exhaurienda
1200 1264 1261 1300 sit.
1322 1263 1398 1301 Sed
1429 1278 1502 1302 non

69 1319 107 1356 in
132 1318 264 1355 multos
295 1317 433 1363 incido,
465 1319 525 1368 qui
555 1319 653 1355 omni
683 1331 730 1355 ex
751 1325 853 1368 parte
877 1318 1105 1355 frustrentur
1128 1319 1337 1366 opinionem
1364 1332 1498 1357 meam.

68 1373 169 1411 Fere
200 1374 298 1411 enim
331 1386 477 1423 semper
507 1372 642 1424 aliquid
671 1380 791 1410 tamen
822 1373 946 1410 lucelli
974 1374 1085 1411 facio.
1148 1373 1236 1411 Sive
1265 1380 1387 1412 autem
1408 1375 1502 1412 haee

70 1429 278 1466 constantia
315 1427 478 1466 vocanda
515 1436 594 1474 est,
646 1429 724 1465 sive
763 1428 871 1465 etiam
910 1428 1053 1479 quidam
1091 1429 1224 1466 mentis
1261 1442 1369 1466 error
1407 1428 1501 1483 (non

69 1484 183 1529 enim,
214 1484 405 1534 quominus
436 1484 589 1534 quisque
620 1496 690 1533 quo
715 1483 812 1521 volet
842 1485 990 1521 nomine
1015 1485 1192 1535 appellet,
1217 1483 1416 1535 impedio),
1448 1485 1502 1523 ita

70 1538 255 1576 obstinato
295 1539 415 1576 auimo
456 1552 558 1584 sum,
605 1539 702 1576 nulla
738 1545 778 1575 ut
819 1540 867 1576 sit
901 1546 1000 1577 tanta
1043 1547 1248 1577 erratorum
1290 1540 1498 1587 multitudo,

70 1606 164 1644 quae
201 1606 258 1631 nie
297 1607 318 1630 a
356 1593 515 1643 legendo
553 1594 776 1631 absterreat.
839 1594 971 1645 Neque
1003 1595 1089 1631 mihi
1122 1595 1215 1632 male
1244 1607 1393 1645 operam
1424 1596 1502 1632 col-

69 1649 213 1686 locasse
249 1647 401 1693 videor,
443 1662 523 1686 cum
561 1662 607 1685 cx
643 1649 714 1685 illis
754 1648 1047 1695 difficultatibus,
1087 1657 1255 1700 tanquam
1297 1663 1317 1687 e
1344 1650 1501 1688 salebris

70 1703 311 1754 quibusdam,
351 1717 543 1749 emersus,
580 1705 616 1740 in
647 1706 867 1742 recensione
899 1706 1071 1754 reperio,
1105 1718 1213 1742 unum
1251 1711 1313 1741 aut
1343 1705 1501 1743 alterum

69 1759 155 1795 boni
184 1759 339 1796 alicuius
372 1759 564 1808 scriptoris
588 1759 705 1796 locum
731 1759 831 1796 bidui
852 1758 1010 1796 triduive
1035 1760 1161 1796 labore
1182 1767 1374 1810 purgatum
1394 1773 1496 1800 esse.

68 1813 178 1851 Multi
208 1821 327 1851 autem
357 1815 487 1860 amici,
521 1814 580 1865 qui
611 1827 667 1851 me
697 1814 766 1851 hoc
798 1815 923 1851 morbo
953 1815 1072 1851 teucri
1103 1815 1244 1860 sciunt,
1294 1815 1422 1852 multas
1452 1815 1500 1853 ad

70 1881 127 1905 me
160 1868 306 1906 schidas
347 1869 588 1920 undecunque
629 1870 802 1907 collectas
833 1871 993 1907 mittunt.
1052 1869 1187 1920 Neque
1215 1883 1284 1918 ego
1318 1870 1379 1907 illa
1411 1871 1498 1907 mihi

69 1921 281 1974 ἀποβλητέα
310 1924 414 1976 δῶρα
442 1937 525 1962 esse
553 1924 670 1970 duco3
703 1926 788 1976 quin
820 1924 925 1962 avide
957 1925 1095 1976 arripio
1118 1924 1289 1975 quicquid
1314 1925 1496 1972 offertur3

70 1986 107 2016 et
135 1980 171 2015 in
201 1979 268 2016 hac
297 1980 442 2030 inopia,
474 1980 534 2017 ubi
560 1980 752 2030 siligineus
782 1981 885 2031 panis
916 1979 1036 2026 deest,
1069 1981 1210 2018 cibario
1241 1993 1314 2026 me,
1344 1987 1383 2017 ut
1412 1994 1498 2032 pos-

70 2047 170 2079 sum,
211 2041 343 2071 tueor:
390 2035 519 2072 beatos
558 2035 640 2071 illos
671 2048 755 2073 esse
785 2035 944 2082 ducens,
978 2035 1110 2085 quibus
1147 2036 1288 2086 amplae
1329 2036 1412 2073 illae
1452 2049 1498 2074 ac

68 2088 213 2126 nobiles
249 2089 495 2127 bibliothecae
531 2096 682 2140 patent,
724 2090 783 2127 ubi
826 2098 896 2128 tam
933 2092 1054 2136 laute,
1095 2098 1167 2128 tam
1211 2091 1387 2141 copiose,
1422 2098 1497 2129 tam

69 2143 259 2194 splendide
307 2158 463 2195 pascere
515 2146 658 2182 animos
703 2158 789 2183 suos
829 2146 897 2183 hoc
931 2159 1071 2196 genere
1111 2146 1300 2197 epularum
1340 2153 1493 2196 queunt.

66 2199 148 2236 Nos
177 2201 366 2238 tenuiores
392 2201 601 2240 victitamus
629 2207 668 2237 ut
700 2214 908 2251 possumus,
938 2214 1056 2252 neque
1084 2201 1289 2239 invidemus
1309 2201 1391 2238 aliis
1419 2202 1497 2239 sor-

68 2261 190 2291 tunim
221 2268 346 2292 suam:
391 2255 479 2302 sed,
525 2262 563 2292 ut
600 2255 729 2293 eadem
760 2256 866 2294 nobis
897 2269 1039 2307 quoque
1069 2256 1263 2308 aliquando
1291 2257 1494 2307 contingat,

68 2316 248 2360 optamus.
307 2309 419 2348 Nunc
457 2311 559 2348 cuius
590 2311 647 2348 rei
676 2324 787 2348 causa
817 2318 1012 2362 susceptus
1043 2312 1102 2349 hic
1132 2325 1153 2349 a
1185 2325 1242 2349 nie
1273 2324 1420 2357 serum,
1458 2319 1497 2350 et

67 2363 164 2401 unde
203 2372 305 2402 ortus
343 2366 410 2410 sit,
452 2378 628 2416 exequar.
688 2366 822 2403 Habeo
862 2367 993 2404 librum
1031 2366 1235 2430 quendam,
1276 2373 1338 2404 aut
1373 2368 1496 2418 potius

69 2417 244 2470 discerpti
277 2427 314 2458 et
343 2420 533 2457 dilacerati
563 2421 647 2458 libri
676 2422 812 2471 aliquot
841 2423 1009 2472 paginas,
1037 2423 1137 2472 ipsas
1166 2435 1308 2484 quoque
1330 2423 1379 2459 ita
1401 2422 1495 2459 male

68 2482 255 2524 acceptas,
282 2482 321 2512 ut
351 2476 488 2513 alicubi
518 2488 647 2513 canum
676 2476 870 2514 ludibiium
899 2478 1015 2515 fuisse
1044 2476 1262 2514 videantur:
1296 2477 1332 2514 in
1363 2477 1495 2527 quibus

68 2528 162 2566 haec
199 2530 337 2581 scripta
366 2538 473 2568 sunt:
512 2544 598 2583 pars
634 2532 814 2570 orationis
857 2545 925 2584 pro
953 2532 1157 2571 Marcello:
1197 2539 1273 2570 tota
1315 2532 1396 2569 fere
1427 2544 1495 2583 pro

138 2690 179 2727 *J
200 2686 304 2733 ἐθέλῃ
331 2695 414 2723 recte
434 2695 618 2733 BekkeruS,
649 2694 681 2724 in
707 2695 880 2730 postremis
902 2696 1009 2726 verbis
1029 2696 1112 2727 idem
1132 2687 1216 2725 οὐδὲ
1241 2686 1338 2735 ἄλλῳ
1363 2691 1493 2725 πείσο-

62 2741 150 2774 μαι,
171 2738 252 2771 quod
274 2740 420 2771 praestat.

137 2784 204 2818 ’ΣΞ-ΣΞ)
225 2786 258 2819 §.
278 2784 319 2813 90
339 2792 406 2819 sqq.
427 2791 498 2820 pag.
519 2784 559 2814 43
579 2793 646 2821 sqq.
685 2785 798 2815 Reisk.

134 2832 225 2868 -ῑῑε-ῑκ-εῑε)
245 2831 326 2862 Ptin.
346 2832 419 2863 min.
439 2833 540 2869 Epist.
560 2833 613 2862 lib.
632 2835 684 2863 111.
706 2841 755 2870 ep.
775 2835 804 2864 5.
826 2834 856 2869 §-
881 2834 928 2865 1⁰.

1531 887 1574 919 49
