1726 3106
92 272 154 302 133

102 2124 163 2156 139

178 153 256 196 132
740 150 866 191 VAR.
898 149 1052 190 LECT.

656 260 688 300 C
718 260 756 299 A
783 261 817 300 P
845 261 881 300 U
910 262 945 301 T
999 260 1153 302 XVII.

398 339 641 379 'Semiramis
669 351 741 390 quo
771 347 859 378 astu
886 340 939 377 ad
964 352 1122 390 regnum
1144 339 1378 390 pervenerit.

177 419 341 477 VAFRA
380 438 418 476 in
458 439 586 489 primis
626 445 665 476 et
703 445 824 477 astuta
863 440 1009 477 ratione
1048 437 1095 475 ad
1137 451 1291 489 regnum
1334 451 1382 475 ex
1421 436 1547 475 bumili
1584 442 1624 475 et

179 495 328 533 abiecta
358 492 572 531 conditione
611 496 830 544 pervenisse
856 494 1075 532 Semiramis
1118 493 1267 531 dicitur.
1328 494 1436 540 Quae
1466 492 1625 529 bistoria

181 563 261 588 eum
293 547 391 585 haud
418 549 469 585 ita
498 549 621 586 multis
652 556 737 587 nota
770 549 833 595 sit,
865 562 985 599 neque
1008 548 1169 594 Latinis,
1200 547 1295 598 quod
1325 549 1457 593 sciam,
1487 546 1623 584 litteris

178 602 339 655 prodita,
375 603 566 640 referetur
594 616 615 640 a
648 615 705 640 me
735 604 801 647 ita,
834 610 875 640 ut
900 603 1076 653 scriptam
1107 602 1143 638 in
1165 601 1394 640 Graecorum
1426 601 1624 639 Commen-

179 658 286 695 tariis
301 656 352 709 ἐκ)
383 658 525 708 reperi.
585 658 703 695 Aiunt
742 659 857 708 igitur
886 671 966 696 eam
998 657 1105 694 initio
1139 669 1276 694 vernae
1307 656 1496 694 cuiusdam
1530 656 1626 706 regii

178 713 350 751 ancillam
378 725 422 750 ac
452 713 695 750 concubinam
727 713 860 751 fuisse.
920 713 962 750 In
997 725 1102 763 quam
1134 725 1216 749 cum
1245 711 1440 763 aliquando
1472 711 1626 749 incidis-

179 775 238 805 set
272 781 340 805 rex
377 767 526 814 Ninus,
582 769 701 805 forma
740 769 855 819 ipsius
896 775 933 805 et
978 769 1106 818 lepore
1139 775 1265 818 captus
1319 780 1444 805 amare
1483 767 1621 816 coepit.

180 823 372 861 Obsccuta
409 824 492 873 regi
522 823 656 860 mulier
694 823 744 861 ita
775 836 857 861 eum
888 823 958 860 sibi
989 822 1165 874 paulatim
1204 823 1320 873 stupri
1355 821 1626 860 consuetudine

181 879 378 924 astrinxit,
421 885 460 915 ut
496 878 586 915 nihil
626 885 730 916 esset
768 885 933 924 tantum,
978 876 1075 929 quod
1112 885 1174 915 aut
1203 891 1224 915 a
1255 890 1345 929 rege
1388 885 1518 929 petere
1552 890 1626 914 non

180 932 339 971 auderet
367 933 610 981 Semiramis,
652 941 716 971 aut
741 935 881 984 petenti
913 947 980 971 rex
1009 932 1164 971 auderet
1193 946 1348 983 negare.
1409 932 1514 984 Ergo
1545 945 1629 970 cum

181 988 377 1040 aliquando
400 989 594 1026 iniecisset
623 990 658 1026 in
685 1002 875 1035 sermone,
903 988 1074 1040 quiddam
1105 1001 1146 1026 se
1169 988 1275 1026 valde
1303 1001 1456 1040 cupere,
1488 1000 1629 1039 rexque

182 1058 288 1091 eam,
338 1043 512 1095 quicquid
547 1044 693 1082 tandem
734 1044 822 1082 illud
863 1051 992 1089 esset,
1042 1051 1173 1096 aperte
1213 1057 1257 1081 ac
1294 1044 1412 1082 libere
1456 1044 1627 1094 proferre

182 1100 376 1137 iussisset:
414 1099 617 1150 Cuperem,
650 1100 784 1150 inquit,
816 1100 885 1138 hoc
919 1100 1007 1137 mibi
1034 1113 1055 1137 a
1084 1107 1121 1137 te
1150 1099 1279 1145 tribui,
1311 1107 1351 1137 ut
1379 1112 1489 1137 unum
1521 1098 1627 1137 modo

181 1154 281 1193 diem
311 1154 445 1193 sedere
477 1155 567 1192 mibi
595 1155 727 1193 liceret
755 1157 790 1192 in
815 1156 907 1193 solio
938 1162 1000 1192 tuo
1031 1162 1069 1192 et
1095 1156 1153 1192 ius
1182 1154 1332 1192 dicere:
1365 1162 1476 1205 utque
1499 1167 1627 1192 omnes

180 1217 258 1248 toto
299 1211 361 1247 illo
391 1209 477 1257 die,
519 1210 823 1261 quemadmodum
865 1211 933 1248 tibi
970 1211 1137 1256 faciunt,
1180 1211 1232 1247 ita
1269 1210 1359 1247 mibi
1394 1211 1629 1262 obtempera-

181 1273 281 1304 rent.
352 1265 456 1303 Risit
491 1278 582 1303 rex:
633 1273 671 1303 et
716 1265 811 1316 quod
850 1265 1067 1317 petebatur,
1114 1266 1314 1303 concessit.
1384 1265 1468 1304 Nec
1508 1279 1625 1303 mora.

180 1319 369 1366 Edicitur‚
401 1328 439 1357 ut
469 1328 573 1358 certo
602 1320 759 1371 quodam
788 1320 848 1359 dic
879 1334 1007 1358 omnes
1031 1320 1272 1358 Semiramidi
1301 1319 1398 1358 dicto
1430 1320 1628 1359 audientes

181 1377 272 1415 sint.
335 1376 392 1413 lta
422 1376 504 1425 regi
536 1376 711 1426 placere:
745 1389 825 1414 cam
856 1377 920 1413 illo
951 1375 1011 1413 die
1041 1377 1148 1426 regio
1178 1376 1335 1425 imperio
1366 1389 1410 1413 ac
1441 1384 1629 1428 potestate

181 1443 360 1483 praeesse
391 1431 574 1468 omnibus.
633 1432 708 1469 Ubi
738 1432 800 1469 ille
832 1430 983 1468 advenit
1014 1430 1117 1469 dies:
1159 1432 1291 1469 mulier
1323 1432 1430 1481 regio
1460 1433 1558 1470 cultu
1590 1434 1628 1470 in

181 1487 277 1524 solio
308 1485 463 1524 assedit.
524 1485 590 1523 Fit
626 1499 831 1524 concursus
870 1488 1064 1524 maximus.
1125 1486 1190 1523 Illa
1230 1486 1275 1524 de
1314 1488 1524 1538 principio,
1563 1501 1630 1525 ex-

179 1540 350 1594 periendi
386 1554 543 1586 caussa,
591 1540 769 1591 quaedam
810 1541 908 1579 haud
945 1542 1068 1591 magni
1107 1543 1283 1579 momenti
1320 1543 1494 1593 imperat.
1554 1543 1630 1582 Ubi

181 1597 284 1635 serio
314 1609 444 1633 omnes
475 1596 546 1633 sibi
576 1596 745 1633 omnibus
775 1597 812 1634 in
842 1597 954 1634 rebus
975 1609 1108 1648 parere
1136 1595 1244 1642 vidit,
1274 1597 1379 1635 iubet
1407 1598 1629 1637 satellitibus

181 1666 225 1691 ac
254 1651 496 1703 stipatoribus
511 1648 584 1703 ΜΕ)
624 1652 794 1703 corporis
831 1653 951 1702 regii,
996 1659 1035 1689 ut
1067 1665 1196 1702 regem
1234 1653 1352 1704 ipsum
1384 1654 1632 1704 comprehen-

181 1707 283 1745 dant.
345 1705 700 1758 Comprehenditur.
761 1707 813 1745 Ut
840 1708 1026 1746 vinciant:
1058 1708 1234 1745 vincitur.
1294 1707 1345 1745 Ut
1374 1709 1626 1748 interficiant:

181 1762 418 1801 interficitur.
479 1761 535 1799 Ita
565 1763 758 1813 imperium
795 1775 842 1801 ex
873 1762 1006 1800 diurno
1041 1761 1252 1800 diuturnum
1282 1763 1455 1802 efficitur.
1520 1765 1629 1804 Haec

183 1825 258 1864 est,
292 1830 386 1869 quae
416 1816 646 1868 Babylonem
676 1819 792 1855 muris
821 1818 1000 1856 latericiis
1023 1818 1162 1856 cinxit:
1194 1819 1298 1856 cuius
1327 1819 1425 1856 horti
1458 1821 1507 1857 illi
1537 1834 1630 1872 pen-

184 1874 273 1911 siles
304 1879 443 1910 tantam
474 1871 756 1911 admirationem
788 1871 1136 1924 habueruntffiffi:
1179 1886 1273 1924 quae
1303 1887 1385 1912 cum
1415 1888 1510 1926 equo
1539 1889 1629 1914 con-

184 1929 358 1967 cubuisse
389 1927 546 1966 dicitur:
578 1941 672 1979 quae
695 1936 901 1980 postremo,
932 1942 1014 1967 cum
1041 1930 1107 1966 filii
1133 1942 1279 1982 quoque
1309 1930 1369 1968 sui
1391 1931 1628 1971 concubitum

184 1984 390 2036 petiisset,
419 1982 467 2021 ab
497 1996 542 2022 eo
572 1983 758 2023 trucidata
788 1992 1016 2024 memoratur
1031 1984 1100 2038 †).
1442 1980 1445 1981 ⁷

641 2116 672 2155 C
702 2116 740 2155 A
768 2116 930 2157 PUT
992 2117 1173 2157 XVIII.

248 2188 502 2233 Uc'honorem
531 2194 705 2243 Latinis,
747 2196 803 2233 ila
835 2196 991 2233 Graecis
1018 2191 1166 2242 ὄνειδος
1195 2203 1233 2232 ec
1260 2191 1369 2242 κλέος
1397 2196 1574 2247 ambzgua

754 2250 936 2289 vocabula
972 2263 1065 2288 esse.

190 2318 551 2377 Smmmcffloms
591 2336 789 2387 ambiguae
818 2337 970 2376 verbum
1001 2350 1086 2375 esse
1120 2337 1322 2384 honorem,
1363 2337 1518 2376 tradidit
1545 2339 1630 2378 Gel-

189 2395 260 2433 lius
277 2393 385 2446 ††):
422 2394 534 2444 idque
562 2392 733 2443 probavit
761 2393 819 2431 his
847 2393 974 2432 verbis
1007 2407 1054 2431 ex
1083 2392 1264 2431 Oratione
1295 2392 1344 2440 Q.
1376 2393 1522 2433 Metelli
1550 2395 1630 2434 Nu-

268 2514 311 2549 ÷t÷]
338 2513 409 2543 Vid.
431 2513 559 2542 Aelian.
579 2513 655 2543 Var.
677 2513 761 2543 Hist.
787 2513 840 2543 lib.
859 2514 928 2543 vn.
955 2520 1024 2549 cap.
1046 2514 1073 2542 1.
1105 2513 1136 2541 et
1162 2512 1333 2547 scriptores
1359 2515 1509 2544 laudatos
1539 2515 1582 2545 ibi
1609 2523 1631 2546 a

194 2552 363 2581 Scheffero.
402 2552 518 2579 Womv.
539 2565 576 2572 —
615 2553 758 2580 Muretus
778 2551 809 2579 in
830 2552 997 2580 referenda
1017 2554 1076 2580 hac
1095 2550 1231 2578 historia
1250 2559 1311 2579 non
1330 2552 1500 2582 Aelianum
1521 2555 1630 2589 sequi-

194 2595 257 2660 ἔξω
278 2594 312 2621 ut
328 2593 459 2627 putasse
479 2590 607 2621 videtur
622 2592 768 2631 tvolfius,
787 2593 845 2622 sed
863 2594 1067 2622 Plutarchum
1084 2588 1260 2634 Ἐρωτικῷ
1280 2602 1347 2630 cap.
1362 2595 1391 2623 9.
1412 2603 1485 2631 pag.
1501 2596 1571 2625 753.
1591 2598 1629 2625 D.

223 2637 308 2658 AESI.

273 2677 342 2713 *sz
361 2678 553 2707 Insolentior
569 2677 757 2707 constructio
772 2677 864 2706 verbi
881 2679 996 2717 iubere,
1014 2681 1052 2709 de
1070 2688 1133 2716 qua
1147 2687 1244 2716 supra
1260 2680 1375 2709 dictum
1392 2680 1445 2709 lib.
1457 2682 1508 2709 111.
1521 2680 1629 2715 caud.

273 2726 366 2761 *xz-³2⁶]
394 2726 524 2756 Curtius
549 2726 603 2756 lib.
623 2728 660 2755 V.
682 2733 749 2760 can.
771 2728 786 2755 1
819 2727 852 2761 S.
872 2728 922 2756 35.
949 2731 1058 2757 narrat
1085 2732 1226 2758 veterem
1253 2729 1408 2764 quendam
1434 2728 1631 2765 Babyloniae

149 2790 153 2794 .
196 2769 306 2799 regem
325 2771 433 2793 amore
454 2764 595 2799 coniugis
615 2771 693 2793 suae
711 2763 856 2793 mirabile
875 2767 933 2794 hoc
953 2774 1034 2802 opus
1054 2767 1266 2796 exstruxisse.

274 2811 320 2849 †)
339 2812 412 2841 vid.
433 2813 544 2843 lustin.
565 2812 619 2842 lib.
638 2815 662 2842 1.
682 2820 750 2848 cap.
771 2814 800 2842 2.

275 2857 350 2897 ἢ)
368 2862 456 2890 Noet.
475 2861 546 2891 Att.
566 2861 621 2891 lib.
638 2862 705 2891 ΧΠ.
723 2868 791 2898 cap.
807 2860 836 2891 9.
871 2861 919 2892 cf.
934 2862 1057 2897 Meyeri
1076 2863 1161 2892 Orat.
1177 2864 1310 2892 Roman.
1325 2864 1450 2899 Fragm.
1470 2869 1540 2899 pag.
1557 2863 1629 2894 137.
