1726 3106
487 113 589 151 LIB.
622 112 698 153 IV.
757 111 876 150 CAP.
911 112 1059 152 XVIII.
1444 112 1496 154 91

61 232 171 264 luunt
202 225 325 276 finem
373 224 565 264 bonorffum
635 221 687 260 Et
733 220 857 273 quinta
900 223 1069 260 oratione
1115 223 1151 259 in
1198 221 1402 259 Antonium
1422 220 1494 272 *):

59 282 198 318 Lnems
224 281 370 330 quidem
395 278 533 330 frater
563 291 666 325 ems,
706 284 833 328 utpote
860 290 922 329 que
951 291 1116 329 peregre
1145 277 1395 328 depugffaamc,
1426 277 1499 330 sa·-

61 337 200 374 mi'leam
229 336 345 372 ducet.

513 477 543 515 C
574 476 800 516 APUT
861 475 1043 516 XVIII.

60 557 103 594 In
133 554 313 593 bonorum
342 557 621 605 comparatione
647 556 826 594 dissensio
854 555 956 593 inter
978 555 1170 593 Platonem
1197 560 1237 592 et
1253 555 1500 593 Aristotelem

686 612 868 648 indicata.

59 688 197 744 INTER
234 709 365 746 multas
403 723 446 747 ae
483 710 607 747 varias
636 709 815 746 bonorum
853 706 1080 754 divisiones,
1129 721 1218 759 quas
1255 707 1301 745 ab
1338 707 1500 759 antiquis

59 764 288 813 sapientibus
318 765 548 816 accepimus,
590 765 682 802 hacc
713 777 856 815 quoque
887 763 1022 802 tradita
1054 770 1124 801 est.
1184 766 1372 801 Bonorum
1406 776 1501 813 par-

61 817 216 866 t2'112**)
254 827 388 870 suapte
434 827 577 858 tantam
615 821 655 858 υἱ
682 821 831 870 eoepete‘,
875 833 996 870 neque
1025 831 1178 869 usquam
1220 820 1294 856 alio
1333 816 1499 868 referri.-

60 874 138 910 alsa
177 880 215 911 ot
245 888 319 924 per
354 889 414 922 se,
455 882 493 912 et
528 877 686 913 allorum
722 887 877 920 caussa,
919 888 1014 924 quae
1053 888 1102 911 ρας
1139 875 1229 923 zpsz's
1266 872 1499 923 efficiantur.-

57 930 237 966 nonnulla
266 932 400 976 etlam,
441 943 524 967 eum
553 932 590 967 in
625 944 664 967 se
699 931 798 967 m'ln'l
831 930 1074 980 expetendum
1111 928 1295 974 habeant,
1341 930 1502 966 altorum

58 984 166 1021 modo
191 986 324 1033 gralia
363 987 498 1023 amari.
559 984 676 1021 Primi
705 985 857 1034 generis
899 992 957 1021 est
986 985 1171 1034 voluptas.
1230 982 1367 1034 Neque
1402 983 1502 1020 enim

59 1050 139 1075 eam
165 1046 317 1088 propter
338 1039 436 1077 aliud
457 1041 678 1089 expetimus,
712 1041 792 1090 ipsa
820 1052 888 1089 per
908 1052 948 1076 se
960 1037 1085 1090 2'‘²¹⁶²‘'5),
1117 1052 1138 1075 a
1162 1051 1390 1089 quocumque
1416 1050 1503 1075 sen-

59 1093 122 1130 tiri
151 1101 290 1142 potest,
323 1095 358 1131 ei
388 1093 616 1131 desiderium
645 1095 777 1131 incutit
807 1095 879 1131 sui.
939 1094 980 1131 In
1013 1092 1177 1130 secundo
1207 1092 1338 1130 ordine
1369 1105 1502 1130 sensus

59 1148 234 1185 collocari
266 1149 381 1194 licet,
421 1162 512 1199 quos
546 1156 583 1186 et
622 1162 688 1199 per
717 1162 784 1194 se,
828 1155 865 1186 et
895 1155 1049 1199 propter
1083 1149 1181 1185 vitae
1221 1147 1502 1185 commoditates

59 1201 259 1252 diligimus.
321 1202 397 1240 Sed
430 1211 468 1241 et
495 1204 716 1241 valetudinis
748 1217 791 1241 ac
828 1204 959 1240 virium
992 1203 1144 1240 firmitas
1179 1201 1335 1240 eundem
1366 1203 1402 1239 in
1436 1216 1503 1240 nu-

59 1270 200 1295 merum
231 1259 364 1295 eoniiei
396 1266 530 1309 potest.
581 1259 751 1308 Tertiae,
779 1265 817 1295 ut
845 1259 893 1294 ita
916 1258 1089 1303 dixerim,
1121 1257 1252 1294 classis
1283 1265 1367 1295 sunt
1400 1257 1500 1294 labo.

58 1313 181 1350 riosae
223 1314 511 1351 exercitationes
546 1327 766 1364 corporum,
812 1314 1000 1351 sectiones
1039 1326 1240 1358 venarum,
1285 1312 1501 1350 adustiones

58 1367 284 1418 quarundam
308 1370 481 1419 partium,
506 1382 713 1406 amarorum
738 1367 1088 1406 medicamentorum
1112 1368 1355 1418 sumptiones.
1397 1367 1504 1414 Quae

59 1424 207 1468 onmia,
249 1430 286 1460 et
316 1424 446 1461 eodem
477 1423 522 1462 de
560 1438 703 1474 genere
732 1425 829 1469 alia,
872 1437 917 1461 eo
948 1430 1084 1460 tantum
1116 1429 1363 1473 expetuntur,
1406 1421 1505 1473 quod

57 1477 104 1515 ad
135 1477 231 1515 aliud
265 1479 450 1529 quippiam
482 1479 692 1517 conducere
724 1487 913 1530 putentur.
975 1479 1057 1516 Hac
1098 1479 1212 1528 igitur
1250 1478 1434 1528 tripertita
1450 1477 1502 1530 ᾧ)

58 1532 321 1570 distributione
351 1535 564 1584 proposita,
605 1536 676 1571 utri
707 1536 937 1585 superiorum
976 1547 1155 1584 generum
1185 1532 1366 1572 debeatur
1404 1534 1505 1584 prin-

60 1589 203 1639 cipatus
240 1588 342 1639 (nam
381 1590 530 1626 teitium
563 1589 708 1652 quidem
746 1591 781 1626 in
822 1590 891 1629 hoc
929 1602 969 1625 se
1005 1596 1194 1627 certamen
1236 1602 1307 1626 non
1348 1588 1501 1640 ollert),

58 1657 131 1680 non
169 1645 342 1680 convenit
381 1645 480 1681 inter
520 1645 707 1694 plincipes
744 1644 1058 1695 philosophoiQum
1113 1643 1220 1681 Plato
1265 1644 1361 1681 enim
1401 1644 1503 1694 prin-

60 1699 158 1748 cipio
190 1698 344 1736 secundi
380 1702 577 1738 πολιτειῶν
591 1698 674 1751 †T)
707 1700 900 1737 Sociatem
940 1700 975 1736 ei
1004 1700 1161 1749 generi,
1203 1697 1301 1749 quod
1338 1697 1502 1736 secundo

59 1753 142 1791 loco
163 1754 367 1804 posuimuS,
389 1751 434 1792 τὰ
454 1758 618 1805 πρωτεῖα
648 1754 919 1792 adiudicantem
952 1755 1055 1792 facit.
1109 1753 1218 1801 Quod
1240 1754 1338 1791 enim
1359 1753 1502 1791 duobus

59 1809 272 1846 nominibus
302 1811 513 1859 expetitur,
554 1810 683 1846 melius
712 1823 819 1856 esse,
863 1823 968 1860 quam
998 1808 1094 1860 quod
1129 1822 1202 1846 uno
1239 1816 1393 1849 tantum.
1450 1808 1506 1846 At

59 1864 285 1902 Aristoteles
306 1863 422 1916 †††)
463 1877 485 1901 a
515 1865 691 1914 magistro
731 1864 958 1902 dissentiens
999 1864 1037 1901 id
1073 1877 1213 1901 summe
1247 1863 1381 1901 bonum
1418 1876 1504 1902 esse

60 1919 203 1964 delinit,
237 1919 333 1969 quod
363 1926 502 1957 tantum
534 1927 687 1970 propter
715 1933 771 1965 se,
807 1920 906 1957 nullo
935 1926 1056 1957 autem
1087 1918 1195 1956 modo
1227 1925 1378 1969 propter
1406 1917 1507 1956 aliud

61 1981 270 2024 expetatur.
332 1974 464 2012 Finem
505 1976 601 2012 enim
643 1976 802 2012 omnium
841 1976 1016 2025 optimum
1055 1987 1154 2012 esse.
1222 1974 1349 2024 Itaque
1391 1981 1430 2011 ut
1467 1974 1505 2011 in

61 2029 232 2080 quodque
271 2025 292 2068 ὁ
321 2033 389 2068 τοῦ
417 2028 546 2076 τέλους
573 2026 686 2082 λόγος
723 2031 880 2068 maxime
914 2030 1134 2075 conveniat,
1179 2029 1230 2066 ita
1260 2028 1298 2066 id
1328 2030 1506 2080 optimum

59 2097 103 2122 ac
130 2086 488 2135 praestantissimum
525 2098 626 2123 esse.
686 2085 794 2123 Finis
832 2092 952 2123 autem
991 2086 1179 2135 proprium
1219 2091 1299 2130 est,
1339 2098 1420 2122 cum
1459 2083 1506 2123 ad

62 2153 144 2176 eum
177 2140 388 2203 pertineant
415 2147 558 2185 cetera,
590 2141 708 2193 ipsum
739 2154 916 2191 nusquam
949 2140 1021 2178 alio
1051 2140 1176 2188 dirigi.
1232 2139 1344 2177 Hunc
1371 2138 1506 2177 nodum

63 2194 268 2232 dissolvent
307 2196 358 2241 ii,
407 2196 468 2246 qui
504 2195 695 2233 Platonem
744 2203 781 2233 et
819 2195 1062 2233 Aristotelem
1102 2195 1239 2246 ubique
1285 2198 1507 2246 συμφωνεῖν

59 2250 206 2342 ζοίὓυηῐ.
207 2249 338 2358 >Ego
369 2250 535 2302 quidem,
567 2251 653 2303 quid
679 2251 770 2290 mihi
796 2250 996 2294 tenendum
1024 2252 1087 2297 sit,
1119 2264 1190 2291 uon
1222 2250 1327 2289 valde
1358 2251 1505 2288 dubium

89 2318 106 2342 ‘t
135 2318 180 2343 eo
195 2304 222 2330 ’τ

139 2426 182 2461 ÷::-)
202 2433 270 2461 cap.
294 2427 342 2455 11.
364 2426 396 2461 S.
417 2426 468 2455 30.
489 2426 542 2455 ubi
562 2434 644 2456 nunc
663 2426 781 2456 editum
800 2428 991 2464 dequynarit.

137 2475 204 2507 -ῑῖῑ-ῑὶἐ)
225 2475 312 2502 Haec
327 2474 441 2502 divisio
459 2475 570 2503 iisdem
591 2475 657 2504 fere
674 2476 783 2504 verbis
804 2477 941 2505 traditur
960 2483 979 2505 a
991 2476 1128 2505 Platone
1145 2476 1183 2503 de
1197 2475 1331 2509 Renuhl.
1349 2475 1386 2502 ΙΙ,
1407 2473 1504 2508 princ.

63 2519 135 2548 pag.
154 2513 225 2539 357.
253 2514 297 2540 St.
338 2512 384 2541 Cf.
405 2515 484 2542 Mur.
506 2514 679 2542 Comment.
701 2514 730 2541 iu
753 2514 831 2549 Opp.
853 2516 941 2543 Toni.
962 2515 1016 2543 111.
1037 2520 1110 2548 pag.
1129 2514 1191 2542 554
1211 2521 1258 2548 sq.
1297 2515 1410 2541 Fami.

139 2559 232 2593 2:÷÷:‹-:::-)
252 2559 383 2588 Atistot.
404 2561 459 2589 lib.
479 2562 517 2589 X.
538 2562 579 2589 ad
599 2562 718 2591 Nicom.
738 2569 806 2597 cap.
828 2563 857 2591 2.
879 2564 910 2598 5.
932 2563 961 2592 2.
981 2563 1063 2590 zell.

137 2607 182 2646 ἡ)
203 2608 320 2636 Melius
335 2608 404 2636 sine
419 2609 512 2638 dubio
533 2609 616 2638 foret
633 2612 802 2645 tripartita.
831 2611 894 2639 Sed
913 2610 952 2639 cf.
973 2610 1055 2639 infra
1074 2610 1129 2639 lib.
1145 2610 1212 2638 vn.
1230 2615 1298 2642 cap.
1315 2607 1364 2636 12.
1390 2608 1503 2637 FAEsn

137 2656 210 2695 ἢ)
232 2662 302 2691 pag.
319 2657 390 2685 358.
407 2658 448 2685 A.
464 2659 509 2686 St.

138 2704 239 2772 7¹39?
260 2704 366 2771 kFJJnic¹¹
380 2705 420 2733 ad
438 2705 557 2735 Nicom.
573 2706 627 2736 lib.
642 2708 666 2735 1.
682 2713 749 2742 cap.
768 2707 797 2737 7.
813 2707 845 2743 S.
859 2707 889 2737 4.
908 2707 956 2737 ed.
971 2707 1052 2736 Zell.
1086 2706 1132 2736 cf.
1148 2708 1228 2735 Mur.
1250 2704 1328 2740 Opp.
1345 2705 1433 2733 Tom.
1449 2706 1505 2734 111.

63 2750 134 2780 pag.
223 2765 227 2770 .
294 2750 353 2770 Aes
369 2764 376 2770 .

138 2791 182 2826 ἒξ)
210 2790 291 2819 Vide
318 2792 475 2820 muretum
501 2794 647 2821 accurate
681 2793 870 2822 sententiam
904 2800 995 2821 suam
1029 2791 1242 2825 explicantem
1271 2791 1442 2822 comment.
1472 2790 1505 2819 in

65 2828 165 2859 Arist.
187 2829 286 2860 Ethic.
307 2828 424 2858 Nicom.
447 2830 524 2866 Opp.
545 2831 632 2860 Τοιιι.
651 2831 703 2860 111.
725 2837 797 2866 pag.
819 2831 1002 2861 186-190.
1041 2831 1151 2860 Fusa.

1525 1268 1567 1299 96
