1778 3096
207 1579 270 1609 388

297 143 379 188 370
860 143 983 183 VAR.
1018 141 1173 182 LECT.

810 251 842 290 C
872 251 911 291 A
938 251 971 290 P
1000 250 1036 289 U
1064 251 1099 290 T
1154 251 1234 290 IX.

300 323 348 361 Sz‘
364 320 490 373 sorte.
556 320 752 358 Ciceronis
780 320 818 357 in
849 319 1063 358 Miloniana
1084 319 1206 356 *loeus
1231 319 1533 371 interpunctione
1569 323 1741 356 sanatas.

298 389 430 447 APUD
454 406 678 445 Ciceronem
710 407 744 444 in
766 406 978 445 Miloniana
1005 407 1055 443 ita
1084 403 1306 457 legitur*):
1336 408 1488 445 Hz‘ccz'ne
1512 406 1571 443 vir
1593 405 1747 456 patriae

297 472 412 503 natas
441 475 595 513 usquam
625 464 703 500 nisi
726 464 762 500 in
786 464 919 513 patria
950 463 1154 507 φησι-ἰοίην,
1199 468 1265 499 aut
1293 463 1330 499 si
1353 462 1465 513 s⁰''l⁶'
1497 473 1570 511 pro
1595 461 1743 510 patria,

299 521 410 556 Italas
440 531 504 556 vos
533 519 653 556 animi
676 525 911 555 monumenta
938 517 1165 563 retinebitis,
1196 519 1366 566 corporis
1396 519 1432 554 in
1463 518 1576 555 Italia
1603 515 1745 552 nullam

297 575 537 625 sepulchrum
565 587 645 611 esse
669 574 898 623 patiemini?
945 572 1022 610 Sed
1053 573 1185 609 vitiosa
1218 572 1466 622 interpunctio
1496 572 1566 608 vim
1599 582 1746 607 omnem

300 630 396 667 iltius
427 636 597 675 enervat,
631 627 941 679 pulchritudinem
973 628 1088 673 delet,
1122 628 1342 665 sententiam
1372 627 1561 664 obscurat.
1621 623 1748 675 Atque

298 683 472 736 equidem
511 684 709 736 putabam,
754 683 790 720 id
834 684 885 720 ita
925 684 1160 734 perspicuum
1200 690 1310 727 esse,
1353 689 1393 719 ut
1432 692 1747 733 supervacaneum

297 747 401 779 esset
431 753 598 778 monere.
660 738 737 777 Sed
773 752 856 776 cum
888 738 1057 786 videam,
1097 737 1134 775 id
1164 737 1332 775 mendum
1368 737 1527 775 haerere
1567 736 1678 774 etiam
1709 736 1746 772 in

298 797 346 833 iis
378 795 504 841 libris,
546 795 633 846 qui,
678 795 757 832 iure
792 807 837 832 an
870 795 1005 832 iniuria
1036 793 1268 840 videbimus,
1308 792 1372 830 sed
1403 800 1505 830 certe
1543 791 1653 842 vulgo
1685 803 1750 828 ce-

298 852 394 889 teris
428 850 703 889 emendatiores
734 857 931 901 putantur,
971 858 1241 901 praetereaque
1272 848 1590 892 animadvertam,
1629 846 1748 883 homi-

299 907 408 944 nibus
443 906 637 956 ceteroqui
669 919 741 943 non
767 904 962 943 ineruditis
993 906 1028 942 in
1053 903 1273 955 explicanda
1297 905 1377 942 eius
1408 903 1595 941 sententia
1620 902 1747 939 ocutos

299 963 504 1008 caecutire,
532 963 654 1013 potius
685 961 792 999 huius
822 961 964 1012 opellae
994 962 1173 998 iacturam
1205 960 1354 1005 faciam,
1379 972 1485 1010 quam
1517 970 1583 996 cos
1609 956 1749 994 diutius

299 1031 430 1056 errare
452 1019 585 1069 patiar.
635 1016 707 1054 Est
731 1017 845 1067 igitur
868 1018 919 1054 ita
943 1016 1162 1067 legendum:
1190 1017 1346 1054 He'ccz’nc
1367 1017 1426 1053 vir
1442 1014 1597 1066 patriae
1616 1019 1746 1058 natus,

298 1087 480 1124 usquam,
523 1074 601 1112 nz'sz'
634 1075 673 1110 in
700 1074 832 1123 patria
869 1074 1078 1118 morietur,
1120 1078 1210 1117 aut,
1253 1073 1290 1108 se·
1311 1071 1447 1123 sorte,
1484 1081 1557 1120 pro
1588 1068 1750 1119 patria?

297 1128 423 1180 Atque
464 1130 524 1166 bic
561 1127 863 1174 subsistendum,
906 1134 946 1163 ut
984 1127 1081 1177 quod
1120 1127 1315 1177 sequitur,
1358 1127 1405 1162 sit
1447 1137 1563 1163 novae
1603 1121 1747 1175 periodi

297 1185 537 1236 principium.
598 1184 684 1221 Hoc
725 1183 825 1221 enim
856 1183 1064 1232 significat,
1108 1182 1299 1233 indignum
1329 1194 1440 1227 esse,
1481 1180 1593 1217 talem
1628 1179 1749 1216 virum

297 1253 450 1290 usquam
483 1240 556 1276 nisi
593 1240 629 1276 in
663 1239 782 1288 patria
813 1240 929 1285 mori,
973 1239 1045 1275 nisi
1077 1237 1173 1275 forte
1206 1250 1316 1274 casus
1355 1236 1487 1287 aliquis
1518 1236 1568 1272 ita
1603 1235 1746 1279 tulerit,

296 1302 338 1332 ut
365 1295 401 1331 in
440 1295 562 1345 aliquo
600 1300 756 1331 externo
788 1293 886 1330 hetto
923 1300 1078 1330 mortem
1109 1306 1176 1343 pro
1210 1293 1329 1342 patria
1368 1291 1548 1328 dimicans
1579 1296 1744 1341 oppetat.

297 1348 371 1387 Est
399 1363 517 1400 genus
548 1347 721 1399 loquendi
751 1347 950 1393 Graecum,
983 1347 1170 1398 sz'sm‘te,
1201 1347 1234 1385 εἰ
1260 1344 1374 1396 τύχοῑ.
1416 1346 1480 1383 Sic
1513 1345 1607 1382 tibro
1628 1345 1747 1396 primo

296 1404 553 1455 Epistolarum
577 1403 621 1441 ad
636 1403 685 1449 Q.
712 1404 864 1441 fratrem
878 1401 950 1454 ⁴4W)
966 1420 974 1440 z
992 1404 1186 1453 Ialclle'ges
1197 1400 1316 1451 ἤἕψῃ),
1339 1402 1437 1439 m‘lze'l
1456 1415 1535 1438 esse
1554 1408 1654 1438 ffime
1673 1401 1752 1437 m’se'

297 1461 483 1497 orationis
512 1459 754 1496 acerbitatem
785 1465 823 1495 et
852 1459 1113 1503 iracundiam,
1158 1464 1216 1501 et,
1252 1459 1288 1493 si
1302 1456 1436 1507 farte,
1476 1469 1568 1493 raro
1599 1457 1747 1493 latera-

297 1528 382 1552 ram
418 1515 616 1552 missarum
656 1514 930 1563 zbaetle'le'genlz'am
968 1513 1252 1562 reprehensam.
1324 1511 1376 1548 Et
1416 1511 1510 1548 libro
1551 1511 1662 1548 tertio
1699 1509 1746 1547 de

298 1570 464 1607 Oratore
479 1568 555 1621 †):
598 1570 663 1606 Em
692 1581 763 1618 qao
801 1581 957 1612 vereor,
998 1581 1044 1604 ne
1076 1568 1176 1605 m'lzz'l
1211 1568 1278 1604 sim
1311 1568 1389 1611 ταί,
1432 1567 1511 1604 nisi
1540 1566 1748 1616 supplosio-

297 1639 380 1663 nem
407 1626 515 1676 pedz's
545 1625 735 1670 imitatus,
764 1629 801 1661 et
828 1624 1010 1673 aliquem,
1048 1624 1085 1660 si
1097 1621 1232 1673 sorte,
1268 1629 1419 1660 motam.
1479 1619 1558 1658 Sed
1580 1627 1627 1658 -et
1654 1620 1746 1658 Ovi-

297 1680 380 1718 dius
412 1681 449 1718 in
481 1680 599 1730 primo
629 1678 986 1729 Metamorphoseon
1003 1677 1112 1730 ††):

461 1747 615 1796 Figitur
644 1746 681 1783 z‘n
709 1745 846 1791 m'rz‘dz',
878 1745 916 1781 si
927 1743 1022 1795 sors
1053 1744 1163 1789 tellit,
1197 1744 1365 1781 anchora
1388 1748 1519 1793 prato.

297 1810 332 1851 εἶ
359 1809 482 1859 οὕτως
513 1810 637 1863 ἔτυχε,
676 1811 782 1848 cuius
812 1810 1047 1860 ignoratione
1078 1809 1190 1860 vulgo
1221 1810 1418 1856 fecerunt,
1449 1809 1505 1847 3ιέ
1520 1806 1614 1858 sors
1642 1808 1741 1846 tulit.

824 1918 1112 1958 CAPUT
1166 1918 1221 1959 X.

477 1999 653 2038 Suetonii
677 1999 724 2036 de
752 1999 869 2037 claris
899 1997 1126 2037 Rhetoribus
1154 1997 1302 2036 libellus
1329 1997 1562 2036 emendatur.

295 2067 353 2123 ΙΝ
381 2085 440 2123 his
468 2085 574 2123 libris
611 2084 896 2124 conscribendis
926 2086 1064 2123 imitari
1101 2086 1191 2123 mihi
1219 2083 1350 2123 videor
1378 2097 1505 2123 eorum
1542 2090 1742 2122 consuetu-

296 2141 439 2187 dinem,
471 2142 533 2191 qni
560 2142 718 2178 tesseris
752 2140 897 2178 ludunt.
945 2141 998 2178 Ut
1026 2141 1125 2178 enim
1154 2141 1223 2186 itti,
1253 2139 1349 2190 quod
1378 2147 1522 2177 temere
1552 2141 1738 2185 iecerunt,

296 2209 343 2235 eo
362 2203 534 2235 utuntur:
557 2197 611 2233 sic
634 2209 704 2247 ego
726 2195 994 2246 pomeridianis
1017 2194 1232 2240 horis,dum
1255 2208 1294 2232 se
1318 2194 1421 2232 calor
1440 2195 1588 2245 frangat
1603 2193 1738 2247 †††),

294 2253 334 2290 in
363 2251 624 2290 bibliothecam
654 2264 771 2289 meam
795 2252 1005 2300 ingressus,
1029 2251 1090 2301 qui
1118 2250 1256 2301 primus
1281 2249 1377 2287 liber
1400 2250 1436 2287 in
1462 2264 1591 2287 manus
1621 2250 1738 2297 venit,

293 2320 379 2346 eum
409 2307 565 2358 arripio,
592 2313 642 2353 et,
672 2307 703 2344 si
733 2305 819 2357 quid
850 2306 936 2343 olim
966 2318 987 2343 a
1018 2319 1075 2343 me
1106 2306 1143 2343 in
1174 2318 1219 2342 eo
1249 2312 1412 2343 notatum
1443 2306 1491 2342 sit
1515 2305 1737 2356 inspicienS,

292 2376 406 2401 unum
440 2370 505 2401 aut
531 2363 687 2400 alterum
719 2362 849 2399 horum
881 2362 1040 2413 capitum
1074 2362 1272 2398 concinno.
1332 2360 1443 2398 Nunc
1474 2361 1612 2412 igitur,
1654 2373 1737 2397 cum

293 2431 380 2457 sese
418 2417 595 2456 obtulerit
632 2417 777 2455 libellus
817 2429 908 2454 sane
945 2417 1101 2466 elegans
1133 2415 1306 2454 Suetonii
1343 2417 1389 2454 de
1418 2417 1537 2454 claris
1565 2416 1737 2456 Rhetori-

292 2474 383 2520 bus,
422 2473 601 2521 tentabo,
642 2486 727 2511 num
758 2472 903 2519 exiis,
945 2482 1038 2524 quae
1080 2471 1225 2524 pridem
1260 2472 1299 2509 in
1329 2484 1375 2510 eo
1405 2472 1554 2518 notavi,
1595 2470 1734 2522 possim

364 2576 409 2611 ἦε)
429 2583 498 2611 cap.
518 2577 568 2605 38.
593 2577 626 2612 S.
649 2575 718 2606 104.
758 2574 927 2605 Distinctio
948 2574 1107 2604 Muretina
1127 2581 1209 2604 nunc
1229 2576 1368 2610 recepta.

362 2625 432 2661 {effe}
452 2625 554 2659 Epist.
574 2626 603 2654 ².
625 2625 658 2661 §-
680 2625 709 2654 7.
750 2623 905 2652 Orellius:
925 2631 992 2652 esse
1012 2624 1088 2653 nihil
1104 2631 1123 2652 a
1140 2631 1188 2652 me
1208 2626 1269 2653 cet.

360 2673 455 2708 ἥκετε)
475 2673 656 2702 Ruhnkenii
677 2672 774 2701 editio
798 2672 958 2708 Intelliyis.

340 2721 407 2790 b†)
436 2728 506 2757 cap.
527 2722 576 2751 12.
597 2722 628 2758 S.
648 2722 699 2751 47.
729 2721 782 2751 ubl
801 2723 877 2757 post
897 2728 928 2750 v,
949 2721 1085 2749 imitatus
1105 2720 1263 2751 adduntur
1290 2721 1383 2750 haec:
1411 2719 1441 2749 e!
1466 2724 1566 2752 pauca
1585 2718 1733 2754 quaedam

283 2767 339 2791 ver
359 2768 388 2789 a.

357 2807 432 2847 ††)
453 2815 484 2837 v.
506 2807 576 2837 297.
598 2807 650 2837 ubi
671 2815 752 2837 nunc
772 2807 904 2843 legitur:
925 2807 953 2835 si
970 2805 1043 2840 fors
1062 2806 1142 2834 tulit.

357 2855 459 2896 †††)
480 2858 528 2886 lta
549 2855 659 2888 Cicero
680 2856 720 2886 de
741 2856 829 2887 Orat.
850 2855 904 2886 tib.
925 2857 948 2886 1.
970 2861 1038 2891 cap.
1059 2854 1109 2885 62.
1132 2853 1164 2889 S.
1187 2854 1259 2885 265.
