1726 3106
529 109 631 148 Lm.
663 108 734 148 115.
795 104 1060 158 magma.
1461 102 1516 144 59

78 222 236 277 diust),
258 222 419 261 eruisset
434 225 572 266 rostro,
598 220 758 270 annique
778 230 877 269 spem
897 218 1184 269 intercepisset3
1213 217 1259 255 ob
1282 216 1392 268 idque
1411 214 1517 254 dcam

79 280 161 318 eius
188 278 312 328 caede{
331 275 496 328 gaudere
518 274 743 313 crederent:
772 287 838 311 seu
859 273 955 323 quod
982 286 1001 311 e
1024 274 1132 310 suillo
1150 280 1273 310 rostro
1294 271 1455 310 arandae
1481 278 1519 310 et

78 333 323 372 invertendae
352 338 476 368 terrae
508 331 600 367 ratio
624 331 780 380 primum
811 335 966 378 accepta
995 335 1098 366 esset
1111 326 1212 379 **):
1246 342 1328 365 nam
1358 327 1396 365 id
1428 340 1520 378 quo-

80 402 150 441 que
181 389 283 426 multi
309 384 566 438 prodiderunt.
617 386 750 436 Neque
778 396 868 421 sane
900 385 989 420 satis
1020 384 1196 421 convenit
1224 384 1322 420 inter
1349 384 1519 433 antiquos

79 444 284 494 scriptores
314 441 360 479 de
391 442 559 486 caussis,
599 441 645 477 ob
670 453 759 491 quas
790 440 859 476 hoc
884 446 947 476 aut
976 438 1063 475 illud
1096 439 1230 475 animal
1261 439 1344 476 huie
1375 445 1437 476 aut
1466 437 1522 474 illi

80 498 150 536 deo
178 497 446 535 immolaretur.
496 496 574 533 Alii
606 496 719 540 enim,
751 496 848 545 quod
872 495 1005 544 cuique
1029 493 1097 531 deo
1127 494 1376 543 gratissimum
1402 499 1518 539 esset,

80 552 118 591 id
139 552 184 591 ad
215 553 312 590 illius
343 564 428 589 aras
460 552 612 588 mactari
643 551 785 588 solitum
813 551 928 587 aiunt.
977 549 1107 599 Itaque
1138 561 1252 598 equus
1273 549 1410 586 Martis
1440 554 1523 585 erat

81 608 219 646 hostia.
278 606 331 644 Et
359 605 455 658 quod
492 619 582 656 aper
607 605 757 643 Adonin
795 604 1049 642 interfecisset
1069 601 1195 655 aasz),
1246 617 1336 654 apro
1375 602 1522 643 Veneri

81 676 161 702 rem
191 662 352 700 divinam
386 662 468 699 fieri
500 661 606 698 nefas
633 668 729 698 erat.
788 660 890 705 Alii,
933 658 1028 710 quod
1057 660 1210 710 quisque
1241 657 1333 697 deus
1363 658 1521 703 odisset,

82 719 162 756 eius
193 718 384 768 potissime
403 716 453 769 †)
487 717 587 753 illum
619 715 736 754 caede
777 716 955 753 oblectari
994 715 1182 766 putabant.
1244 714 1373 765 Itaque
1409 713 1524 751 Nocti

83 773 363 811 sacrificabatur
404 772 522 822 gallus
558 771 812 822 gallinaceus,
859 769 956 821 quod
994 778 1102 808 cantu
1145 782 1211 807 suo
1255 769 1350 806 diem
1389 781 1525 820 provo-

82 841 195 874 care,
237 834 381 866 noctem
413 828 543 878 fugare
571 826 761 864 videretur
779 825 883 879 ††):
928 839 1038 876 capra
1067 825 1238 873 Palladi,
1278 823 1374 876 quod
1404 825 1525 861 oleam

82 883 282 934 insigniter
310 881 489 920 laederet.
551 881 626 921 Sed
654 889 735 920 utra
765 881 811 920 de
850 895 983 919 caussa
1011 894 1145 931 porcus
1178 881 1312 920 Cereri
1345 880 1521 918 caderet:

83 939 172 976 illud
207 946 310 976 certe
341 937 629 984 observabatur,
671 944 709 975 ut
744 945 782 975 et
811 938 1050 987 praepinguis
1087 944 1214 984 esset,
1256 944 1293 974 et
1330 936 1427 974 nulla
1467 935 1526 972 sui

84 1001 190 1045 parte
213 1006 363 1032 mancus
392 1006 435 1031 ac
463 994 636 1030 mutilus:
671 992 767 1043 quod
796 993 905 1029 etiam
929 993 1104 1037 universe
1129 994 1164 1030 in
1192 999 1270 1030 toto
1293 992 1526 1030 victimarum

84 1062 226 1099 genere
249 1048 462 1086 servabant.
510 1047 616 1097 Ergo
636 1061 776 1098 porcos
800 1049 976 1096 mysticos
996 1054 1058 1084 aut
1079 1050 1300 1096 mystem'cos
1324 1048 1524 1092 vocabant,

85 1105 147 1154 qui
178 1104 411 1154 pinguissimi
450 1109 489 1140 et
527 1103 760 1152 integerrimi
797 1109 940 1139 essent.
1001 1101 1156 1139 Plautus
1194 1105 1361 1140 sinceros
1398 1116 1529 1140 sacres

85 1166 194 1197 vocat
209 1157 341 1211 †††).
397 1157 526 1204 Quare
555 1157 799 1207 Meg-arensis
830 1158 890 1194 ille
920 1156 1222 1207 Aristophaneus
1240 1158 1307 1209 ἐξ),
1342 1159 1402 1208 qui
1432 1158 1528 1195 filias

86 1226 172 1251 suas
201 1227 267 1274 p-ro
300 1213 423 1264 porcis
453 1211 618 1250 vendere
648 1219 817 1263 cuperet,
849 1212 952 1249 iubet
983 1213 1056 1257 eis,
1087 1219 1125 1248 ut
1155 1225 1302 1249 saccum
1332 1214 1527 1265 ingressae

86 1268 139 1308 ita
164 1269 366 1320 grunniant
382 1267 488 1319 ἢΜΕ),
520 1276 560 1306 ut
587 1269 691 1319 porci
721 1268 912 1319 mysterici
944 1280 1028 1305 esse
1058 1267 1277 1307 videantur:

307 1330 497 1385 Κῆπειτεν
528 1332 567 1380 ἐς
594 1330 662 1373 τὸν
691 1330 835 1373 σάκκον
863 1326 930 1372 036²
965 1332 1172 1384 ἐςβαίνετε·

293 1386 432 1436 ’Ὀπως
460 1387 501 1428 δὲ
528 1390 751 1441 γρυλλιξεῖτε
777 1387 842 1428 καὶ
871 1388 1023 1437 κοΐξετε,

309 1441 473 1496 Χήσεῖτε
501 1441 636 1495 φωνὰν
662 1445 816 1496 χοιρίων
844 1446 1096 1496 μυστηρικῶν.

87 1509 142 1548 Et
169 1510 278 1562 paulo
305 1517 388 1562 post
415 1511 668 1560 interrogatus
697 1522 717 1547 a
747 1508 991 1562 Dicaeopoli‚
1025 1509 1111 1563 quid
1142 1511 1285 1559 ferret,
1322 1524 1456 1564 porcas
1487 1525 1529 1551 se

89 1568 270 1619 mysticas
302 1567 405 1604 ferre
437 1565 638 1616 respondet
654 1563 785 1618 ***):

309 1634 373 1672 Δι.
427 1631 465 1671 τί
489 1630 554 1671 δαὶ
581 1629 728 1683 φέρειςς

644 1689 725 1725 Με.
759 1686 913 1738 χοίρους
941 1683 1087 1741 ἐγώνγα
1115 1684 1310 1739 μυστικάς.

548 1807 708 1847 CAP
738 1809 837 1848 UT
892 1809 1019 1848 VIII.

96 1881 139 1919 C.
169 1880 310 1918 Verres
337 1891 411 1931 qua
442 1893 492 1918 θα]
510 1888 623 1930 gente
643 1880 785 1932 sefer-it.
848 1882 1079 1919 Emendams
1101 1882 1205 1920 locus
1231 1894 1250 1919 e
1277 1881 1374 1920 libro
1394 1890 1534 1933 quarto

679 1937 945 1974 accusationis.

96 1991 342 2050 ORIUNDUM
380 2024 401 2050 e
431 2019 544 2062 gente
578 2012 759 2052 Cornelia
797 2014 911 2051 fuisse
951 2011 997 2051 C.
1030 2012 1217 2060 Verrem,
1266 2027 1286 2052 a
1318 2014 1536 2065 quibusdam

93 2069 348 2107 Romanarum
393 2069 651 2119 antiquitatum
699 2069 940 2120 peritissimis
985 2068 1194 2107 hominibus
1232 2069 1404 2108 traditum
1453 2078 1534 2109 est:

170 2166 213 2202 -:::-)
240 2170 367 2196 Metam.
380 2166 432 2195 lib.
444 2167 511 2195 XV.
527 2173 558 2195 v.
577 2168 716 2201 112sqq.
749 2168 829 2195 Nam
846 2168 934 2195 locus
949 2173 969 2194 a
984 2167 1100 2195 Wolfio
1122 2169 1239 2196 aflatus
1257 2167 1311 2196 lib.
1327 2169 1409 2198 XIV.
1427 2170 1539 2199 v.282.

95 2207 158 2235 huc
177 2213 237 2234 non
258 2206 405 2240 pertinet.
447 2204 494 2233 (tf.
513 2206 600 2233 Fast.
620 2205 674 2233 lib.
690 2206 712 2232 I.
734 2212 766 2233 v.
782 2206 854 2233 3⁴2).
895 2206 998 2233 Varro
1020 2205 1058 2233 de
1075 2207 1112 2233 R.
1130 2207 1166 2234 R.
1189 2206 1242 2234 lib.
1258 2208 1295 2234 II.
1317 2213 1386 2241 cap.
1403 2207 1431 2234 4.
1455 2208 1486 2242 ξ.
1507 2207 1538 2236 9.

97 2299 156 2328 cap
171 2253 240 2319 2:32³)
256 2254 403 2320 Kszi'ffiat
428 2254 488 2281 hoc
513 2253 554 2282 ad
573 2252 770 2290 Aegyptms,
804 2253 868 2281 vid.
889 2254 1052 2282 Plutarch.
1081 2255 1207 2288 Quaest.
1236 2257 1383 2289 Sympos.
1408 2255 1463 2284 lib.
1484 2257 1538 2285 IV.

172 2338 264 2374 -:::--:1:-÷‘.:-)
286 2338 331 2367 Cf.
355 2337 446 2367 ovid.
466 2341 593 2368 Metam.
612 2339 666 2368 lib.
686 2339 724 2368 X.
745 2345 777 2367 v,
798 2338 867 2368 708.
889 2346 958 2374 sqq.

116 2427 122 2435 Ι
175 2385 221 2425 ·2·)
241 2386 387 2435 [mnirari
417 2389 520 2420 potest
548 2388 586 2415 ‹Ie
611 2389 671 2415 hac
697 2386 816 2430 forma,
846 2394 1034 2421 quamquam
1061 2395 1113 2422 ap.
1141 2388 1204 2431 Cic.
1232 2396 1289 2423 pro
1310 2390 1389 2417 Mur.
1417 2396 1487 2424 cap.
1509 2390 1539 2419 2.

102 2425 659 2511 54.’θ-ἰῑ-ζεέῗίἰᾱὼέἑῐέῒοἳρᾉδόἓιίἓ.
678 2425 837 2455 codicibus
855 2428 980 2455 tautum
992 2433 1056 2455 non
1071 2428 1216 2455 omnibus
1231 2433 1303 2455 eam
1322 2427 1447 2455 defendi
1461 2427 1538 2456 scio.

175 2484 200 2512 Τ
353 2495 360 2501 .
462 2495 468 2502 .
505 2495 512 2502 .
614 2493 619 2502 ι
654 2495 661 2502 .

176 2519 277 2559 ,ἑνὶ-ᾗ)
297 2523 492 2551 Menaechm.
511 2524 550 2551 II.
572 2524 601 2560 2,
626 2524 675 2552 15·

176 2578 221 2612 ἐξ)
249 2579 386 2607 Acharn.
413 2586 444 2608 v.
475 2581 537 2609 745
565 2587 633 2616 sqq,
663 2579 716 2609 ubi
743 2587 826 2609 nunc
856 2578 1003 2609 scribitur
1027 2573 1235 2619 γρυλιξεΐτε.

177 2628 245 2662 εῖε-εῑε)
268 2626 382 2655 Rarior
401 2626 613 2664 constructio,
637 2629 699 2657 vid.
720 2629 847 2658 RuhnK.
868 2631 900 2658 et
919 2630 1061 2658 Frotscn.
1084 2628 1123 2655 ad
1146 2628 1224 2662 Opp.
1246 2629 1333 2657 Tom.
1353 2629 1375 2657 1.
1401 2635 1472 2663 pag,
1492 2630 1547 2659 85.

103 2664 176 2704 „CR
198 2665 355 2693 Drakenb.
378 2665 417 2692 ad
438 2665 507 2694 Liv.
529 2667 583 2695 Iib.
603 2668 726 2695 xxxn.
748 2675 816 2701 cap.
839 2667 887 2696 ¹6.
924 2665 1025 2694 wolf.
1047 2667 1087 2694 ad
1107 2666 1192 2693 Orac.
1215 2675 1269 2699 pro
1289 2668 1389 2694 Domo
1411 2669 1544 2702 cap.17.

104 2710 176 2738 pag.
199 2702 268 2730 184.
307 2703 373 2730 Hoc
392 2703 461 2730 loco
483 2703 578 2732 etiam
597 2703 674 2733 illud
703 2705 889 2739 notandum,
920 2704 1000 2738 quod
1022 2711 1078 2738 pro
1099 2705 1282 2732 accusativo
1304 2704 1431 2732 dativus
1458 2705 1546 2739 posi-

105 2744 159 2769 tus
181 2743 245 2768 est:
266 2741 300 2768 ut
321 2739 402 2767 infra
422 2740 476 2768 lib.
498 2742 549 2770 VI.
570 2748 638 2775 cap.
662 2743 709 2770 17.
738 2743 820 2770 iubet
837 2742 1019 2770 sateltitibus
1106 2742 1138 2768 ut
1158 2748 1259 2775 recem
1283 2743 1384 2775 ipsum
1403 2750 1545 2778 compre-

107 2778 240 2808 hermam
259 2779 319 2806 cet.
357 2776 427 2806 Vid.
450 2778 576 2813 Sciopp.
597 2780 635 2808 de
655 2780 719 2810 stiI.
739 2779 848 2809 histor.
870 2786 943 2815 pag.
963 2779 1012 2809 98.
1034 2779 1083 2808 etl.
1103 2778 1233 2808 Fabrif⁵
1273 2781 1384 2809 Facsi.

182 2825 275 2862 *κε-ιτς)
294 2826 435 2856 Acharn.
456 2834 487 2857 v.
508 2827 579 2857 764.

1576 1340 1620 1372 64
