1726 3106
578 108 680 146 [AB.
714 107 785 147 m.
846 105 965 146 CAP.
999 107 1030 146 1.
1472 103 1528 145 53

91 233 175 260 num
218 233 264 258 eo
300 217 407 257 modo
444 219 605 256 recitare
647 231 772 270 posse.
838 216 1022 268 Quodque
1059 214 1310 254 admirabilius
1349 221 1429 261 est,
1476 215 1528 252 ita

90 275 298 313 haerebant
345 274 467 311 omnia
507 274 543 310 in
578 275 726 320 animo,
783 280 822 311 ut
853 273 912 311 vel
952 280 1035 323 post
1070 285 1204 309 annum
1244 270 1415 316 diceret,
1465 282 1524 316 se,

90 342 342 383 quaecumque
382 330 581 366 memoriae
608 328 935 373 'commendasset‚
980 329 1128 365 minimo
1166 326 1316 377 negotio
1347 325 1527 378 repetitu-

89 399 186 424 rum.
245 385 329 434 Ego
367 390 471 421 certe
510 391 591 434 post
632 384 762 422 multos
803 382 883 420 (lies
924 383 1022 419 facto
1059 382 1225 434 periculo
1264 394 1391 419 verum
1426 392 1523 417 com-

90 441 186 491 peri.
245 438 379 490 Neque
415 439 484 475 hoc
529 440 632 477 satis.
698 436 1025 488 Diversabatur*)
1061 437 1158 488 apud
1200 449 1258 474 me
1298 436 1527 473 Franciseus

88 495 280 539 Molinus,
328 494 504 544 patricius
533 494 728 540 Venetus,
765 492 986 530 adolescens
1027 494 1245 543 optimarum
1282 491 1415 529 artium
1451 496 1527 527 stu-

90 548 161 587 diis
204 549 358 586 mirifice
402 547 572 594 deditus,
614 550 698 600 qui,
739 561 820 586 eum
860 560 900 585 se
932 549 1108 585 memoria
1150 560 1277 598 parum
1307 547 1412 583 firma
1441 557 1527 582 esse

90 605 274 650 sentiret,
325 604 444 641 oravit
483 604 693 651 hominem,
745 605 798 641 uti
837 615 877 640 se
916 610 1033 640 artem
1077 603 1175 640 illam
1213 601 1382 638 doceret.
1447 599 1528 639 Vix

88 658 306 697 ostenderat
346 671 385 696 se
426 658 463 695 id
492 660 610 705 velle,
651 673 732 697 curn
763 658 942 696 Corsieus
973 671 1124 709 operam
1158 657 1194 694 ei
1224 669 1325 694 suam
1355 655 1530 707 prolixis-

91 716 182 752 sime
222 714 368 752 detulit.
427 713 562 752 Dictus
603 722 661 752 est
702 715 831 760 loeus,
873 713 972 750 dicta
1011 713 1127 759 bora,
1165 711 1210 749 ad
1251 724 1358 763 quam
1389 709 1528 748 cotidie

90 770 347 808 convenirent.
408 769 579 807 Nondum
616 784 682 807 sex
717 777 779 807 aut
817 776 959 819 septem
997 768 1079 805 dies
1113 767 1307 811 abierant,
1347 779 1430 803 cum
1465 765 1529 814 ille

89 837 233 876 quoque
262 825 358 862 alter
386 826 533 862 nomina
561 826 716 876 amplius
749 826 950 876 quingenta
981 824 1062 861 sine
1091 824 1163 861 ulla
1193 821 1434 866 difficultate,
1466 826 1530 857 aut

89 880 243 925 eodem,
288 887 354 917 aut
392 894 609 931 quocunque
649 882 721 918 alio
764 881 933 917 libuisset
976 878 1106 916 ordine
1145 877 1352 928 repetebat.
1419 875 1529 913 Haec

89 949 160 986 ego
200 937 261 973 vix
298 934 475 973 auderem
511 937 645 973 litteris
683 934 864 986 prodere,
906 933 1090 972 mendacii
1132 933 1381 983 suspicionem
1420 943 1529 969 reve-

89 1004 201 1035 rens,
240 991 311 1028 nisi
350 997 387 1027 et
418 1004 478 1027 res
508 990 626 1028 adbuc
658 1004 791 1027 recens
821 997 922 1027 esset
950 988 1128 1038 (nondum
1157 989 1252 1026 enim
1282 999 1400 1024 annus
1429 985 1526 1037 est),

91 1053 128 1084 et
156 1045 354 1082 Nicolaum
384 1045 669 1095 Lippomanum‚
701 1045 809 1082 Petri
839 1044 1048 1082 Alexandri
1078 1044 1207 1088 filium,
1238 1042 1423 1079 Lazarum
1442 1040 1529 1078 Μο-

89 1101 258 1138 cenicum
275 1097 364 1150 *³¹72
393 1100 589 1137 Francisci
612 1101 739 1145 filium,
762 1100 936 1136 Ioannem
958 1099 1214 1148 Malipetrum‚
1233 1097 1380 1134 Nicolai
1398 1097 1526 1141 filium,

90 1156 295 1205 Georgium
327 1154 597 1199 Contarenum‚
631 1155 826 1191 Laurentii
855 1154 982 1199 filium,
1014 1154 1190 1203 patricios
1217 1153 1400 1195 Venetos,
1434 1152 1530 1201 opti-

89 1224 168 1249 mos
206 1217 244 1248 et
281 1209 532 1248 nobilissimos
564 1209 845 1254 adolescentes,
886 1210 1051 1258 aliosque
1092 1215 1286 1258 praeterea
1315 1207 1532 1243 innumera-

89 1267 183 1304 biles
221 1266 300 1302 eius
331 1266 387 1302 rei
418 1272 535 1303 testes
567 1266 759 1304 haberem.
816 1264 854 1300 A
881 1264 1038 1315 quibus,
1080 1264 1111 1300 si
1142 1263 1346 1307 mentirer,
1384 1261 1532 1299 vanita-

88 1329 163 1359 tem
192 1334 308 1357 meam
340 1321 492 1370 coargui
523 1321 672 1357 nollem.
733 1320 866 1357 Artem
895 1333 984 1358 vero
1016 1319 1112 1356 illam
1136 1317 1313 1355 Corsicus
1336 1317 1532 1366 accepisse

90 1390 132 1414 se
172 1375 318 1413 dicebat
353 1375 398 1413 ab
438 1377 586 1413 homine
627 1375 760 1421 Gallo,
804 1388 874 1425 quo
912 1388 1005 1425 puer
1040 1373 1246 1411 domestico
1287 1379 1532 1423 praeceptore

88 1445 178 1470 usus
210 1438 325 1469 esset.
385 1431 485 1468 Huic
515 1445 583 1478 ego
612 1444 658 1468 ne
686 1444 732 1468 ex
760 1430 977 1480 antiquitate
1006 1429 1169 1480 quidem,
1201 1441 1308 1478 quem
1332 1440 1532 1477 opponam,

89 1487 232 1525 habeo:
278 1486 349 1523 nisi
389 1486 486 1524 forte
517 1486 679 1538 Cyrum
722 1498 828 1535 quem
862 1486 1032 1530 Plinius,
1072 1479 1458 1533 Quinctilianiis***)
1495 1487 1535 1518 et

90 1543 153 1580 alii
182 1542 306 1579 Latini
348 1543 551 1592 scriptores
585 1540 842 1586 tradiderunt,
883 1541 1050 1577 tenuisse
1093 1540 1254 1576 omnium
1282 1539 1432 1575 militum
1467 1550 1535 1574 no-

91 1599 203 1636 mina.
265 1595 338 1634 Sed
371 1598 465 1644 hoc,
504 1604 543 1633 ut
580 1609 707 1634 verum
740 1597 883 1641 fatear,
925 1608 1075 1645 semper
1103 1595 1244 1632 veritus
1272 1607 1377 1639 sum,
1422 1605 1531 1643 quam

90 1651 329 1691 considerate
378 1659 488 1702 atque
532 1652 722 1702 explorate
763 1650 1018 1688 tradidissent.
1088 1650 1301 1700 Xenophon
1339 1649 1460 1693 enim,
1512 1659 1536 1684 a

91 1722 161 1759 quo
190 1708 242 1744 illi
272 1707 333 1744 vel
364 1720 463 1753 uno,
510 1707 567 1744 vel
600 1706 826 1757 praecipue,
865 1718 960 1756 quae
990 1704 1035 1742 de
1063 1704 1167 1756 Cyro
1198 1704 1392 1748 dicebant,
1432 1702 1529 1740 acci-

90 1776 181 1815 pere
210 1769 433 1813 potuerunt,
462 1761 559 1798 istud
590 1769 663 1798 tam
692 1760 914 1798 incredibile
946 1774 1018 1797 non
1044 1760 1147 1805 dicit,
1181 1758 1246 1796 sed
1276 1766 1414 1796 tantum
1448 1770 1532 1795 eum

90 1819 258 1857 tenuisse
297 1818 444 1854 nomina
474 1820 551 1856 τῶν
578 1814 649 1866 ὑφ’
684 1813 803 1855 αὑτὸν
830 1812 1040 1868 ἡγεμόνων.
1098 1813 1208 1862 Quod
1237 1821 1277 1851 ut
1304 1814 1341 1850 in
1370 1814 1532 1863 impera-

90 1881 175 1912 tore
214 1871 394 1910 laudabile
437 1879 514 1917 est,
549 1873 599 1909 ita
629 1886 700 1908 non
733 1872 881 1908 excedit
911 1871 1034 1907 iidem.
1094 1870 1244 1915 Locus,
1287 1869 1319 1906 si
1358 1869 1439 1919 quis
1471 1880 1530 1905 re-

90 1929 227 1980 quirit,
260 1935 317 1965 est
348 1928 441 1964 libro
470 1928 598 1978 quinto
629 1925 874 1978 Hadet'ceg†).
930 1925 1037 1963 Fieri
1067 1932 1186 1962 autem
1220 1930 1358 1974 potest,
1388 1930 1427 1960 ut
1455 1922 1532 1960 La·

91 1986 252 2022 tinorum
291 1983 447 2033 aliquis,
484 1983 545 2033 qui
580 1983 700 2020 locum
740 1982 839 2018 illum
868 1981 1133 2031 Xenophontis
1165 1980 1258 2017 male
1301 1979 1529 2028 accepisset,

92 2040 185 2078 alios
227 2045 357 2089 postea
398 2039 619 2075 auctoritate
662 2049 728 2074 sua
767 2037 804 2074 in
846 2049 1015 2074 errorem
1053 2034 1258 2073 induxerit.
1319 2034 1403 2071 Hoc
1433 2034 1532 2071 enim
1557 2041 1599 2071 58

94 2109 166 2132 non
216 2094 330 2132 semel
377 2094 546 2131 novimus
592 2092 810 2142 contigisse.
887 2090 964 2129 Sed
1002 2098 1126 2128 tamen
1171 2091 1239 2128 bac
1280 2088 1326 2126 de
1366 2101 1407 2126 re
1443 2088 1535 2126 nibil

95 2150 249 2187 affirmo.
311 2148 395 2185 Non
436 2150 507 2186 erit
546 2148 732 2192 alienum,
775 2153 953 2198 utputo,
995 2147 1186 2183 ascribere
1220 2145 1288 2181 boe
1320 2145 1399 2181 loco
1432 2143 1536 2180 disti-

94 2206 211 2248 chon,
244 2217 314 2255 quo
346 2203 582 2249 Simonides,
615 2204 675 2253 qui
706 2204 807 2248 eius,
849 2202 894 2239 de
925 2215 994 2252 qua
1026 2202 1137 2238 locuti
1169 2213 1320 2244 suanus,
1352 2199 1442 2236 artis
1472 2211 1539 2249 pam

93 2268 152 2298 ter
180 2261 295 2297 fuisse
327 2259 507 2304 traditur,
539 2260 610 2296 iam
641 2258 904 2309 octogenarius
932 2258 1112 2308 gloriatus
1142 2263 1217 2302 est,
1249 2256 1434 2293 neminem
1466 2254 1537 2292 sihi

96 2316 274 2353 memoria
306 2328 431 2365 parem
464 2313 664 2366 esse-1⁰1⁴).

351 2413 468 2423 ——ae

172 2477 215 2510 *ἦ
242 2478 392 2505 Remini.
421 2475 549 2510 opinor,
581 2474 727 2502 scribitur
756 2474 994 2506 deversabatur,
1023 2477 1080 2499 nec
1106 2471 1310 2498 diversorizmz
1340 2469 1540 2498 scribendum

98 2516 167 2547 est,
197 2516 252 2541 sed
279 2515 508 2546 ‹1evm··s·01·inm;
540 2520 640 2546 neque
668 2512 751 2539 idem
779 2515 826 2539 est
852 2512 1011 2538 devertere
1032 2513 1063 2537 et
1083 2510 1256 2544 diret-iere,
1287 2508 1350 2536 vid.
1373 2507 1480 2536 Bremi
1499 2507 1541 2535 ad

98 2554 174 2587 Nep.
196 2553 271 2586 123⁵.
292 2558 359 2586 cap.
380 2553 409 2587 2,
430 2553 460 2579 2.
489 2553 615 2584 Herzog
636 2550 674 2577 ad
696 2552 789 2578 caes.
813 2551 846 2577 Β.
870 2552 904 2577 G.
927 2550 948 2576 l.
971 2548 1021 2575 25.
1060 2547 1183 2574 kumei.

174 2599 240 2631 ÷2÷÷3:)
261 2601 308 2628 De
327 2601 385 2626 hoe
404 2598 478 2626 vide
500 2597 615 2626 Mureti
635 2598 727 2632 epist.
748 2598 789 2626 ad
810 2599 928 2625 Manut.
951 2597 1029 2629 opp.
1050 2595 1138 2622 Toni.
1160 2596 1183 2621 1.
1205 2601 1276 2628 pag.
1298 2593 1369 2622 4¹7.
1409 2595 1523 2622 Fimsl.

176 2648 268 2682 zzz-2:2³3}
290 2649 346 2675 lile
368 2648 448 2675 {tis-t.
476 2650 543 2674 Nat.
576 2647 628 2674 tib.
650 2647 717 2674 Vll.
739 2653 806 2679 cap.
828 2645 876 2673 24.
900 2646 930 2677 ᾗ.
952 2645 1000 2671 55⁵2.
1031 2643 1081 2671 hic
1105 2645 1180 2670 lust.
1204 2643 1254 2671 Or.
1274 2641 1328 2670 111¹).
1350 2643 1402 2670 XI.
1423 2649 1491 2678 cap.
1513 2643 1543 2671 2,

104 2688 136 2722 §⁴
158 2688 209 2714 50.
248 2686 341 2713 Adde
361 2686 469 2714 valer.
491 2687 577 2712 Max.
598 2683 652 2713 liu.
674 2684 757 2712 vffl.
779 2690 847 2717 cast
870 2683 900 2711 7.
922 2684 987 2710 ext.
1010 2682 1059 2710 16.
1098 2682 1211 2708 FAEsr

179 2734 225 2771 ᾧ)
247 2740 314 2767 cap.
334 2735 363 2760 ὃ.
385 2734 415 2766 ἢ.
438 2732 488 2760 4-ῗ.

178 2782 251 2821 5⁰1⁴)
273 2782 343 2811 viil.
365 2782 501 2810 Brunca.
522 2782 617 2809 Anal.
634 2782 722 2808 Tem.
744 2781 766 2808 1.
790 2785 862 2813 pag.
883 2777 954 2805 137.
975 2783 1025 2809 ap.
1044 2775 1164 2803 lacobs.
1185 2775 1315 2805 Anthol.
1337 2777 1390 2804 Gr.
1411 2776 1500 2805 Tom.
1522 2777 1544 2803 Ι.

104 2833 177 2863 pag.
197 2828 248 2856 6³.
312 2826 386 2855 crib.
416 2818 709 2863 62⁷d'wxomaaez·es.
740 2822 907 2852 ‘laevissius
929 2814 1219 2858 ὀγδωκονταέτει.
