1726 3106
540 129 637 168 ΠΒ.
670 130 722 168 Χ.
781 128 900 168 CAP.
934 129 1045 169 XIII.
1430 125 1512 167 229

131 240 294 280 Obsecro
322 245 495 285 ecastor,
527 241 619 290 quid
646 247 687 278 tu
710 252 767 278 me
795 240 1001 277 deridiculi
1019 239 1151 289 gratia

126 298 194 334 Sic
223 298 367 333 salutas
392 301 504 345 alque
532 297 721 345 appellas,
755 295 868 345 quasi
890 295 1027 331 dudum
1057 307 1131 331 non
1161 291 1326 331 videris!

129 352 314 402 Quasique
339 362 439 387 nunc
462 351 625 399 primum
651 351 813 400 recipias
842 355 878 386 te
904 350 1048 386 domum
1076 351 1149 386 huc
1174 361 1224 385 ex
1252 345 1449 385 hostibus?

122 408 252 455 Atque
277 417 333 442 me
359 417 459 442 nunc
484 406 648 455 proinde
676 405 865 455 appellas,
895 406 1008 453 quasi
1032 405 1145 441 multo
1167 409 1257 454 post
1283 400 1448 440 videris?

68 494 225 527 moneo,
269 481 398 518 horum
430 489 587 532 quatuor
623 494 794 520 versuum
824 481 1054 531 posteriores
1090 479 1161 518 duo
1192 492 1311 529 neque
1346 479 1382 515 in
1416 489 1499 515 meo

67 537 131 573 itto
171 543 316 574 vetusto
353 536 449 573 libro
488 537 586 587 legi,
637 543 676 575 et
709 536 816 588 plane
855 535 997 574 otiosos
1032 534 1166 575 videri.
1226 532 1277 572 Et
1312 534 1499 585 aliquanto

68 591 226 629 inferius
241 589 314 641 ³⁹⁵),
358 591 421 629 ubi
455 593 582 643 vulgo,

173 670 221 707 Si
249 669 476 719 obsequare,
509 681 584 708 una
614 669 781 707 resolvas
804 669 948 720 plaga:

66 745 199 784 melius
229 746 267 783 in
299 745 377 792 ino,

172 824 224 862 Si
246 823 472 874 obsequam,
501 835 579 861 una
608 829 645 861 te
673 822 846 861 absolvas
867 823 1004 873 plaga.

64 899 196 939 Multis
225 907 349 938 autem
380 899 553 939 versibus
585 900 793 938 interiectis
810 897 909 953 *²²32

175 980 255 1017 Iam
282 977 378 1015 illud
400 990 472 1015 non
497 978 626 1027 placet
643 978 874 1029 principiam
904 976 952 1015 de
976 977 1117 1014 osculo,

227 1034 350 1082 Perge
380 1033 546 1082 exsequi.

65 1109 151 1147 Non
176 1115 216 1146 ut
244 1109 282 1146 in
304 1108 476 1157 vulgatis,
503 1121 664 1159 pergam
693 1110 871 1159 eoesequz':
902 1115 961 1147 est
983 1115 1106 1146 autem
1130 1107 1299 1157 eaesequi,
1328 1117 1498 1152 narrare,

65 1166 294 1217 διηγεῖσθαι.
350 1162 484 1212 Neque
514 1163 702 1214 indignum
732 1171 834 1215 puto,
867 1163 962 1214 quod
990 1171 1155 1208 notetur,
1185 1161 1337 1199 verbum
1366 1174 1501 1211 capere

64 1219 214 1257 Graeco
245 1230 347 1255 more
377 1219 535 1268 positum
568 1231 652 1256 esse
684 1231 750 1269 pro
779 1231 846 1265 eo,
887 1217 983 1269 quod
1012 1225 1071 1256 est
1102 1228 1310 1267 coarguere
1340 1228 1384 1253 ac
1413 1229 1501 1253 con-

63 1275 238 1320 vincere,
274 1274 310 1310 in
340 1272 403 1310 illo
433 1285 547 1311 versu
563 1270 690 1324 ***):

178 1352 232 1389 Tu
259 1351 297 1388 si
320 1363 376 1387 me
403 1351 656 1400 impudicitiae
685 1355 841 1401 captas,
870 1362 944 1388 non
968 1355 1078 1400 potes
1104 1361 1254 1400 capere.

63 1427 121 1466 Ita
148 1427 243 1465 enim
272 1426 325 1463 illi
355 1422 524 1466 ἇλίσκειν
537 1425 613 1479 †).·
654 1424 720 1463 sed
749 1439 831 1464 cum
861 1439 993 1464 versus
1029 1439 1074 1464 eo
1105 1424 1213 1464 modo
1251 1439 1323 1464 non
1355 1432 1502 1464 constet

63 1489 265 1532 curtusque
292 1494 336 1520 ac
366 1483 514 1520 mutilus
544 1483 615 1528 sit,
653 1481 765 1520 facile
795 1481 967 1533 equidem
994 1480 1184 1529 adducor,
1223 1488 1262 1519 ut
1291 1483 1342 1520 ita
1373 1481 1500 1533 legen·

63 1536 148 1575 dum
175 1544 316 1588 putem,

180 1616 234 1653 Tu
261 1615 299 1652 si
324 1627 380 1652 me
407 1613 660 1664 impudicitiae
687 1619 843 1664 captas,
871 1626 1006 1664 capere
1032 1626 1105 1652 non
1130 1619 1253 1664 potes.

64 1690 202 1742 Neque
239 1691 375 1729 minori
426 1696 490 1728 aut
529 1688 769 1728 commodiori
808 1691 1012 1728 mutatione
1050 1690 1214 1729 arbitror
1254 1703 1338 1729 eum
1379 1688 1502 1742 redigi

64 1760 176 1798 posse
213 1746 259 1784 ad
295 1744 442 1783 modum
471 1757 515 1782 ac
557 1757 766 1782 mensuram
807 1754 1033 1783 ceterorum.
1104 1744 1178 1791 Et,
1223 1745 1368 1798 quando
1406 1747 1500 1784 haec

65 1802 198 1854 pusilla
229 1801 408 1851 colligere
437 1800 562 1850 coepi,
593 1799 724 1838 addam
754 1799 842 1838 illud
875 1813 1036 1851 quoque,
1066 1800 1128 1838 ubi
1159 1802 1210 1839 ita
1239 1800 1498 1855 legitur††):

175 1880 346 1928 Namque
377 1878 423 1915 de
457 1879 522 1915 illo
549 1877 744 1916 subdililio
772 1879 884 1916 Sosia
912 1880 1045 1916 mirum
1071 1879 1182 1916 nimis·
1209 1886 1280 1925 est,

67 1956 151 1993 sine
187 1955 259 1992 ulla
294 1953 523 1992 dubitatione
563 1953 758 2004 legendum
797 1967 884 1992 esse
912 1957 1045 1992 mirum
1084 1962 1141 1993 est
1174 1957 1308 1993 minus.
1366 1954 1502 2005 Neque

66 2011 138 2048 hoc
167 2011 353 2056 omittam,
395 2010 457 2046 ubi
487 2009 702 2047 Mercurius
734 2021 775 2046 se
798 2009 859 2053 >ad
888 2009 1195 2062 Amphitruonem
1232 2009 1502 2050 deturbandum

68 2072 257 2117 comparat
271 2062 412 2117 †††),
443 2064 639 2115 legendum
669 2063 812 2103 videri:

175 2143 242 2182 Ibo
276 2143 398 2188 ιἠίνο,
431 2149 604 2180 ornatum
633 2144 777 2194 capiam
787 2170 800 2189 ,
831 2143 900 2194 qui
911 2143 1014 2193 potis
1041 2142 1162 2188 decet,

68 2232 143 2258 11011
181 2226 221 2257 ut
257 2219 392 2269 vulgo,
431 2220 499 2270 qui
527 2221 654 2270 potius
691 2220 812 2258 decet.
871 2218 977 2257 ldem
1013 2220 1114 2258 enim
1150 2218 1362 2270 significat,
1406 2216 1504 2270 quod

67 2274 177 2326 paulo
204 2281 291 2312 ante
323 2273 469 2312 dixerat
481 2271 553 2326 ἢκ

182 2353 338 2403 Capiam
367 2363 543 2390 eoronam
565 2353 620 2390 mi
641 2353 679 2391 in
703 2359 840 2404 caput.-
871 2350 1104 2392 adsimulabo
1132 2351 1217 2390 med
1237 2364 1319 2390 csse
1345 2350 1501 2390 ebrium.

146 2490 190 2526 ἑᾷ)
210 2497 242 2519 v.
263 2490 314 2519 73.

145 2537 214 2572 ωλι)
234 2544 267 2566 v.
288 2538 348 2568 169
367 2546 416 2575 sq.

145 2584 240 2620 *it-³⁴³)
260 2592 292 2614 v.
315 2586 384 2617 189.

146 2637 195 2677 ἦ)
216 2630 380 2668 ἆλίσκειν
398 2640 505 2670 active
523 2648 586 2671 non
606 2642 735 2682 dicitur,
763 2643 819 2673 sed
840 2645 961 2676 tantum
981 2636 1205 2675 ἁλίσκεσθαι.
1246 2643 1308 2676 Sed
1330 2636 1447 2683 αἱρεῖν
1475 2643 1510 2672 ⁶⁴³

77 2678 277 2724 λαμβάνειν
298 2685 409 2713 eodem
427 2685 518 2715 modo
538 2690 742 2723 usurpantur.
779 2690 892 2720 FAzsn

152 2732 227 2772 ††]
247 2740 280 2762 v.
302 2733 374 2762 198.

152 2780 255 2820 †††)
274 2782 328 2810 111.
349 2780 385 2818 4,
406 2779 459 2811 24.

155 2828 200 2865 *J
221 2836 252 2859 v.
276 2828 315 2858 16
334 2835 381 2865 sq.

1526 1113 1589 1144 240
