1726 3106
122 287 165 317 83

193 164 248 209 7⁵3
767 162 895 203 VAR.
928 161 1084 202 LECT.

524 270 730 331 Ἁρμονίας
757 272 800 314 δέ
826 270 912 313 ποτ’
945 273 999 322 εἰς
1027 270 1234 325 υμεναίους

604 331 754 369 Ηλθον
781 326 995 383 οὐρανίδαι.

194 404 273 445 Sed
312 412 349 444 et
377 404 598 444 Hellanicus
637 413 673 444 et
704 405 953 457 Apollodorus
971 405 1018 457 ἈΕ)
1048 404 1180 444 Musas
1211 405 1398 444 cecinisse
1435 404 1471 442 in
1503 404 1640 455 nuptiis

195 460 353 509 Cadmi,
400 460 447 498 ad
487 474 625 511 easque
664 463 887 502 convenisse
929 461 1032 500 divos
1079 468 1118 500 et
1154 474 1273 500 novae
1315 469 1450 513 nuptae
1487 472 1641 498 munera

196 517 375 555 obtulisse
401 516 647 569 scripserant.

722 637 1007 676 CAPUT
1061 636 1116 677 V.

240 716 297 754 De
326 715 408 754 loeo
434 716 593 766 quodam
626 717 814 754 Varronis
842 716 1024 753 adversus
1049 715 1162 755 Pctrz'
1188 716 1353 754 Victorii
1375 714 1596 753 senlenlz'am

800 772 1044 822 despzctatzcm.

195 849 341 907 Posm
375 869 448 906 iam
484 867 629 919 pridem
659 883 830 919 magnum
871 870 1030 907 studium
1061 871 1098 907 in
1131 869 1176 906 iis
1206 868 1425 919 fragmentis
1453 865 1512 905 M.
1543 865 1642 903 Var-

196 926 315 971 ronis,
347 937 441 975 quae
473 924 643 974 dispersa
671 926 805 975 passim
840 925 935 975 apud
970 932 1117 963 veteres
1141 925 1426 968 Grammaticos,
1461 935 1504 960 ac
1535 934 1642 973 prae-

195 982 305 1031 cipue
341 978 439 1029 apud
467 978 630 1016 Nonium
670 981 857 1030 leguntur.
917 980 1042 1030 Magis
1073 988 1193 1018 autem
1224 980 1311 1017 mihi
1343 979 1491 1029 plaeere
1521 989 1642 1014 meum

196 1035 286 1074 illud
322 1034 483 1072 studium
516 1036 660 1085 coepit,
702 1043 939 1087 posteaquam
967 1036 1072 1073 Petri
1105 1035 1267 1074 Victorii
1284 1033 1357 1081 Με)
1405 1032 1532 1086 (quem
1571 1045 1642 1082 ego

195 1091 412 1133 hominem,
455 1089 529 1127 etsi
570 1104 682 1141 saepe
722 1091 767 1128 ab
807 1104 852 1128 eo
891 1091 1095 1136 dissentio,
1138 1092 1247 1141 longe
1285 1096 1404 1126 tamen
1438 1088 1535 1125 facio
1563 1088 1643 1138 plu-

195 1147 301 1197 rimi)
327 1145 525 1182 variarum
568 1146 766 1184 lectionum
798 1146 883 1184 libri
914 1147 1098 1198 praeclari
1134 1160 1223 1184 sane
1250 1151 1288 1182 et
1320 1145 1428 1182 utiles
1453 1145 1490 1180 in
1521 1143 1642 1180 lucem

193 1201 428 1254 prodierunt.
488 1199 636 1238 Laudat
659 1203 757 1240 enim
793 1203 854 1240 ille
887 1203 1050 1252 pluribus
1075 1203 1164 1239 locis
1192 1214 1284 1246 eos,
1317 1200 1379 1250 qui
1408 1198 1445 1236 id
1473 1199 1639 1236 faciunt:

195 1257 331 1308 datque
368 1255 543 1307 plurimas
583 1257 788 1295 luculentas
825 1258 1118 1307 significationes
1146 1255 1387 1307 diligentiae,
1428 1267 1534 1305 quam
1562 1254 1643 1303 ipse

196 1313 235 1351 in
261 1310 391 1349 iisdem
417 1311 489 1348 illis
516 1312 736 1362 fragmentis
765 1312 1073 1350 reconcinnandis
1103 1312 1328 1350 adhibuerit.
1376 1309 1453 1347 Sed
1475 1310 1525 1346 ita
1553 1321 1642 1346 con-

196 1369 307 1418 tigit,
345 1373 386 1403 ut
416 1367 549 1404 multos
582 1368 710 1431 locos,
752 1381 843 1419 quos
880 1381 950 1418 ego
989 1369 1203 1406 coniectura
1229 1373 1367 1404 tantum
1398 1377 1486 1402 usus
1514 1377 1641 1401 emen-

197 1422 289 1461 daie
318 1428 473 1460 conatus
500 1435 625 1468 eram,
658 1424 737 1473 ipse
767 1431 899 1474 postea
903 1398 1043 1474 ²”longe
1076 1424 1187 1462 alitei
1210 1436 1229 1460 a
1258 1434 1298 1459 se
1324 1419 1539 1459 emendatos
1564 1418 1642 1456 edi-

197 1479 310 1517 derit.
381 1475 509 1523 Quare
542 1478 613 1515 etsi
647 1491 718 1516 non
755 1491 832 1515 sum
868 1485 939 1515 tam
978 1480 1133 1524 stultus,
1174 1485 1213 1515 ut
1250 1490 1307 1514 me
1347 1477 1506 1526 cogitem
1538 1481 1641 1511 tanto

195 1535 277 1573 vim
307 1529 644 1584 ἄντιπαοαβαλεῖν,
679 1534 866 1584 puofemm
907 1541 1030 1571 tamen
1062 1541 1210 1571 veteres
1241 1531 1414 1583 quasdam
1446 1530 1640 1581 opiniones

196 1602 327 1634 meas,
367 1594 408 1626 ut
444 1586 489 1626 de
530 1589 575 1625 iis
610 1601 691 1626 cum
723 1589 766 1626 ab
796 1589 901 1636 aliis,
946 1597 1019 1626 tuin
1052 1589 1097 1626 ab
1129 1590 1209 1639 ipso
1240 1589 1277 1625 in
1309 1587 1438 1638 primis
1468 1586 1642 1624 Victorio

194 1644 394 1682 iudicetur.
457 1643 633 1681 Citantur
675 1644 792 1693 igitur
827 1645 888 1681 illa
927 1656 947 1682 e
981 1643 1157 1682 erone
1187 1642 1420 1693 Margopoli‚
1462 1639 1548 1693 πεοὶ
1577 1637 1642 1690 ἆρ-

195 1696 410 1752 χῆςῆῗὲἔῆῂ
449 1697 527 1738 Οαῑ
545 1700 647 1737 celer
666 1699 726 1737 dee
750 1712 818 1737 nos
841 1700 1033 1738 lemmatos
1053 1701 1110 1750 log
1094 1713 1158 1737 ‘ros
1177 1700 1383 1748 Antipatri
1395 1696 1643 1747 Stozezfffileus

196 1762 307 1794 rutJo
336 1761 451 1805 eaput
478 1755 687 1805 dz'splanat.
757 1754 864 1802 Quae
893 1768 974 1792 cum
1004 1762 1177 1806 corrupta
1216 1766 1301 1792 esse
1331 1759 1534 1804 appareat,
1576 1764 1642 1802 pu-

196 1817 252 1848 tat
277 1810 474 1850 Victorius
491 1809 542 1862 †)
558 1838 569 1855 ,
611 1808 806 1860 legendum
837 1823 923 1848 esse
949 1811 1182 1848 de'lemmacos
1203 1812 1320 1860 leg-os
1382 1807 1458 1846 Sed
1484 1820 1529 1844 ea
1552 1819 1642 1844 eon-

196 1867 343 1904 ieetura
373 1866 462 1902 mihi
492 1864 638 1916 quidem
669 1878 795 1916 parum
825 1865 935 1916 digna
965 1873 1116 1904 auctore
1148 1879 1214 1903 suo
1238 1863 1396 1902 videtur.
1457 1862 1640 1908 Primum,

198 1920 296 1972 quod
335 1921 486 1958 nimium
529 1919 675 1958 recedit
704 1934 725 1958 a
758 1928 888 1959 vetere
922 1922 1122 1973 scriptura.
1182 1919 1331 1958 Deinde
1360 1917 1455 1969 quod
1484 1918 1643 1968 Antipa-

198 1983 257 2014 ter
287 1976 383 2025 logis
415 1976 590 2013 utebatur
621 1989 692 2013 non
733 1976 975 2023 dilemmatis,
1013 1976 1079 2014 sed
1106 1975 1424 2017 monolemmatis,
1465 1980 1503 2010 ut
1528 1980 1642 2010 testa-

200 2039 262 2069 tur
278 2030 499 2068 Alexander
530 2030 585 2068 his
610 2031 732 2068 verbis
749 2031 857 2083 ††)·
891 2029 959 2078 οὓς
983 2028 1054 2098 γὰο
1086 2032 1126 2071 οἵ
1151 2030 1237 2083 περὶ
1258 2027 1509 2096 Ἀντίπατρον
1530 2043 1642 2078 μονο-

197 2083 418 2138 λημμάτους
441 2083 715 2139 συλλογισμους
738 2085 932 2139 λέγουσιν,
968 2084 1040 2126 οὐκ
1067 2086 1139 2127 εἰσὶ
1167 2083 1429 2138 συλλογισμοὶ,
1466 2080 1549 2123 ἀλλ’
1583 2083 1642 2122 ἐν-

200 2143 297 2189 δεῶς
327 2140 548 2194 ἐοωτῶνται.
607 2141 713 2188 Quae
745 2142 858 2180 1611111
887 2143 948 2180 ille
980 2156 1061 2180 cum
1093 2142 1138 2180 ad
1166 2140 1420 2179 stabiliendam
1452 2140 1641 2177 coniectu-

200 2211 279 2236 ram
309 2210 410 2234 suam
439 2197 576 2242 attulit,
606 2196 754 2234 videtur
774 2210 841 2234 suo
865 2210 905 2235 se
931 2197 1070 2248 gladio,
1110 2197 1206 2248 quod
1232 2198 1334 2233 aiunt
1348 2194 1481 2247 †††).
1539 2193 1640 2231 Nam

200 2252 402 2291 dilemmati
437 2251 584 2303 quidem
615 2252 823 2303 syllogismi
852 2260 936 2290 sunt
965 2266 1011 2291 ex
1039 2253 1256 2290 Aristotelis
1284 2251 1483 2289 sententia.
1545 2249 1641 2297 Quis

200 2315 260 2348 est
287 2308 384 2347 enim
412 2308 464 2345 ita
498 2307 634 2359 hospes
657 2308 695 2345 in
723 2308 943 2360 analyticis,
978 2315 1016 2346 ut
1039 2309 1199 2356 nesciat,
1231 2307 1302 2345 duo
1332 2306 1505 2344 lemmata
1532 2317 1643 2356 prae-

276 2454 319 2490 -:::-)
346 2456 470 2484 Hellan.
498 2454 529 2483 in
558 2455 676 2483 Scholl.
705 2454 778 2484 min.
807 2455 847 2483 ad
876 2454 965 2483 Iliad.
994 2455 1030 2484 B.
1059 2462 1091 2483 v.
1119 2454 1190 2483 494.
1242 2453 1314 2483 vid.
1344 2451 1486 2481 eiusdem
1513 2453 1639 2483 Fragm.

200 2501 273 2530 pag.
293 2494 335 2523 69
360 2501 407 2528 sq.
434 2493 482 2521 ed.
513 2495 616 2522 Sturz.
646 2494 700 2521 alt.
729 2494 916 2527 Apollodor.
946 2493 1026 2522 Bibl.
1056 2494 1109 2521 lib.
1138 2494 1192 2521 111.
1221 2499 1289 2527 cap.
1309 2491 1339 2520 4.
1364 2498 1391 2520 s.
1411 2492 1440 2520 2.
1489 2490 1641 2520 Ceterum

199 2533 300 2561 verba
320 2533 383 2560 Sed
402 2532 431 2559 el
450 2531 631 2559 Hellanicus
651 2545 688 2551 —
708 2533 900 2566 scripserant
919 2532 959 2561 ab
980 2531 1053 2560 edit.
1073 2538 1120 2567 pr.
1143 2531 1268 2559 absunt.

275 2579 345 2614 *xz-J
367 2578 413 2608 Cf.
434 2586 519 2613 supr.
540 2579 593 2608 lib.
614 2581 668 2608 111.
689 2586 758 2615 cap.
778 2580 808 2610 6.

275 2627 368 2662 eretz-³³)
388 2628 467 2656 Non.
488 2628 511 2655 Ι.
531 2628 582 2657 66.

276 2674 323 2714 ἡ)
344 2676 538 2705 Var.Leett.
559 2674 720 2703 XX111.5.

276 2723 350 2762 7-2)
378 2722 424 2752 cf
446 2722 515 2752 infr.
544 2722 597 2751 lib.
618 2723 670 2751 VI.
700 2729 768 2756 can.
789 2723 818 2751 8.
865 2723 1063 2756 Alexander
1092 2723 1146 2752 aut
1172 2722 1308 2758 quisquis
1333 2723 1380 2750 esc
1407 2721 1548 2749 Graecus
1573 2720 1637 2754 ille,

201 2763 253 2798 qui
273 2762 507 2790 commentarios
525 2761 659 2794 scripsit.
698 2761 979 2791 V11.10.X1.16.
1018 2762 1099 2790 tide
1120 2762 1159 2789 de
1179 2768 1216 2789 eo
1237 2759 1384 2789 Buhlium
1410 2759 1442 2787 in
1463 2759 1538 2788 edit.
1559 2759 1639 2787 Ari-

202 2803 278 2829 stot.
299 2800 387 2827 ’1011·1.
407 2801 430 2827 1.
451 2806 522 2834 pag.
543 2800 604 2827 287
625 2806 672 2833 sq.
712 2800 823 2826 FAESL

306 2845 379 2886 ττ)
401 2846 473 2875 scii.
490 2846 647 2881 iugulare,
669 2846 868 2881 proverbium
885 2846 1093 2876 notissimum.
1116 2847 1180 2874 xid.
1197 2845 1261 2875 Cic.
1280 2852 1336 2879 pro
1355 2844 1481 2874 Caecin.
1499 2850 1567 2880 cap.
1586 2841 1636 2872 29.

202 2885 234 2920 3
255 2858 664 2914 82.Τ111111111(.311’.1“01·9111
683 2885 821 2921 Adelph.
842 2885 879 2914 V.
900 2886 937 2923 8,
959 2886 1009 2914 35.
1031 2892 1102 2920 pag.
1124 2885 1194 2914 209.
1215 2885 1264 2913 ed.
1285 2884 1400 2918 Schop.
