1778 3096
148 1587 212 1618 498

219 137 302 182 472
784 135 914 177 VAR.
945 133 1103 176 LECT.

224 256 378 302 praeter
415 255 546 287 cetera
582 247 653 285 hoc
691 247 832 294 miror,
883 245 979 298 quod
1017 246 1116 284 illam
1156 246 1523 298 interpretationem,
1563 260 1671 299 quam

227 304 392 343 secundo
420 305 502 342 loco
534 305 659 354 ponit,
703 302 803 340 dieat
832 315 905 340 non
935 303 1031 340 bene
1061 301 1267 353 procedere
1297 303 1332 340 in
1363 303 1533 340 omnibus
1562 303 1670 343 locis.

227 360 394 399 Videtur
430 360 528 396 enim
569 358 804 408 significare,
847 370 929 395 eam
960 358 1096 395 alicubi
1129 358 1257 394 saltem
1299 358 1389 396 serri
1425 371 1560 409 posse,
1606 357 1674 397 sed

229 430 304 455 non
336 426 499 464 semper.
559 412 644 464 Ego
672 421 793 451 antem
824 412 932 458 dico,
973 425 1189 463 quocunque
1219 425 1298 450 eam
1329 413 1410 451 loeo
1441 413 1672 460 adhibueris,

231 483 384 521 semper
412 469 589 506 insulsam
621 476 659 506 et
689 469 848 520 ineptam
880 469 976 505 fore.
1037 467 1114 505 Sed
1147 481 1266 517 neque
1298 468 1491 520 quidquam
1523 470 1676 520 excogi-

230 527 303 564 tari
334 532 479 576 potest,
525 537 592 561 cur
622 525 730 561 adire
760 537 907 562 umnam
937 525 1058 561 alicae·
1084 524 1131 560 sit
1157 523 1326 574 χρῆσθαί
1352 539 1426 562 τινι
1455 531 1517 562 aut
1546 521 1678 576 ὁμιλῆ-

232 580 297 622 σαί
323 595 407 619 τινι.
463 578 728 626 Quaerendum
771 581 885 629 igitur
921 577 1059 628 aliquid
1099 579 1246 615 melius.
1315 577 1366 615 Et
1402 580 1489 616 mihi
1528 579 1677 631 quidem

232 637 287 674 ita
313 635 480 673 videtur:
514 636 621 672 adire
651 648 798 672 manum
828 635 948 672 (ιίίειιί
974 633 1048 671 dici
1080 647 1188 680 eum,
1227 634 1286 685 qui
1318 633 1414 685 quod
1445 635 1497 672 illi
1514 635 1563 688 ἦ)
1596 643 1678 674 tan-

233 705 340 743 quam
377 692 413 728 in
446 703 589 727 manum
630 690 831 727 traditurus
862 696 1048 735 ostentet,
1094 702 1248 739 cumque
1286 689 1348 727 ille
1386 702 1529 728 manum
1563 689 1609 728 ad
1640 689 1678 728 id

233 745 453 797 capiendum
485 746 721 797 porrexerit,
763 758 865 782 suam
893 745 975 795 ipse
1014 757 1157 781 manum
1200 751 1301 782 retro
1338 745 1482 793 trahat,
1521 758 1678 796 eumque

233 803 383 840 inanem
425 808 534 851 atque
574 801 735 838 hiantem
776 799 968 837 destituat.
1035 799 1144 837 Nunc
1186 799 1404 846 videamus,
1447 800 1580 852 ecquid
1618 801 1680 839 illa

233 857 495 908 interpretatio
526 857 563 892 in
593 869 723 893 omnes
752 855 875 893 Plauti
911 855 1257 893 locosconveniat.
1318 855 1359 892 In
1386 855 1580 894 Aulularia
1609 856 1681 895 hoe

235 912 328 950 dicit
356 912 517 950 Euclio:
551 910 745 950 Veneram
776 912 813 948 in
839 911 1032 948 macellum
1064 918 1102 948 et
1131 911 1242 948 multa
1273 910 1435 949 licitatus
1467 924 1595 958 eram,
1629 913 1681 950 ita

234 975 276 1006 ut
310 968 520 1019 piscatores
563 974 602 1005 et
640 967 727 1004 lanii
769 967 862 1004 lucri
904 979 943 1004 se
980 965 1118 1017 aliquid
1158 979 1205 1004 ex
1246 979 1304 1003 me
1343 979 1563 1005 corrasuros
1594 979 1682 1006 esse

235 1030 447 1074 sperarent.
508 1022 561 1061 At
595 1035 666 1073 ego
698 1022 788 1059 nihil
818 1022 914 1059 emi:
960 1029 997 1059 et
1027 1023 1082 1059 sic
1122 1022 1177 1059 eis
1207 1021 1281 1059 adii
1314 1035 1474 1059 manum.
1534 1023 1577 1060 In
1607 1021 1684 1060 Ca-

235 1080 318 1116 sina
339 1078 551 1117 Cleostrata
580 1080 631 1116 ita
660 1078 811 1116 insultat
842 1085 879 1115 et
900 1077 1023 1114 villico
1051 1084 1087 1115 et
1116 1078 1221 1114 seni:
1256 1077 1355 1124 Quid
1379 1077 1507 1116 nunc?
1534 1091 1579 1116 an
1609 1091 1684 1117 non

235 1133 357 1185 lepide
388 1133 546 1172 ludibrio
576 1134 691 1171 habiti
722 1134 833 1178 estis,
877 1131 987 1183 idque
1020 1134 1152 1170 merito
1181 1140 1334 1178 vestro,
1375 1146 1457 1171 cum
1487 1133 1684 1172 inliiaretis

236 1189 438 1236 Casinam,
477 1203 633 1240 eamque
663 1190 733 1227 iam
767 1202 788 1225 a
816 1188 924 1226 vobis
961 1189 1081 1226 teneri
1113 1188 1324 1238 putaretis?
1379 1187 1433 1226 At
1463 1189 1525 1227 ille
1556 1197 1686 1228 noster

237 1257 284 1282 eo
313 1259 456 1296 quoque
491 1246 527 1282 in
557 1246 663 1290 loco,
700 1245 846 1289 Adire,
887 1244 1032 1294 inquit,
1073 1257 1219 1281 manum
1250 1245 1390 1290 alicui,
1423 1246 1580 1295 proprie
1611 1251 1683 1291 est,

237 1302 290 1338 acl
319 1315 398 1338 eum
430 1302 631 1345 accedere,
674 1313 754 1337 eum
784 1312 827 1335 eo
857 1299 1045 1349 congredi
1072 1306 1108 1336 et
1141 1300 1327 1349 colloqui,
1369 1313 1450 1337 cum
1481 1313 1523 1337 eo
1552 1313 1683 1350 agere.

236 1355 384 1394 Tacere
418 1356 653 1406 praestabat,
697 1367 801 1404 quam
841 1353 933 1391 haec
972 1360 1043 1390 tam
1081 1354 1203 1391 aliena
1239 1354 1383 1393 dicere,
1444 1354 1484 1392 In
1515 1354 1685 1393 Poenulo

238 1418 362 1448 autem
394 1411 503 1457 leno,
535 1410 695 1456 Venus,
736 1410 877 1459 inquit,
918 1416 958 1445 ut
987 1422 1099 1446 avara
1126 1417 1208 1454 est,
1240 1409 1364 1459 plures
1395 1409 1545 1447 assidue
1576 1423 1597 1448 a
1627 1423 1686 1448 me

237 1466 380 1503 hostias
410 1465 678 1516 exspectabat,
717 1463 874 1514 ideoque
905 1464 1015 1501 litare
1046 1476 1104 1501 me
1135 1464 1309 1501 nolebat:
1352 1471 1390 1501 at
1419 1477 1490 1515 ego
1525 1478 1571 1502 ne
1602 1479 1689 1516 pro-

239 1522 362 1559 secari
391 1520 539 1572 quidcm
571 1527 655 1557 exta
683 1519 803 1564 volui,
836 1531 991 1569 eamque
1020 1518 1182 1556 hiantem
1210 1519 1368 1570 reliqui:
1400 1527 1436 1557 et
1466 1521 1519 1557 sic
1549 1521 1584 1558 ei
1613 1519 1689 1559 adii

239 1590 402 1614 manum.
463 1577 505 1613 In
532 1575 654 1613 Persa
686 1573 812 1611 itidem
844 1574 952 1611 leno:
993 1572 1214 1620 Quomodo,
1247 1588 1328 1612 cum
1360 1587 1407 1612 ex
1437 1575 1500 1612 illo
1531 1577 1690 1613 assimu-

239 1633 314 1670 lato
340 1631 460 1669 Persa
490 1644 660 1682 magnum
692 1630 835 1667 lucrum
861 1642 1068 1680 sperarem,
1090 1636 1127 1666 tu
1157 1629 1251 1667 dolis
1280 1631 1352 1667 tuis
1377 1643 1433 1668 me
1456 1631 1493 1668 in
1517 1645 1689 1682 magnum

240 1688 479 1726 infortunium
518 1685 747 1724 coniecisti?
803 1685 933 1730 Haec,
976 1685 1048 1722 nisi
1086 1684 1191 1723 valde
1223 1686 1355 1732 fallor,
1398 1686 1509 1724 multo
1541 1700 1690 1725 accom-

240 1742 449 1781 modatiora
480 1749 567 1779 sunt
601 1741 647 1779 ad
676 1741 800 1778 Plauti
831 1741 959 1788 locos,
1003 1754 1112 1794 quam
1149 1754 1243 1793 quae
1274 1741 1327 1779 illi
1359 1742 1557 1780 commenti
1587 1749 1686 1782 sunt.

242 1797 322 1838 Sed
349 1797 395 1837 de
425 1798 495 1837 hoc
525 1798 589 1837 alii
615 1795 846 1836 iudicabunt.

742 1929 1034 1969 CAPUT
1088 1929 1190 1970 XX.

459 2011 593 2049 Cicero
624 2010 664 2048 in
691 2009 906 2048 Maniliana
937 2010 1155 2048 emendatus
1184 2015 1221 2047 et
1245 2009 1474 2048 illustratus.

242 2088 472 2153 Vrnosus,
502 2116 542 2146 ut
571 2122 653 2147 mea
678 2110 753 2147 fert
779 2109 921 2159 opinio,
948 2109 1051 2147 locus
1077 2109 1138 2146 hic
1167 2115 1225 2146 est
1253 2120 1273 2146 e
1297 2108 1482 2160 principio
1511 2108 1690 2147 orationis

242 2177 311 2217 pro
341 2166 425 2214 lege
454 2163 614 2202 Manilia
629 2164 734 2214 **):
777 2167 890 2202 Nune
917 2178 997 2202 cnm
1035 2171 1075 2202 ec
1100 2165 1346 2202 auctoritatis
1381 2165 1418 2201 2'72
1455 2177 1511 2201 me
1545 2171 1690 2202 tuntum

242 2222 313 2265 sil,
357 2227 534 2271 qmmtum
566 2233 630 2258 vos
667 2220 872 2258 honoribus
901 2220 1152 2257 mandandum
1184 2232 1263 2257 esse
1294 2219 1486 2265 volzcz'slz's,
1529 2226 1566 2256 et
1596 2232 1690 2270 quae

243 2283 464 2325 sequuntur.
526 2273 604 2312 Cur
640 2274 827 2320 adducar,
868 2282 907 2312 ut
942 2275 993 2312 ita
1031 2275 1264 2319 existimem,
1307 2273 1400 2312 haec
1443 2287 1577 2312 caussa
1615 2281 1688 2312 est.

241 2332 433 2370 Mandare
463 2331 625 2368 honores
654 2337 758 2368 recte
790 2336 828 2368 et
856 2331 990 2367 usitate
1022 2328 1178 2367 dicitur:
1212 2330 1395 2367 mandare
1425 2332 1692 2368 auctoritatem

243 2387 448 2424 honoribus
484 2398 605 2436 neque
631 2387 819 2436 quisquam
852 2384 968 2430 dixit,
1009 2398 1130 2436 neque
1159 2386 1220 2436 qui
1250 2384 1373 2431 dicat,
1415 2398 1482 2436 pro
1513 2398 1603 2422 sano
1635 2385 1692 2423 lo-

243 2448 391 2493 quatur.
461 2440 513 2478 Et
556 2448 680 2478 tamen
719 2453 878 2479 necesse
916 2447 973 2478 est
1017 2440 1087 2478 hoc
1128 2440 1387 2487 admittamus,
1435 2441 1468 2477 si
1503 2440 1692 2491 vulgatam

241 2497 465 2547 scripturam
506 2497 748 2534 retineamus.
809 2496 898 2535 Non
931 2495 1056 2533 dubito
1089 2497 1226 2547 igitur,
1268 2496 1357 2547 quin
1387 2494 1583 2546 legendum
1617 2497 1689 2535 sit:

246 2554 432 2602 Quantum
470 2565 534 2589 vos
575 2553 780 2590 honoribus
821 2553 1045 2590 mandandis
1081 2565 1161 2590 esse
1196 2553 1382 2591 volutatis.
1439 2551 1691 2589 Auctoritatis

243 2609 342 2644 enim
373 2614 510 2645 tantum
540 2607 578 2644 in
610 2620 650 2645 se
681 2620 764 2644 csse
796 2606 907 2652 dicit,
940 2614 1112 2657 quantum
1148 2607 1302 2658 populus
1333 2620 1418 2645 esse
1448 2607 1577 2653 voluit,
1609 2620 1692 2645 cum

242 2663 280 2700 ei
310 2662 473 2700 honores
501 2661 586 2699 illos
612 2661 812 2709 mandavit,
847 2662 978 2714 quibus
1008 2663 1212 2700 auctoritas
1242 2662 1306 2700 illa
1335 2669 1441 2714 parta
1469 2675 1513 2700 ac
1543 2675 1693 2714 compa-

260 2822 279 2845 a
317 2778 360 2843 εῐὲ)
382 2777 590 2844 Slqrtbendum
609 2776 738 2807 videtur
758 2775 810 2812 qui
830 2776 920 2812 quid
938 2776 985 2806 illz‘
1004 2775 1025 2806 i.
1047 2783 1075 2806 e.
1094 2777 1220 2812 aliquid.
1259 2775 1308 2807 ef.
1328 2783 1427 2813 supra
1445 2775 1486 2806 ad
1505 2775 1561 2806 lib.
1580 2776 1692 2806 xvffl.

242 2823 259 2845 c
281 2824 312 2852 p.
355 2838 362 2844 .
429 2823 516 2844 AESI.

315 2863 386 2899 etz-³3)
405 2870 475 2899 cap.
496 2865 525 2894 1·
545 2863 577 2899 §-
597 2863 627 2892 2.
665 2861 836 2893 Ernestius
857 2863 888 2892 et
909 2861 1049 2892 Orellius
1068 2863 1260 2892 mandandis.
