1778 3096
491 125 591 165 LIB.
619 125 730 166 XIII.
791 125 911 167 CAP.
943 125 1054 165 XIII.
1409 126 1490 170 297

50 234 160 284 Una,
191 238 361 290 inquam,
400 236 549 275 Graeca
577 250 651 275 vox
683 236 791 288 paulo
821 237 1072 288 negligentius
1101 248 1304 286 expressa,
1344 235 1489 284 videte,

52 300 225 344 quantum
262 305 430 332 errorem
468 299 507 330 et
543 292 660 330 sodali
702 292 756 329 illi
795 299 948 338 nostro,
987 293 1048 342 qui
1078 291 1187 329 modo
1218 291 1413 338 discessit,
1453 299 1492 331 et

52 348 214 386 fortasse
249 349 360 385 etiam
395 348 476 385 aliis
507 348 704 386 obiecerit.
770 346 905 394 Φοίνιξ
942 347 1039 384 enim
1071 347 1220 385 Graece
1255 347 1375 398 palma
1412 355 1489 394 est,

52 403 158 440 cuius
187 403 332 440 arboris
363 416 434 440 non
467 410 605 440 tantum
634 403 777 440 fructus
811 402 890 439 esui
923 409 1032 448 sunt,
1075 401 1142 440 sed
1172 403 1282 440 etiam
1314 402 1487 449 medulla,

52 470 157 508 quam
189 464 226 494 et
254 458 393 495 Graeci
423 456 652 510 ἐγκέφαλον,
682 465 720 496 et
749 457 875 494 Latini
905 458 1099 494 cerebrum
1129 465 1276 495 vocant.
1337 456 1397 496 De
1426 458 1491 495 illa

51 519 172 550 autem
211 512 372 564 loquitui
399 513 645 558 Plutaichus,
686 526 758 550 non
789 510 834 548 de
870 511 1062 561 phoenicis
1099 513 1380 551 commenticiae
1410 513 1491 552 avis

51 566 224 604 cerebro.
291 567 572 617 Theophrastus
618 568 712 606 libro
747 565 909 604 secundo
948 565 1035 617 περὶ
1073 570 1207 617 φυτῶν
1222 565 1296 620 ᾗ),
1345 568 1406 606 ubi
1445 566 1492 606 de

50 621 252 672 palmarum
291 623 495 673 gene1ibus
531 624 628 674 agit:
675 621 741 661 καὶ
772 618 843 674 γὰρ
877 620 997 673 ἔξαιρε
1002 619 1137 668 θέντος
1172 625 1241 660 τοῦ
1279 619 1492 675 ἐγκεφάλου

50 677 152 725 ζῶσι,
175 677 241 716 καὶ
266 677 422 717 κοπέντε
425 693 443 724 ς
472 675 548 717 ἀπὸ
576 680 652 717 τῶν
679 678 791 730 ῥιζῶν
815 672 1184 729 παραβλαστάνουσι.
1230 676 1375 715 Plinius
1390 676 1490 731 φῆς

51 733 153 770 Sunt
185 739 222 770 et
257 735 422 771 caeduae
452 735 667 784 palmatum
697 746 842 784 quoque
874 734 1013 778 silvae,
1056 733 1318 782 germinantes
1357 747 1493 772 rursus

52 786 100 824 ab
134 788 264 825 radice
296 791 481 827 succisae.
540 790 671 829 Dulcis
705 786 866 826 medulla
895 800 1024 824 earum
1060 789 1097 825 in
1135 789 1352 834 cacumine,
1393 789 1495 839 quod

54 843 250 880 cerebrum
279 845 495 894 appellant:
527 850 793 894 exemptaeque
822 844 970 888 vivunt,
1004 843 1105 892 quod
1130 856 1203 880 non
1233 844 1345 881 aliae.
1406 843 1494 881 Me·-

53 897 159 933 minit
187 905 225 935 et
251 898 415 936 Galenus
454 899 550 936 libro
579 906 708 936 octavo
739 897 784 935 (le
815 897 1050 935 facultatibus
1080 898 1299 948 simplicium
1330 897 1494 936 medica-

54 958 262 990 mentorum
277 952 400 1004 Μαί),
432 961 470 992 et
498 954 576 991 alii.
630 952 741 1001 Quod
771 960 893 990 autem
926 953 987 990 hic
1016 952 1067 989 ait
1096 952 1338 999 Plutarchus,
1368 966 1388 991 e
1413 953 1494 991 Xe-

54 1006 242 1057 nophonte
271 1007 448 1046 videlicet
479 1009 655 1061 sumpsit,
697 1008 793 1061 apud
822 1021 931 1061 quem
961 1006 998 1045 id
1026 1008 1185 1046 relatum
1219 1016 1278 1046 est
1306 1009 1403 1047 llbro
1432 1021 1494 1048 se-

54 1061 175 1100 cundo
200 1062 424 1102 Anahaseos
442 1062 510 1117 Τ.)

539 1194 819 1235 CAPUT
874 1195 1004 1233 XIII.

58 1270 240 1319 Quiddam
269 1270 316 1310 de
349 1284 523 1310 ursorum.
553 1274 664 1323 adipe
701 1274 838 1310 dictum
869 1285 892 1310 a
930 1272 1185 1322 Theophrasto
1221 1284 1294 1310 non
1323 1273 1418 1311 satis
1445 1285 1495 1311 θος

447 1328 535 1380 fide
562 1340 586 1366 a
614 1328 734 1366 Plinio
763 1329 925 1366 relatum
953 1328 1088 1365 videri.

54 1402 265 1463 VIDETUR
292 1425 440 1465 Plinius
479 1441 551 1465 non
579 1439 729 1478 semper
762 1427 972 1478 inspexisse
1006 1433 1174 1465 vcterum
1214 1425 1349 1471 libros,
1394 1439 1493 1490 cuum,

55 1491 149 1529 quae
180 1480 225 1518 ab
266 1483 320 1519 eis
360 1483 498 1534 sciipta
534 1489 663 1529 erant,
706 1483 852 1520 referre
883 1482 1017 1520 vellet:
1066 1480 1132 1519 sed
1164 1479 1347 1518 interdum
1386 1482 1496 1519 nimis

55 1532 174 1571 fidens
222 1537 424 1575 memoriae
465 1550 553 1575 suae
603 1537 808 1587 quaedam
822 1551 894 1575 non
944 1537 1033 1574 satis
1073 1535 1234 1575 fideliter
1275 1535 1493 1575 tradidisse.

57 1587 178 1635 Quale
208 1598 281 1637 est,
306 1591 403 1643 quod
433 1592 565 1630 scribit
593 1592 688 1629 libro
709 1600 839 1629 octavo
855 1590 962 1644 ††),
993 1592 1294 1642 Theophrastum
1319 1590 1495 1638 credere,

57 1651 163 1681 certo
202 1646 357 1696 quodam
397 1655 565 1698 tempore
603 1648 715 1693 anni,
759 1660 830 1698 quo
869 1647 986 1684 latere
1024 1647 1101 1684 ursi
1140 1654 1179 1684 et
1210 1659 1320 1697 supra
1351 1646 1498 1685 modum

56 1699 306 1749 pinguescere
330 1703 509 1740 altissimo
532 1715 660 1740 somno
682 1703 852 1754 oppressi
880 1702 1017 1748 solent,
1042 1708 1166 1740 coctas
1196 1714 1340 1752 quoque
1369 1715 1498 1740 eorum

57 1767 205 1802 carnes,
238 1757 269 1794 si
299 1764 553 1803 asserventur,
585 1758 815 1797 increscere.
864 1757 998 1808 Neque
1023 1758 1121 1794 enim
1152 1756 1188 1794 id
1216 1757 1499 1808 Theophrastus

57 1808 104 1847 de
132 1811 250 1848 coctis
278 1813 472 1860 carnibus,
514 1812 611 1863 quod
639 1826 792 1863 prorsus
822 1812 1043 1850 incredibile
1073 1820 1152 1860 est,
1187 1811 1254 1850 sed
1281 1811 1367 1864 περὶ
1396 1812 1500 1852 στέα-

57 1878 142 1913 τος,
185 1866 220 1904 id
263 1875 341 1914 est,
398 1868 444 1906 de
483 1867 591 1918 adipe
632 1867 790 1906 dixerat.
858 1867 1080 1905 Adscribam
1128 1868 1240 1906 verba
1278 1868 1500 1906 nobilissimi

56 1919 267 1972 philosophi
295 1936 342 1961 ex
370 1923 465 1961 libro
496 1922 541 1961 de
572 1922 769 1968 odoribus,
804 1930 843 1961 ut
873 1936 919 1961 ea
952 1923 1196 1974 politissimus
1226 1930 1263 1960 et
1294 1925 1500 1962 accuratis-

59 1975 172 2014 simus
201 1977 403 2029 interpres,
429 1978 642 2025 Turnebus,
668 1977 851 2017 reddidit:
884 1979 934 2016 ita
956 1978 1054 2016 enim
1084 1991 1181 2016 nunc
1207 1977 1354 2029 quidem
1385 1979 1497 2026 malo,

60 2043 167 2081 quam
207 2033 375 2072 Graece:
418 2036 644 2073 Huiusmodi
675 2041 798 2072 autem
827 2041 991 2073 naturae
1030 2035 1225 2072 consensio
1261 2041 1376 2085 atque
1411 2048 1500 2073 con-

60 2088 167 2136 tagio
195 2089 233 2126 in
264 2091 350 2127 aliis
379 2092 490 2128 etiam
525 2091 794 2139 quodammodo
822 2091 954 2128 evenit.
1018 2091 1151 2127 Ve'num
1188 2091 1286 2127 enim
1317 2103 1397 2127 cum
1428 2103 1500 2128 uva

59 2140 297 2191 efflorescens
326 2147 472 2185 tentari
497 2146 671 2183 videtur.-
705 2152 743 2182 et
769 2146 862 2184 allia
890 2158 1074 2196 cepaeque
1099 2153 1177 2182 tum
1207 2146 1390 2182 acerrimi
1414 2152 1502 2184 sunt

61 2197 212 2243 odoris,
257 2213 338 2238 cum
368 2202 405 2239 in
443 2207 547 2238 terra
579 2200 811 2250 germinant.
872 2201 950 2239 Sed
973 2198 1309 2252 praetelea†††)
1343 2202 1499 2246 acci'det,

61 2258 105 2288 ut
131 2265 206 2290 una
235 2256 345 2297 ,etiam
376 2257 456 2306 ipsa
483 2257 723 2305 germinent.-
766 2263 878 2306 atque
913 2257 1060 2293 omnino
1090 2257 1235 2301 omnia,
1276 2269 1373 2305 quae
1404 2258 1503 2295 tuni-

61 2312 149 2344 cata
178 2317 354 2348 constant
378 2313 537 2357 radice,
568 2312 676 2348 modo
702 2324 778 2349 non
809 2313 1055 2355 exaruerint,
1095 2312 1382 2360 germinationes
1412 2318 1502 2349 tcm-

54 2373 154 2411 pore
182 2361 398 2403 moventur.-
440 2379 521 2404 curn
556 2367 669 2404 insita
707 2367 840 2418 cuique
869 2367 924 2404 vis
960 2367 1189 2404 sollicitetur
1221 2372 1261 2404 et
1295 2368 1499 2405 excitetur.

134 2471 270 2533 φωρ.
289 2475 318 2503 8.

153 2520 279 2554 r·2'-<·]lib.
299 2524 378 2551 Xlll.
400 2530 468 2557 cap.
489 2523 519 2552 4.
540 2524 616 2552 sect.
635 2523 664 2552 9.
686 2523 717 2558 S.
737 2522 788 2551 39.
818 2522 870 2552 ubi
892 2522 1008 2557 legitur
1035 2523 1232 2561 mendaque,
1261 2523 1330 2552 scil.
1351 2524 1504 2559 medulla,

63 2531 172 2630 quodssstt
167 2565 255 2587 recte
275 2561 414 2590 restituit
435 2564 587 2591 Gruterus
607 2560 640 2589 in
660 2562 707 2589 ed.
728 2561 804 2590 Var.
826 2562 850 2589 1
854 2564 914 2589 ect.

62 2648 87 2677 F
140 2653 144 2654 ⁷
173 2606 231 2642 ,ὲ-ῑὲ)
253 2608 396 2638 Tom.11.
417 2616 488 2644 pag.
508 2609 578 2639 114.
595 2609 643 2638 ed
661 2609 871 2638 Basil.1538.
907 2607 1064 2639 (menam
1081 2608 1215 2644 Rhodig.
1233 2609 1320 2639 Lect.
1339 2611 1405 2640 ant.
1421 2610 1459 2640 V.
1475 2610 1506 2640 6.

90 2654 174 2675 AESI.

139 2693 184 2749 Τ)
205 2699 272 2728 cap.
292 2694 321 2722 3.
345 2693 377 2728 S.
399 2694 448 2724 16.

139 2739 213 2779 ἕ-Τ)
234 2748 303 2775 cap.
323 2742 374 2770 36.
395 2744 471 2771 sect
494 2742 544 2771 54.
566 2743 597 2778 S.
619 2743 690 2772 128.

139 2787 241 2827 {nl-T)
270 2789 365 2823 Apud
394 2792 529 2821 turneb
559 2792 658 2827 [Opp.
680 2793 768 2821 ''.lom
789 2790 1013 2836 11.pag.17.)
1040 2789 1193 2824 scriptum
1224 2792 1289 2818 est.
1321 2791 1385 2819 Sed
1411 2791 1508 2821 istis

68 2833 244 2869 praeterea,
265 2833 528 2868 quemadmodum
546 2834 578 2863 iu
596 2835 726 2864 Graecis
747 2828 843 2873 πλὴν
865 2825 1051 2866 τούτοις
1075 2827 1152 2873 ιίμα
1169 2829 1372 2874 συμβαίνει.
1395 2838 1508 2867 Εῃςδι

1517 516 1581 549 310
