1778 3096
197 2076 261 2106 868
286 2083 308 2121 p

285 149 367 191 352
851 148 978 190 VAR.
1008 147 1162 188 LECT.

287 267 374 319 σῖγα
413 266 489 310 πᾶς
524 259 617 301 ἔστω
655 255 747 307 λεώς
760 256 823 313 ⁹⁹²).
887 257 939 296 Et
969 257 1098 297 eadem
1132 257 1178 297 de
1207 271 1340 297 caussa
1382 259 1533 297 clamari
1564 258 1726 305 solitum,

288 323 358 359 hoc
390 333 484 369 age.-
517 325 554 355 ct
586 317 654 354 hoe
684 323 771 366 puto
797 315 924 353 dicere
950 328 1021 352 non
1052 314 1182 351 malum
1212 322 1400 354 auctorem
1421 314 1663 352 Plutarchum
1692 314 1729 352 in

287 376 409 414 Numa
422 371 520 422 *³432
554 365 608 410 ὧν
636 371 739 422 ἰ’χνος
771 370 806 410 τὶ
839 369 944 422 μέχρι
971 373 1045 409 νῦν
1069 367 1332 418 διασώζοντες,
1360 369 1453 412 ὅταν
1480 367 1603 423 ἅρχων
1630 365 1730 421 πρὸς

287 428 433 482 ὄρνισιν
461 425 488 479 ἢ
517 427 677 474 θυσίαις
705 427 892 481 διατρίβῃ,
919 426 1075 477 βοῶσιν,
1105 418 1161 464 cdx
1191 423 1266 478 ἄγε.
1315 426 1397 464 Hoc
1428 427 1540 477 igitur
1567 424 1728 462 tenebo:

287 499 413 525 curam
445 482 595 535 legendi
625 495 695 531 ea,
727 495 822 534 quae
852 495 960 520 erasa
985 489 1093 527 sunt,
1125 482 1461 533 perspicacioribus
1491 480 1686 532 delegabo.

750 581 782 620 C
814 581 1041 620 APUT
1097 580 1272 619 XV111.

290 651 558 703 Confirmatum
601 649 701 701 quod
736 650 781 687 de
810 649 1021 687 Aristotele
1059 654 1097 686 et
1131 647 1362 697 Hippodamo
1398 647 1437 685 in
1473 645 1734 698 superioribus

329 709 511 758 scriptum
542 712 600 743 est
627 706 809 742 adversus
827 703 1021 755 Ι[ι’ίὸνίιὶαηι
1051 702 1303 754 defensionem
1334 703 1435 749 eius,
1469 705 1556 754 qui,
1589 701 1690 753 quod

332 765 486 815 ipsemet
507 761 714 811 ignoravit,
735 760 822 797 allis
838 772 910 809 pro
928 765 1032 797 certo
1053 765 1090 797 et
1109 759 1309 809 explorato
1329 757 1532 796 obtrudere
1553 758 1685 796 votuit.

287 831 703 899 Scmrsnnam***),
737 859 809 884 non
840 846 932 884 satis
961 846 1058 884 bona
1090 845 1162 885 fide
1187 853 1374 884 versatum
1399 844 1645 883 Aristotelem
1677 844 1732 882 vi-

288 907 368 946 deri
398 907 433 943 in
460 901 688 956 Hippodami
716 914 796 953 rep.
830 900 1163 953 reprehendenda:
1197 901 1308 952 idque
1337 901 1515 951 cognosci
1546 912 1656 951 posse
1687 898 1732 938 de

287 960 505 1015 quibusdam
537 959 653 1010 ipsius
674 956 899 1008 Hippodami
931 957 1165 1007 fragmentis,
1198 969 1292 1008 quae
1317 955 1413 1008 apud
1436 955 1637 993 Stobaeum
1667 967 1733 993 ex-

287 1024 425 1056 tarent.
489 1012 713 1066 Extitit†)‚
765 1013 826 1064 qui
867 1011 1048 1051 decennio
1090 1020 1174 1064 post
1210 1012 1430 1050 Aristotelis
1473 1009 1731 1049 defensionem

289 1073 515 1123 susciperet,
548 1082 679 1119 mesf've
705 1069 785 1106 eius
810 1068 865 1106 rei
895 1068 1087 1105 historiam
1115 1069 1310 1118 ignorasse
1341 1066 1506 1104 diceret:
1543 1079 1583 1104 se
1610 1072 1733 1103 autem

286 1129 434 1180 planum
456 1127 656 1170 facturum,
678 1122 1197 1176 fideliter‚11tdocebat††),
1219 1135 1259 1161 se
1280 1135 1459 1160 summum
1477 1121 1732 1173 philosophum

286 1186 324 1222 in
355 1190 433 1221 toto
459 1182 521 1219 illo
544 1180 693 1231 negotio
721 1179 968 1230 praestitisse.
1015 1177 1290 1230 Exspectabam
1315 1179 1443 1229 igitur,
1473 1184 1512 1214 ut
1541 1178 1621 1228 ipse
1645 1190 1734 1228 quo-

287 1252 360 1291 que
398 1251 438 1276 se
472 1238 510 1274 in
550 1242 724 1286 suscepto
756 1235 908 1284 negotio
950 1233 1110 1272 lideliter
1149 1240 1383 1284 praestaret:
1424 1239 1462 1270 et
1499 1231 1645 1284 quando
1677 1244 1734 1269 me

286 1295 388 1332 inani
415 1297 636 1343 argumento
658 1303 762 1327 usum
787 1288 950 1335 dixerat,
983 1288 1111 1326 solidis
1131 1290 1212 1340 ipse
1241 1302 1284 1326 ac
1305 1288 1481 1339 gravibus
1506 1288 1736 1338 argumentis

285 1350 323 1387 iu
355 1361 437 1386 mea
467 1346 643 1398 opinione
679 1343 877 1382 refutanda
912 1351 1093 1381 uteretur.
1153 1344 1323 1394 Reperio
1363 1343 1555 1380 historiam
1587 1341 1735 1393 quidem

285 1405 447 1443 nullam:
479 1407 699 1452 argumenta
719 1407 840 1437 autem
866 1400 916 1437 ita
939 1400 1048 1445 levia,
1070 1406 1109 1436 ut
1134 1411 1179 1437 ea
1210 1399 1295 1436 dum
1321 1399 1468 1443 retello,
1491 1397 1621 1436 videar
1644 1398 1733 1435 mihi

285 1473 368 1498 cum
397 1458 532 1496 Aenea
563 1456 779 1505 Virgiliano
796 1453 912 1506 ’ᾗῇ-ᾖ)
947 1455 1123 1505 persequi
1164 1461 1293 1492 tenues
1321 1455 1401 1491 sine
1429 1467 1589 1504 corpore
1617 1455 1730 1492 vitas.

284 1515 412 1554 Alium
445 1524 530 1551 esse
556 1511 608 1548 ait
639 1508 941 1560 Hippodamum,
973 1509 1077 1545 cuius
1108 1509 1220 1545 multa
1249 1507 1344 1559 apud
1375 1508 1576 1545 stobaeum
1608 1509 1737 1558 legun·

285 1577 363 1615 tur,
385 1569 512 1613 alium,
537 1566 599 1618 qui
626 1565 672 1603 ab
695 1564 903 1602 Aristotele
934 1562 1238 1614 reprehenditur.
1290 1563 1395 1600 Illum
1428 1565 1524 1601 enim
1551 1563 1734 1609 Italicum,

285 1626 385 1664 hunc
414 1623 607 1662 Milesium
650 1620 785 1658 fuisse.
847 1619 995 1658 Vellem
1036 1619 1193 1656 alieuius
1226 1619 1366 1656 veteris
1406 1619 1598 1670 scriptoris
1631 1619 1736 1656 testi-

286 1681 448 1720 monium
480 1677 714 1730 protulisset,
746 1689 768 1713 a
796 1689 867 1726 quo
892 1674 1022 1712 horum
1047 1673 1203 1711 duorum
1227 1672 1562 1724 Hippodamorum,
1594 1673 1736 1712 Milesii

286 1743 327 1775 et
353 1735 489 1780 Italici,
521 1746 676 1784 quorum
707 1738 862 1782 uterque
891 1730 1054 1781 optimae
1084 1729 1314 1780 reipublicae
1344 1730 1507 1779 speciem
1538 1729 1736 1767 informas-

287 1798 369 1838 set,
414 1790 551 1828 mentio
581 1789 705 1826 fieret.
766 1786 996 1837 Quamquam
1032 1786 1131 1823 enim
1160 1785 1353 1836 plurimum
1391 1785 1441 1822 illi
1471 1783 1616 1829 tribuo3
1660 1798 1733 1822 non

285 1854 426 1886 tantum
455 1853 594 1891 tamen,
627 1850 665 1880 ut
691 1843 780 1880 satis
801 1842 864 1888 sit,
892 1837 1009 1888 αὐτὸς
1030 1840 1116 1891 ἔφα.
1165 1840 1272 1878 Haec
1294 1838 1469 1877 videlicet
1494 1839 1556 1877 illa
1578 1839 1736 1878 historia

286 1909 366 1949 est,
398 1902 503 1940 cuius
539 1899 777 1950 ignoratione
808 1898 949 1949 lapsum
978 1909 1064 1934 esse
1092 1908 1151 1934 me
1184 1895 1286 1934 dicit.
1348 1895 1456 1943 Quae
1484 1895 1515 1932 si
1547 1895 1583 1932 in
1617 1895 1733 1946 ipsius

285 1959 440 2008 ingenio
471 1956 696 2002 delituerat,
727 1966 848 2004 neque
877 1966 899 1991 a
929 1965 1109 2003 quoquam
1140 1958 1306 1989 veterum
1337 1949 1483 2002 prodita
1513 1957 1618 1996 erat,
1655 1951 1732 2001 qui,

286 2026 443 2065 quae50,
475 2025 556 2049 eam
587 2024 659 2048 non
690 2010 886 2059 ignorasse
915 2007 1047 2059 potui?
1103 2007 1157 2044 At
1185 2007 1269 2057 quia
1299 2007 1512 2043 testImonia
1544 2019 1616 2043 non
1647 2018 1734 2057 sup-

313 2075 437 2112 etnnt‚
477 2067 522 2104 ab
552 2065 780 2115 argumentis
820 2064 996 2102 auxilium
1028 2069 1228 2101 mutuatur.
1288 2063 1562 2113 Heppodamus,
1597 2061 1730 2111 inquit,

285 2123 508 2164 Aristotelis
543 2122 716 2159 Milesias
743 2118 841 2169 ficit.
902 2119 1056 2156 Fateor.
1118 2118 1277 2156 Stobaee·
1312 2130 1398 2154 vero
1437 2123 1478 2154 ut
1514 2117 1733 2154 eoezlstz'mare

286 2181 389 2226 licet,
420 2179 591 2222 Italicus,
616 2176 716 2226 quod
745 2176 943 2224 disciplina
970 2174 1085 2217 illius,
1119 2179 1158 2210 et
1177 2185 1298 2209 sermo
1323 2173 1435 2209 etiam
1458 2172 1634 2216 Doricus,
1659 2185 1731 2221 quo

286 2238 423 2280 utitur,
454 2234 640 2270 declarat.
688 2231 807 2269 Alter
825 2229 1081 2279 Hippodamus
1102 2229 1228 2265 Iom‘co
1258 2240 1346 2264 usus
1367 2226 1527 2278 finisset.
1577 2227 1732 2264 Miletus

287 2292 383 2328 enim
412 2290 540 2328 Ioniae
572 2288 704 2325 civitas
728 2284 827 2337 suit.
887 2283 998 2333 Nego
1036 2281 1232 2333 quidquam
1267 2281 1335 2319 hac
1367 2282 1510 2319 ratione
1543 2280 1728 2321 concludi.

286 2345 385 2383 Nam
422 2355 542 2394 neque
581 2353 732 2386 omnes,
774 2340 835 2391 qui
865 2338 1029 2376 Italicam
1060 2338 1326 2389 philosophiam
1365 2337 1541 2382 coluere,
1581 2336 1732 2374 fuerunt

287 2412 431 2451 genere
468 2406 578 2449 atque
616 2396 764 2447 origine
795 2395 938 2433 Italici:
977 2406 1057 2432 cum
1088 2393 1348 2445 Pythagoras,
1388 2392 1469 2430 eius
1508 2391 1729 2443 disciplinae

360 2497 404 2533 κε)
429 2499 480 2526 Ex
507 2495 616 2530 Eurip.
643 2494 761 2522 Hecub.
788 2500 820 2522 v.
847 2493 908 2521 532
929 2491 1040 2528 (542).
1081 2492 1184 2520 Etiam
1205 2491 1334 2520 brevius
1364 2489 1451 2531 σῖγα
1471 2486 1543 2525 πᾶς
1565 2490 1727 2525 Aristona.

285 2541 426 2571 Acharn.
447 2545 478 2566 v.
498 2537 571 2565 2³8.
610 2535 672 2563 Sed
694 2532 873 2562 accuratius
894 2533 1026 2566 dixeris,
1048 2532 1163 2560 Latina
1185 2531 1318 2561 formula
1337 2531 1439 2566 favete
1458 2531 1570 2566 linquis
1590 2530 1728 2566 exprim!

287 2587 441 2613 Graecam
461 2573 667 2620 εὐφημεῖτε.
707 2576 760 2605 Sic
779 2576 875 2605 etiam
894 2578 957 2605 IoS.
978 2575 1121 2604 Castalio
1143 2575 1233 2604 obss.
1263 2575 1295 2604 in
1317 2574 1392 2604 crit.
1413 2575 1453 2603 11.
1475 2574 1523 2604 ¹⁰.
1552 2574 1728 2604 existimat.

284 2626 430 2698 ΕΑΕέειεῑε)
450 2669 519 2697 cap.
541 2660 591 2690 14.
613 2658 665 2689 ubi
684 2657 833 2688 scribitur
852 2648 895 2686 ὃκ
918 2649 996 2696 ἄγε.
1036 2657 1106 2687 Vid.
1127 2658 1253 2687 Ruhnk.
1274 2656 1356 2687 Dict.
1382 2656 1415 2686 iu
1435 2657 1560 2688 Terent.
1581 2665 1652 2694 pag.
1676 2657 1726 2688 26.

286 2705 335 2734 ed.
357 2705 511 2736 Schopen.

359 2741 453 2775 zze-2:³³3)
474 2743 579 2773 supra
597 2737 652 2766 lib.
672 2738 695 2765 1.
715 2743 785 2770 cap.
807 2735 856 2764 14.

360 2779 406 2817 †]
428 2780 463 2807 Ρ.
484 2775 644 2806 Victorius
664 2776 738 2803 Var.
760 2775 845 2802 Lect.
865 2772 918 2804 lib.
940 2772 1110 2802 xxxvm.
1131 2778 1199 2809 cap.
1220 2772 1249 2802 2.

360 2819 434 2859 †·l-)
457 2819 612 2847 wolfius:
634 2818 668 2845 nt
685 2817 819 2844 decebat.

359 2863 460 2903 †††)
481 2861 616 2892 Aeneid.
636 2861 688 2889 VI.
710 2859 770 2888 290
791 2866 838 2894 sq.
