1726 3106
577 90 682 129 Lm.
713 90 786 130 111.
847 89 967 130 cAP.
985 60 1071 130 in.
1498 90 1554 134 55

107 200 318 252 Xenophon
357 212 502 252 quoque
529 201 567 237 in
595 201 765 238 convivio
792 197 932 253 rriff’l‘),
975 197 1089 252 φύσει
1111 199 1311 252 βασιλικόν
1334 217 1368 243 τι
1395 199 1438 243 τὸ
1463 199 1551 243 κάλ-

106 261 172 304 λος
208 254 314 296 εἶναι.
372 255 599 293 Aristoteles
641 257 760 306 primo
789 255 975 293 Politicon
992 255 1065 309 *ἢ
1105 257 1287 304 affirmat,
1329 259 1360 296 si
1400 259 1461 308 qui
1487 270 1550 296 re-

104 313 320 364 perirentur
347 323 391 348 ea
420 311 588 361 corporis
615 310 906 359 pulchritudine,
934 325 1039 362 quam
1070 312 1106 349 in
1137 311 1289 350 deorum
1315 314 1444 351 statuis
1464 326 1547 351 eer-

105 369 255 413 nimus,
292 366 478 403 neminem
517 364 791 412 dubitaturum,
831 365 918 416 quin
962 379 1026 404 eos
1056 367 1138 404 aliis
1165 368 1333 406 omnibus
1358 369 1545 419 imperare

105 429 310 473 oporteret.
388 419 564 470 Idemque
610 420 704 457 libro
752 428 881 470 quarto
923 427 961 458 et
1007 422 1102 459 libro
1150 423 1308 473 septimo
1321 420 1419 473 ⁴4³ss&
1473 424 1541 468 ait,

102 477 311 526 Aethiopas
347 483 385 513 et
422 475 538 512 Indos
576 475 611 511 in
650 474 866 512 mandandis
903 476 1071 525 imperiis
1109 479 1346 527 proceritatis
1380 491 1424 516 ae
1463 478 1543 529 pul-

102 531 324 569 chritudinis
362 531 501 568 habere
532 531 728 567 rationem.
790 529 839 567 Et
868 538 993 568 notum
1034 538 1114 578 est,
1153 533 1341 570 multatum
1371 546 1392 571 a
1419 533 1542 571 Lace-

101 585 307 624 daemoniis
338 584 605 623 Archidamum
634 598 787 635 regem,
826 585 922 636 quod
952 586 1130 636 exiguam
1163 586 1331 625 duxisset
1363 601 1536 626 uxorem:

99 641 353 692 querebantur
389 641 511 686 enim,
554 654 623 676 non
655 653 793 690 reges,
834 639 899 678 sed
926 642 1077 691 regulos
1110 642 1179 678 sibi
1210 651 1445 692 procreatum
1472 643 1534 681 iri.

98 697 157 734 Ita
195 697 292 733 enim
325 696 395 733 hoe
427 694 562 732 dictum
593 703 859 733 commemorat
887 695 1106 734 Athenaeus
1137 697 1231 734 libro
1262 697 1438 750 Xiil.†)
1468 698 1537 748 βα-

99 751 292 798 σιλίσκους
318 748 402 790 ἀντὶ
429 749 625 802 βασιλέων.
682 750 734 787 At
752 750 973 789 Plutarchus
1003 751 1043 790 ἕν
1069 754 1121 806 τῷ
1149 750 1236 804 περὶ
1261 752 1412 793 παίδων
1439 749 1536 806 ἄγω-

97 809 169 860 γῆς
185 805 267 860 ††)
304 806 411 858 paulo
445 806 581 844 aliter:
614 802 661 845 οὐ
685 805 885 858 βασιλέας,
915 803 1010 846 ἀλλὰ
1035 806 1244 859 βασιλίδας.

597 925 629 964 C
659 925 697 964 A
725 926 758 964 P
787 925 824 964 U
852 927 887 965 T
941 926 1030 965 III.

374 1005 498 1043 Locus
530 1004 698 1042 Terentii
723 1017 743 1041 e
770 1005 992 1043 Phormione
1020 1004 1247 1043 illustratus.

92 1072 172 1128 Im
199 1091 328 1139 scripti
357 1091 532 1142 leguntur
561 1092 599 1129 in
626 1089 796 1128 omnibus
824 1089 931 1128 libris
959 1090 998 1128 hi
1022 1102 1154 1129 versus
1176 1104 1198 1130 e
1218 1091 1390 1130 Terentii
1409 1090 1531 1130 Phor-

93 1147 216 1184 mione
232 1144 345 1198 †††)
365 1161 374 1184 ε

201 1211 280 1250 ΡΗ.
311 1214 388 1251 Imo
421 1225 509 1250 vero
542 1218 582 1250 lu
610 1223 769 1249 uxorem
798 1210 903 1247 cedo.
954 1209 1031 1248 Dm.
1061 1212 1104 1249 In
1135 1212 1194 1250 ius
1220 1211 1383 1250 ambula.

202 1266 282 1304 ΡΗ.
316 1269 359 1305 In
386 1268 472 1305 ius?
499 1268 684 1305 enimvero
710 1266 748 1302 εἰ
767 1278 887 1316 porro
917 1278 996 1303 esse
1020 1267 1144 1304 odiosi
1163 1268 1339 1317 pergine.

90 1331 177 1383 Ego
215 1339 335 1370 autem
376 1333 414 1370 in
456 1332 608 1370 scholiis
623 1329 693 1383 ἦ),
734 1331 865 1381 quibus
903 1332 1099 1368 nonnullos
1144 1333 1225 1370 eius
1262 1335 1395 1383 poe'tae
1427 1331 1532 1370 locos

91 1388 297 1433 illustravi,
334 1387 456 1425 fassus
487 1401 590 1434 sum,
633 1387 720 1424 mihi
750 1399 822 1423 non
851 1386 940 1423 satis
972 1394 1171 1433 constare,
1202 1387 1287 1438 quid
1319 1387 1365 1425 de
1397 1388 1457 1424 illo
1490 1390 1530 1426 z‘n

91 1444 151 1481 ius
181 1443 361 1481 facerem.
421 1443 517 1481 Nam
556 1450 593 1480 et
630 1455 703 1480 non
738 1442 969 1479 invenustam
1006 1454 1090 1480 esse
1122 1443 1221 1480 illam
1251 1443 1528 1493 repetitionem,

91 1505 132 1536 et
167 1499 380 1536 confirmari
419 1498 638 1536 auctoritate
684 1497 861 1534 librorum
901 1503 1094 1543 veterum,
1150 1505 1188 1537 et
1222 1505 1344 1536 tamen
1381 1511 1527 1536 versum

92 1565 138 1592 ea
179 1561 331 1604 recepta
368 1567 441 1591 uno
480 1552 599 1604 pede,
639 1565 745 1603 quam
781 1550 955 1597 deceret,
998 1552 1079 1589 fieri
1110 1552 1332 1604 longiorem.
1391 1552 1530 1590 Postea

90 1615 214 1646 autem
252 1609 342 1646 mihi
377 1609 481 1647 venit
519 1609 556 1645 in
594 1614 781 1652 mentem,
823 1607 950 1643 solitos
988 1620 1072 1645 esse
1112 1609 1199 1646 olim
1237 1609 1438 1646 histriones
1456 1605 1528 1660 ἢ)
1555 1611 1599 1644 60

89 1664 179 1701 talia
209 1663 385 1714 quaedam
416 1663 462 1701 de
493 1676 560 1701 suo
590 1663 628 1700 in
658 1660 860 1700 recitandis
891 1662 1025 1699 fabulis
1053 1662 1210 1710 addere,
1241 1670 1280 1701 ut
1299 1664 1418 1701 oratio
1436 1676 1528 1714 quo-

89 1717 254 1757 tidianae
283 1719 440 1756 similior
467 1718 680 1757 videretur:
718 1716 756 1755 id
785 1715 882 1769 quod
910 1723 949 1755 et
973 1716 1190 1757 Demetrius
1221 1719 1257 1757 in
1289 1718 1413 1757 libello
1441 1716 1529 1772 περὶ

163 1846 208 1881 κε)
229 1853 296 1881 cap.
319 1847 346 1875 1.
368 1846 399 1882 S.
420 1846 449 1875 8.

166 1899 235 1934 2:³20
255 1899 308 1926 lib.
329 1900 352 1927 Ι,
373 1905 441 1934 cap.
463 1898 491 1927 5.
513 1900 595 1927 extr.
615 1891 694 1927 ἐπεὶ
718 1889 823 1926 τοῦτό
845 1903 888 1937 γε
912 1888 1097 1937 φανερόν,
1122 1888 1186 1933 ὦς,
1212 1891 1244 1926 εἰ
1265 1892 1439 1926 τοσοῦτον
1460 1891 1526 1936 γέ-

92 1949 213 1974 νοιντο
239 1933 412 1982 διάφοροι
436 1934 472 1970 τὰ
501 1939 607 1981 σῶμα
629 1935 746 1984 μόνον
772 1936 860 1973 ὅσον
884 1939 922 1984 ᾳὶ
945 1938 1017 1971 τῶν
1040 1937 1140 1971 θεῶν
1163 1935 1309 1980 εἰκόνες,
1332 1938 1414 1975 τοὺς
1433 1935 1525 1971 ὐπο-

94 1984 331 2028 λειπομένους
354 1979 485 2019 πάντες
509 1995 532 2025 q
542 1986 619 2015 αῖεν
644 1981 690 2016 ἂν
715 1982 835 2021 ἀξίους
864 1984 956 2016 εἰναι
982 1981 1121 2019 τούτοις
1144 1981 1342 2016 δουλεύειν.
1383 1987 1430 2018 cf.
1450 1987 1524 2017 ibid.

91 2029 146 2057 lib.
168 2029 234 2056 vil.
255 2034 322 2061 cap.
348 2027 394 2054 14.
435 2028 609 2056 Praeterea
637 2027 773 2056 Faesius
802 2027 936 2055 conferri
964 2027 1049 2056 iubet
1076 2031 1156 2057 Mur.
1187 2028 1360 2056 comment.
1388 2026 1420 2054 in
1450 2027 1525 2054 Tac.

90 2067 175 2095 Ann.
203 2065 280 2099 opp.
302 2066 389 2092 Toni.
410 2065 462 2092 lV.
492 2071 560 2098 pag.
584 2066 623 2093 76
651 2074 697 2100 sq.
727 2066 766 2092 de
789 2065 1000 2099 Aethiopibus
1028 2066 1142 2094 Herod.
1169 2065 1224 2093 lib.
1246 2067 1298 2093 ΙΙΙ.
1328 2071 1396 2098 cap.
1417 2064 1466 2092 20.
1494 2064 1527 2092 et

92 2103 133 2131 ad
160 2106 259 2131 totum
284 2103 343 2130 hoc
372 2104 466 2136 caput
486 2103 638 2130 Bernardi
658 2102 783 2131 Reatini
805 2103 976 2137 carpensis
996 2102 1028 2131 in
1049 2103 1141 2132 varia
1160 2102 1348 2139 scriptorum
1366 2103 1437 2131 loca
1455 2101 1526 2131 An-

90 2142 155 2170 not.
174 2141 257 2168 XIV.
276 2139 308 2167 in
330 2141 415 2169 Grur.
435 2141 546 2174 Lamp.
567 2140 641 2169 ciit.
663 2142 701 2168 li.
722 2147 793 2174 pag.
814 2141 885 2169 367.

163 2188 256 2223 εῖεεῐεεῖε)
276 2187 329 2216 lib.
349 2188 401 2216 IV.
423 2194 491 2222 cap.
511 2188 541 2216 4.
560 2187 614 2217 lib.
634 2189 702 2218 Vll.
723 2194 791 2224 cap.
813 2188 862 2217 14.

164 2237 210 2273 †)
232 2242 303 2270 pag.
323 2236 394 2265 566.
433 2237 476 2265 A.

166 2288 239 2328 ††)
261 2297 328 2325 cap.
350 2291 379 2317 2.
402 2291 485 2317 extr.
506 2289 558 2317 ubi
579 2297 660 2318 nunc
681 2282 724 2319 οὐ
748 2283 935 2326 βασιλέας,
962 2281 1053 2316 ἀλλὰ
1077 2286 1308 2326 βασιλίσκους
1325 2289 1463 2325 legitur,
1491 2289 1526 2317 ut

89 2328 280 2358 Plutarchus
310 2327 425 2356 dictum
444 2327 523 2356 illud
544 2328 655 2356 endem
674 2330 787 2365 niodo,
817 2336 877 2363 quo
899 2328 1103 2366 Athenaeus,
1131 2331 1309 2366 protulerit.
1347 2328 1418 2359 Viti.
1438 2328 1527 2357 Heu-

90 2371 198 2407 singer
217 2372 257 2400 ad
276 2373 306 2400 h.
327 2372 348 2400 l.
369 2378 440 2406 pag,
464 2371 502 2400 10
521 2379 569 2406 sq.
592 2373 625 2401 et
644 2372 677 2402 in
697 2374 763 2402 Ind.
783 2372 816 2401 in
838 2379 870 2402 v.
891 2367 1108 2409 βασιλίσκος.

166 2418 266 2458 {wi-5⁴]
287 2421 324 2448 V.
347 2420 382 2456 7,
400 2420 458 2447 43.

165 2468 209 2502 δὲ)
229 2467 299 2497 Vid.
322 2468 401 2502 Opp.
422 2468 509 2496 Tum.
529 2470 568 2497 Π.
589 2475 660 2504 pag.
682 2468 739 2497 701
762 2468 845 2497 med.

169 2522 236 2557 *ex-J
258 2522 319 2551 sed
339 2523 473 2550 multum
493 2522 624 2551 interest
644 2523 726 2551 inter
747 2525 829 2552 tales
849 2522 1027 2558 particulas
1057 2526 1090 2554 et
1109 2525 1361 2563 interiectioneS‚
1390 2527 1426 2556 ut
1445 2517 1531 2563 φεῦ,

93 2558 136 2593 ἔα
157 2566 235 2602 cet.‚
265 2572 345 2599 quae
365 2564 459 2608 facite
480 2569 572 2594 extra
592 2574 721 2594 versum
741 2567 815 2600 puni
836 2570 984 2601 possunt,
1014 2569 1044 2596 et
1065 2570 1134 2598 eius
1154 2571 1281 2601 generis
1302 2572 1418 2608 verba,
1447 2577 1530 2606 quae

94 2604 206 2632 eodem
232 2609 301 2630 cum
328 2604 460 2636 reliquis
489 2607 598 2632 tenore
626 2605 798 2639 procedere
826 2605 949 2632 debent.
990 2607 1104 2635 Melius
1132 2607 1227 2641 igitur
1247 2608 1411 2637 Bentleius
1431 2610 1532 2637 verba

93 2643 125 2669 z'n
145 2642 192 2668 z'us
213 2639 348 2668 induxit.
389 2642 488 2674 Quam
508 2646 613 2670 autem
628 2643 770 2670 Muretus
791 2649 921 2669 causam
941 2642 1040 2675 affert,
1064 2652 1119 2674 cur
1139 2645 1313 2674 histriones
1333 2646 1411 2674 talia
1431 2653 1533 2680 quae-

95 2679 167 2708 dam
188 2678 226 2706 de
246 2685 303 2706 suo
323 2677 517 2714 addiderint,
545 2681 579 2708 ut
600 2679 701 2708 oratio
721 2680 924 2714 quotidianae
951 2680 1083 2711 similior
1104 2682 1284 2720 videretur,
1315 2690 1355 2711 ea
1375 2690 1453 2712 vera
1471 2684 1533 2714 vix

95 2724 165 2756 «θεῖ’,
199 2720 291 2748 immo
317 2721 377 2748 hac
404 2727 440 2748 re
467 2722 644 2750 orationem
669 2723 771 2757 magis
798 2715 1003 2761 παθητικήν
1031 2724 1155 2754 efficere
1180 2725 1343 2754 studuisse
1372 2726 1533 2757 videntur.
1573 2748 1583 2754 .

94 2760 203 2792 Neque
232 2761 357 2793 tamen,
393 2758 569 2794 ubicunque
596 2760 672 2791 ittae
700 2761 877 2797 particulae
903 2762 1069 2802 leguntur,
1102 2764 1141 2793 ab
1170 2762 1378 2794 histrionibus
1403 2765 1534 2795 additae

95 2803 168 2826 esse
189 2796 366 2826 censendae
386 2798 467 2826 suut.
508 2799 618 2828 FAusi.
