1778 3096
170 581 232 612 31⁷

190 2498 253 2528 318

522 573 604 630 Μ.
656 571 1031 631 ΑΝΤΟΝΙΙ
1078 569 1442 627 MURETI

738 695 768 722 1.
812 695 851 723 C.
893 695 954 722 Ac
996 694 1142 722 CIVIS
1182 693 1224 720 R.

263 814 921 889 VARIARUM
989 808 1708 888 LEGTIONUM

661 964 1061 1009 LIBER
1160 963 1324 1008 XIV.

793 1191 1082 1230 CAPUT
1149 1192 1182 1230 Ι.

266 1277 349 1313 Dico
375 1272 685 1323 gravissimorum
718 1271 945 1319 scriptorum
975 1271 1075 1316 loci,
1118 1282 1274 1319 quorum
1312 1269 1350 1306 z'tz
1386 1274 1546 1319 utroque
1583 1265 1712 1304 eadem

680 1326 831 1363 macula
860 1326 1063 1371 haeserat,
1095 1325 1297 1362 ememlale‘.

266 1421 461 1478 VEREOR
491 1436 702 1484 interdum,
733 1450 779 1474 nc
810 1437 904 1483 sint,
936 1436 1068 1487 quibus
1099 1436 1171 1473 hoc
1201 1442 1316 1472 totum
1348 1434 1564 1484 scriptionis
1593 1445 1712 1484 genus

266 1497 350 1536 leve
381 1508 424 1533 ac
449 1491 756 1532 contemnendum
789 1505 873 1528 csse
903 1492 1086 1537 videatur,
1109 1489 1205 1541 quod
1232 1489 1278 1527 ad
1303 1489 1465 1527 maculas
1494 1501 1516 1526 e
1546 1496 1714 1526 veterum

268 1552 374 1590 libris
413 1547 591 1587 eluendas
636 1548 814 1585 refertur.
877 1546 928 1584 Ut
965 1547 1063 1583 enim
1095 1558 1186 1583 vcra
1223 1546 1321 1590 sint,
1363 1557 1457 1594 quae
1495 1543 1712 1582 scribimus:

269 1609 352 1646 fere
382 1613 527 1649 tamen,
567 1603 786 1652 simulatque
816 1602 897 1652 quis
926 1614 1034 1639 unam
1071 1607 1136 1637 aut
1163 1600 1316 1637 alteram
1348 1599 1507 1636 litteram
1537 1611 1715 1637 vocemve

269 1665 308 1701 in
340 1662 434 1699 libro
466 1673 531 1697 suo
562 1665 624 1696 aut
653 1658 873 1703 mutaverit,
904 1663 967 1694 aut
995 1655 1199 1701 deleverit,
1232 1662 1294 1693 aut
1320 1653 1527 1700 addiderit,
1559 1655 1610 1692 ita
1639 1654 1716 1691 sin-

270 1718 356 1770 gula
388 1717 517 1754 horum
549 1713 728 1751 librorum
759 1714 878 1763 capita
909 1719 1112 1762 concerpat
1142 1711 1251 1748 licet:
1287 1717 1326 1748 ut
1354 1723 1508 1760 quorum
1537 1710 1600 1747 vix
1628 1722 1716 1747 usus

269 1780 470 1826 praeterea
501 1770 593 1807 ullus
633 1781 717 1807 esse
748 1769 840 1805 alius
874 1769 1005 1818 possit.
1065 1765 1143 1804 Sed
1171 1773 1293 1803 tamen
1331 1766 1362 1802 si
1390 1765 1471 1816 quis
1501 1777 1626 1802 secum
1656 1777 1718 1802 re-

271 1835 398 1881 putet,
441 1826 622 1878 primum,
665 1832 799 1875 quanta
829 1824 968 1860 utilitas
1005 1835 1051 1860 ex
1085 1829 1253 1860 veterum
1293 1822 1514 1872 scriptorum
1554 1819 1716 1857 lectione

272 1884 457 1935 capiatur,
482 1879 633 1926 deinde,
659 1886 829 1931 quantam
855 1877 1107 1916 difficultatem
1128 1877 1328 1927 depravata
1359 1877 1544 1927 scriptura
1572 1875 1718 1912 illorum

273 1939 452 1977 studiosis
483 1936 663 1975 exhibere
695 1935 833 1979 soleat,
875 1947 1045 1984 magnam
1077 1934 1234 1983 gratiam
1268 1930 1474 1969 habendam
1505 1943 1591 1969 esse
1623 1929 1719 1967 iudi-

274 1994 373 2032 cabit
401 1994 470 2038 iis,
512 1992 574 2042 qui
607 2003 674 2028 suo
714 1990 840 2027 labore
871 1989 1035 2027 laborem
1073 1989 1155 2026 aliis
1187 1989 1372 2025 minuunt:
1420 1992 1476 2031 et,
1518 1986 1556 2023 in
1585 1985 1717 2036 quibus

273 2050 345 2101 ipsi
375 2048 547 2086 fortassis
576 2045 775 2097 aliquando
806 2045 1061 2089 haesitarunt‚
1100 2045 1136 2080 in
1167 2043 1224 2081 eis
1256 2056 1303 2080 ne
1331 2042 1393 2080 alii
1423 2053 1567 2092 quoque
1595 2041 1719 2078 haesi-

274 2110 369 2150 tent,
398 2102 605 2141 elaborant.
656 2100 740 2146 Qua
771 2113 834 2151 spe
865 2101 982 2137 fretus
1013 2099 1220 2136 subsecivis
1253 2097 1355 2134 horis
1371 2095 1416 2145 9ρε)
1448 2108 1576 2133 eorum
1606 2095 1718 2133 libro-

276 2173 382 2205 rum,
411 2157 542 2209 quibus
571 2156 657 2193 olim
689 2168 777 2192 usus
809 2168 912 2200 sum,
947 2167 1032 2192 oras
1064 2153 1221 2203 inspicio
1253 2159 1290 2189 et
1319 2153 1351 2188 si
1381 2150 1466 2202 quid
1497 2151 1535 2188 in
1566 2150 1621 2188 cis
1652 2163 1719 2188 no-

276 2222 391 2253 tatum
419 2212 553 2257 video,
596 2209 693 2262 quod
721 2211 802 2246 usui
832 2211 941 2246 etiam
970 2209 1053 2246 aliis
1084 2221 1167 2245 esse
1198 2220 1308 2258 posse
1333 2207 1517 2251 arbitrer,
1557 2205 1716 2256 colligo:

277 2278 387 2320 atque
415 2269 466 2305 ita
495 2267 586 2304 haec
617 2265 892 2317 qualiacumque
918 2264 1120 2301 concinno:
1153 2269 1214 2307 ut,
1247 2263 1277 2299 si
1308 2263 1426 2299 minus
1455 2261 1535 2311 ipse
1565 2259 1611 2298 de
1639 2273 1720 2298 meo

278 2324 467 2364 excudere
496 2334 645 2373 possum
677 2320 790 2370 digna
821 2332 914 2370 quae
943 2320 1135 2369 legantur,
1177 2325 1214 2354 at
1244 2324 1347 2354 certe
1376 2314 1517 2367 aliquid
1546 2315 1718 2362 efficiam,

279 2393 351 2431 quo
397 2380 448 2425 ii,
498 2377 561 2429 qui
599 2376 761 2414 lectione
804 2373 916 2423 digna
955 2375 1210 2424 scripserunt,
1259 2372 1407 2410 facilius
1450 2371 1716 2420 intelligantur.

279 2436 392 2474 Nunc
431 2434 546 2485 igitur
587 2430 679 2468 duos
714 2431 816 2468 locos
853 2428 1048 2474 indicabo,
1100 2441 1253 2478 quorum
1293 2429 1328 2465 in
1373 2434 1528 2476 utroque
1569 2423 1721 2464 διάνοια

280 2491 441 2541 legitur,
489 2501 571 2526 cum
604 2486 801 2537 utrobique
837 2481 950 2523 ἄνοια
991 2484 1066 2534 legi
1105 2484 1263 2521 debeat:
1310 2481 1419 2533 idque
1458 2494 1503 2519 eo
1544 2481 1720 2518 libentius

281 2547 439 2591 faciam,
479 2541 576 2594 quod
605 2543 642 2579 in
676 2549 834 2592 utroque
864 2547 902 2578 et
939 2539 1183 2577 eruditissimi
1213 2539 1439 2588 interpretes
1477 2536 1569 2587 lapsi
1608 2543 1717 2574 sunt:

281 2613 403 2652 neque
432 2598 469 2637 id
497 2598 561 2636 isti
589 2595 943 2641 animadverterunt,
975 2595 1052 2645 qui,
1079 2595 1183 2645 quasi
1212 2594 1283 2644 ipsi
1308 2604 1486 2644 nusquam
1513 2590 1717 2637 offendant,

282 2656 451 2695 exultant
488 2654 525 2691 in
563 2653 717 2690 aliorum
754 2652 890 2689 erratis
931 2663 1048 2701 eaque
1080 2650 1227 2687 mimico
1256 2648 1437 2686 orationis
1466 2658 1608 2698 genere
1646 2653 1720 2684 tam

358 2780 402 2816 -:::-]
422 2779 553 2809 Rectius
573 2777 719 2807 scribitur
734 2775 914 2809 subsit-imm,
936 2773 1016 2808 quod
1035 2779 1222 2808 expressum
1242 2773 1388 2802 videmus
1403 2770 1503 2808 Epist.
1519 2773 1542 2801 1.
1559 2771 1610 2800 65.
1646 2770 1719 2800 viu.

285 2821 437 2847 Goerenz.
457 2818 499 2846 ad
519 2817 585 2846 Cic.
605 2816 644 2843 de
664 2816 761 2850 Legg.
780 2815 835 2844 lib.
850 2815 875 2843 1.
894 2817 961 2847 cap.
982 2812 1011 2841 4.
1032 2814 1064 2847 §-
1083 2813 1131 2841 13.
1151 2818 1223 2847 pag.
1242 2812 1292 2842 15.
1320 2810 1424 2841 Kraft.
1444 2810 1486 2840 ad
1505 2811 1618 2840 Mutet.
1639 2810 1720 2846 Epp.

285 2860 317 2886 et
338 2856 435 2886 Oratt.
455 2855 515 2886 sel.
535 2861 607 2890 pag.
628 2854 701 2883 251.
