1778 3096
118 649 180 680 309

199 89 280 133 296
763 90 892 134 VAR.
925 91 1080 136 LECT.

202 203 308 254 quasi
347 203 581 241 occasionem
620 208 751 239 nactus
787 200 1031 240 ostentandae
1060 202 1281 243 eruditionis
1320 217 1435 254 suae,
1474 203 1644 254 Nollem,

202 259 341 309 inquit,
382 272 404 296 a
433 265 470 296 te
499 264 574 295 tum
605 258 908 308 praetermissam
949 258 1057 296 unius
1089 260 1166 297 avis
1202 261 1450 308 mentionem,
1496 274 1544 300 ex
1573 275 1648 313 qua

203 327 276 351 una
305 313 539 364 inexplebilis
565 319 731 350 veterum
765 312 877 351 libido
908 313 943 350 in
974 314 1171 363 exquisitis
1199 314 1353 366 dapibus
1384 316 1647 368 conquirendis

204 369 262 407 vel
291 369 448 405 maxime
486 368 663 417 cognosci
697 374 855 417 poterat.
917 368 1061 416 Quam,
1094 371 1260 420 quaeso‘?
1300 372 1461 422 inquam.
1521 371 1648 409 Phoe-

206 425 352 469 nicem,
385 423 505 473 inquit
534 423 610 460 ille.
672 422 844 461 Obsecro
874 431 931 470 te,
961 425 1073 461 etiam
1103 425 1317 476 phoenicem
1350 427 1403 464 illi
1433 425 1650 465 esitabant‘?

206 478 341 522 Certe,
385 478 518 528 inquit.
585 477 721 528 Neque
757 479 884 525 multi,
926 480 1096 529 inquam,
1140 493 1259 531 neque
1298 494 1412 533 saepe
1452 481 1488 519 id
1520 483 1649 520 facere

205 539 391 584 poterant.
450 532 570 570 Aiunt
607 535 706 571 enim
724 532 772 584 ³²²)
807 547 888 572 eam
922 547 1026 571 avem
1056 535 1201 572 unicam
1243 543 1319 574 toto
1357 537 1448 575 orbe
1489 537 1651 588 reperiri

207 595 246 625 et
274 589 402 626 vivere
432 601 573 634 annos,
613 589 765 640 opinor,
801 596 1002 627 sexcentos
1032 591 1248 641 sexaginta,
1290 598 1326 629 et
1355 605 1436 630 cum
1466 593 1549 643 ipsa
1579 592 1651 630 sibi

206 657 336 693 rogum
377 645 630 681 construxerit
664 644 847 695 funusque
883 645 1041 691 feccrit,
1084 652 1158 682 tum
1199 644 1330 684 eodem
1368 647 1431 685 illo
1471 660 1518 685 ex
1555 659 1651 696 rogo

206 698 367 736 renasci.
425 697 501 737 Sed
532 711 602 748 ego
635 699 809 748 figmenta
824 698 901 752 *ἢ
933 712 1017 737 esse
1047 700 1110 737 illa
1137 703 1324 751 poe'tarum
1355 702 1542 753 putabam.
1593 703 1655 741 Tu

207 767 319 800 vero,
361 767 490 804 quem,
527 761 568 790 ut
598 754 681 791 illos
719 767 828 792 rarae
854 755 1006 792 inventu
1041 753 1177 806 dapes,
1220 757 1270 794 ita
1298 758 1420 795 omnia
1450 758 1487 795 in
1518 756 1652 795 studiis

206 822 292 846 rara
323 815 360 846 et
388 809 571 859 exquisita
604 808 812 855 delectant,
849 809 919 847 ede
951 809 1058 847 nobis
1089 823 1222 848 nomen
1253 813 1400 861 gulonis
1430 813 1550 859 illius,
1591 812 1655 863 qui

205 864 297 901 tanti
326 865 511 914 putaverit
540 863 663 914 palato
695 865 925 915 gratificari,
966 872 1005 902 ut
1033 872 1104 902 tam
1133 866 1322 916 pulchram
1359 880 1464 905 avem
1497 868 1535 905 in
1565 880 1655 918 per-

205 926 353 970 petuum
387 919 590 956 sustulerit.
655 919 772 958 Certe
804 921 928 966 enim,
961 933 1043 958 eum
1074 922 1184 959 unica
1213 928 1289 959 toto
1317 922 1408 960 orbe
1439 923 1504 969 sit,
1534 935 1655 973 neque

206 974 279 1012 nisi
316 986 363 1011 ex
403 987 443 1011 se
477 982 722 1013 renascatur:
767 975 966 1013 interfecta
1006 989 1079 1014 una
1115 983 1231 1014 totum
1271 990 1390 1027 genus
1429 978 1656 1016 exstinctum

206 1036 278 1067 est.
323 1029 448 1080 Atque
479 1042 524 1067 ea
550 1030 722 1068 fortassis
753 1044 887 1069 caussa
915 1037 989 1078 est,
1022 1045 1089 1069 cur
1117 1032 1237 1069 nullus
1271 1033 1342 1070 iam
1366 1032 1509 1084 pridem
1540 1033 1657 1084 phoe-

204 1085 270 1122 nix
300 1085 522 1135 reperiatur.
582 1085 701 1124 Ludis
732 1092 769 1123 tu
800 1085 968 1136 quidem,
1014 1087 1133 1137 inquit
1162 1087 1248 1133 ille,
1290 1095 1328 1125 et
1357 1088 1467 1126 solita
1498 1088 1563 1125 illa
1591 1094 1658 1126 tua

206 1137 500 1178 dissimulatione
530 1141 669 1178 uteris:
704 1140 770 1179 sed
797 1143 827 1179 si
860 1148 934 1179 tum
965 1141 1197 1193 inspexisses
1227 1143 1358 1181 librum
1388 1142 1582 1182 Plutarchi
1609 1141 1657 1181 de

205 1194 420 1233 valetudine
449 1194 585 1233 tuenda
601 1195 724 1247 iiiiii),
767 1195 967 1234 didicisses
1003 1210 1050 1235 ex
1084 1210 1152 1243 e0,
1195 1198 1302 1236 istius
1331 1199 1435 1245 avis,
1478 1212 1586 1250 quam
1616 1205 1658 1236 tu

206 1250 345 1287 nullam
376 1263 461 1288 esse
490 1257 622 1300 putaS,
666 1251 862 1289 cerebrum
903 1251 1010 1290 dulce
1046 1253 1195 1303 quidem
1226 1265 1336 1299 esse,
1379 1252 1447 1291 sed
1485 1253 1656 1292 dolorem

206 1306 339 1356 eapitis
369 1304 548 1343 inducere
564 1304 640 1358 †):
674 1305 770 1356 quod
792 1314 863 1344 tam
888 1308 1014 1357 gravis
1038 1315 1168 1345 auctor
1191 1321 1385 1360 numquam
1407 1308 1655 1360 prodidisset,

205 1360 278 1398 nisi
308 1360 437 1397 saltem
465 1360 511 1398 ab
541 1361 612 1408 iis,
645 1362 707 1411 qui
736 1360 772 1398 id
798 1369 1035 1412 gustassent,
1067 1362 1262 1401 audiisset.
1323 1363 1426 1401 Istud
1454 1377 1569 1410 vero,
1599 1365 1658 1402 in-

205 1428 339 1466 quam,
372 1416 492 1465 magis
523 1416 634 1453 etiam
665 1417 795 1454 mirum
828 1417 965 1462 fuerit,
999 1417 1062 1468 qui
1094 1419 1209 1456 semel
1240 1431 1323 1457 eum
1355 1419 1476 1457 cibum
1508 1427 1659 1470 gustas-

206 1477 311 1515 sent,
357 1483 479 1520 neque
518 1471 616 1507 enim
654 1478 811 1521 potuere
850 1472 1023 1522 saepius,
1075 1479 1148 1509 tam
1184 1474 1259 1510 cito
1295 1481 1332 1511 et
1369 1481 1442 1511 tam
1480 1473 1658 1513 distinete

207 1533 376 1563 naturam
406 1525 507 1562 illius
530 1525 729 1576 percipere
751 1528 932 1576 potuisse.
984 1527 1082 1563 Nam
1108 1540 1179 1577 ego
1206 1529 1257 1565 ita
1277 1541 1325 1565 ex
1348 1527 1556 1567 Aristotele
1572 1529 1656 1582 ††)

210 1579 431 1625 didiceram,
465 1593 485 1617 e
507 1581 686 1618 memoria
716 1582 814 1627 eius,
847 1580 944 1632 quod
975 1594 1088 1632 saepe
1116 1582 1246 1620 eodem
1279 1583 1388 1621 modo
1418 1585 1658 1635 contigisset,

208 1636 506 1685 experientiam,
535 1648 556 1673 e
587 1636 711 1673 multis
742 1643 887 1682 autem,
922 1637 1000 1674 scio
1030 1637 1100 1674 hoe
1127 1637 1303 1676 Latinum
1335 1653 1408 1677 non
1438 1652 1548 1687 esse,
1590 1638 1660 1678 sed

209 1690 346 1729 dabitis
376 1691 547 1736 veniam,
593 1692 839 1742 experientiis
879 1699 998 1730 artem
1038 1692 1148 1730 effici.
1209 1693 1269 1731 De
1301 1694 1396 1740 isto,
1437 1695 1579 1746 inquit,
1619 1701 1661 1733 tu

208 1745 372 1784 videris:
405 1745 497 1783 mihi
528 1747 619 1784 satis
651 1747 747 1793 erit,
781 1748 814 1784 si
847 1747 916 1784 tibi
946 1747 1139 1785 Plutarchi
1170 1749 1292 1787 locum
1321 1748 1536 1788 ostendero.
1597 1749 1661 1788 Si-

209 1802 357 1851 mulque
390 1801 524 1838 librum
558 1814 579 1839 e
611 1802 693 1839 sinu
722 1802 891 1853 protulit,
918 1804 954 1840 in
984 1816 1054 1854 quo
1085 1816 1166 1841 cum
1192 1805 1273 1842 aliis
1303 1804 1521 1856 quibusdam
1551 1811 1662 1843 erant

209 1864 248 1894 et
273 1852 424 1909 ’ὑγιεινὰ
449 1856 658 1904 Plutarchi,
691 1857 878 1904 Erasmo,
910 1866 951 1896 ut
983 1866 1094 1909 puto,
1128 1860 1356 1911 interprete:
1391 1874 1525 1899 nomen
1559 1862 1660 1899 enim

208 1913 260 1949 ita
289 1912 450 1949 deletum
482 1919 586 1959 erat,
624 1920 665 1950 ut
692 1920 814 1951 tamen
845 1927 893 1951 ex
928 1913 1099 1951 ductibus
1128 1915 1336 1953 litterarum
1369 1923 1657 1967 agnosceretur.

207 1967 250 2005 In
283 1980 328 2005 eo
360 1974 482 2005 autem
519 1968 569 2005 ita
600 1968 708 2019 plane
738 1969 917 2019 scriptum
950 1969 1166 2019 legebatur:
1206 1973 1302 2010 Nam
1329 1972 1523 2022 phoenicis
1553 1985 1661 2010 cere-

209 2023 316 2060 hrum
347 2035 429 2059 cum
457 2024 508 2060 sil
537 2024 734 2061 admodum
764 2025 897 2070 dulce,
942 2031 1064 2063 tamen
1096 2027 1204 2064 aiunt
1231 2029 1368 2077 capitis
1397 2028 1562 2065 dolorem
1587 2041 1661 2078 pa-

209 2090 313 2115 rcre.
373 2077 499 2113 Homo
539 2078 673 2127 igitur,
712 2079 774 2129 qui
809 2092 889 2116 eam
920 2093 1028 2117 unam
1061 2079 1108 2116 ob
1139 2094 1306 2119 caussam
1344 2083 1510 2120 venisset
1548 2089 1660 2132 atque

209 2131 248 2170 id
278 2144 388 2170 unum
419 2132 543 2182 operis
569 2133 775 2179 habuisset,
806 2147 889 2171 cum
920 2133 1035 2180 dieto,
1066 2135 1128 2172 vix
1158 2136 1325 2174 salutatis
1356 2137 1478 2182 nobis,
1509 2150 1661 2175 caussa-

210 2194 270 2226 tus
301 2187 370 2224 sibi
400 2187 529 2225 nescio
560 2187 645 2238 quid
675 2189 817 2237 negotii
848 2202 955 2235 esse,
995 2189 1187 2227 discessit.
1247 2191 1306 2229 Eo
1338 2190 1509 2242 digresso
1539 2193 1659 2230 visum

212 2249 272 2280 est
301 2243 372 2288 iis,
405 2242 466 2293 qui
496 2241 673 2289 aderant,
716 2243 827 2280 etiam
858 2243 1043 2295 Xylandri
1073 2245 1417 2296 interpretationem
1451 2247 1656 2298 inspicere.

212 2298 251 2335 Is
281 2305 404 2335 autem
446 2297 498 2334 ita
527 2298 647 2335 locum
685 2298 785 2336 illum
815 2299 1054 2337 reddiderat:
1099 2302 1301 2341 Cerebrmn
1327 2303 1524 2353 phoenicis
1554 2304 1662 2342 dulce

214 2354 412 2392 admodum
445 2359 523 2400 est,
566 2355 635 2391 sed
670 2355 820 2393 dolores
860 2357 995 2406 capz'lz‘s
1031 2356 1210 2394 inducere
1234 2357 1385 2410 fertur.
1445 2358 1540 2396 Tum
1571 2371 1659 2410 eg0,

290 2461 333 2497 >ziz-J
360 2460 432 2490 vid.
460 2462 613 2491 Herodot.
633 2464 672 2492 11.
697 2463 746 2491 73.
787 2464 860 2491 Tae.
881 2464 998 2492 Annal.
1020 2465 1070 2492 vl.
1093 2465 1142 2494 28.
1179 2466 1262 2496 Plin.
1284 2468 1322 2495 H.
1343 2468 1380 2495 N.
1407 2466 1461 2495 lib.
1482 2468 1519 2495 X.
1540 2473 1609 2501 cap.
1630 2468 1660 2496 2.

212 2500 244 2532 ὅ.
265 2500 294 2527 3.
334 2499 427 2527 Ovid.
456 2501 583 2528 Metam.
604 2501 671 2528 XV.
692 2501 764 2529 392.
793 2502 892 2538 alios,
924 2510 1003 2535 quos
1032 2507 1236 2532 enumeratos
1265 2506 1360 2533 nabet
1386 2507 1468 2533 Mur.
1498 2506 1601 2534 schol.
1628 2505 1662 2533 in

213 2538 288 2564 Tac.
311 2537 390 2570 001³-
413 2538 501 2564 Tom.
523 2539 576 2565 lv.
598 2545 671 2573 pag.
695 2538 762 2567 148.
803 2541 838 2567 ln
859 2546 988 2567 numero
1013 2546 1167 2570 annorum
1194 2543 1368 2572 definiendo
1388 2544 1533 2574 Muretus
1552 2542 1661 2578 sequi-

213 2576 264 2605 tur
285 2574 434 2602 Plinium.
473 2577 585 2602 Fansr

288 2622 356 2657 {122³}
377 2621 448 2651 vid.
469 2622 509 2650 ad
529 2623 600 2651 vot.
622 2624 645 2651 Ι.
667 2629 738 2658 pag.
763 2624 832 2653 125.
852 2623 946 2654 huius
967 2625 1041 2655 edit.

291 2670 385 2706 εζὲιζεεὶἑ)
408 2677 478 2705 pag.
498 2671 569 2699 133.
591 2670 626 2700 C.

290 2717 335 2755 †]
364 2720 503 2753 vereor,
531 2726 571 2747 ne
592 2721 701 2753 paullo
723 2720 912 2749 insolentius
939 2720 1056 2751 dictum
1076 2722 1117 2751 sit
1138 2730 1211 2757 pro:
1238 2723 1349 2757 capitis
1375 2725 1515 2753 dolorem
1540 2724 1658 2763 facere,

213 2754 360 2792 efficere,
382 2755 515 2792 afferre,
537 2764 746 2793 commorere,
767 2760 920 2795 incutere,
944 2762 981 2788 ut
1001 2760 1113 2788 Cicero
1134 2760 1273 2790 scribere
1293 2763 1389 2792 solet.
1427 2763 1551 2793 KRAFT.

291 2802 365 2841 ἡ)
386 2804 457 2834 vid.
478 2804 612 2840 Anam-t.
633 2808 752 2842 poster.
773 2807 827 2836 lib.
848 2809 886 2836 ll.
908 2814 976 2843 cap.
1001 2808 1047 2838 19.
1068 2809 1100 2844 S.
1121 2810 1151 2838 5.
