1726 3106
95 817 156 849 134

185 156 265 201 128
741 158 869 200 VAR.
902 158 1054 200 LECT.

185 283 305 322 neque
332 272 439 310 aliud
470 270 722 321 voluptatibus
744 272 1013 321 perniciosius,
1034 272 1071 309 si
1097 273 1224 310 modus
1253 271 1374 310 absit.-
1406 269 1538 308 melior
1565 271 1621 309 vi-

185 326 293 364 detur
320 327 400 364 l'ore
431 326 631 371 sententia,
664 327 694 363 si
724 338 784 371 ea,
817 339 921 377 qnam
956 326 1048 370 dixi,
1085 340 1155 364 vox
1184 326 1364 365 deleatur.
1412 326 1496 363 Hoc
1524 327 1622 364 enim

185 381 307 419 dicet:
340 381 536 418 immodico
565 382 652 418 vino
683 382 837 418 maxime
866 381 1052 419 debilitari
1082 384 1250 434 corporis
1279 383 1392 420 vires.
1447 380 1557 430 Quod
1586 388 1624 420 et

183 435 352 474 Lucilius
384 435 529 473 dixerat
560 437 617 473 his
648 436 815 474 versibus
830 435 899 489 ³⁹)-

293 504 401 540 Scito
432 504 565 540 etenim
597 503 689 541 bene
720 504 962 554 longinquum
994 502 1208 541 mortalibu’
1236 502 1402 542 morbum

294 560 337 596 In
364 559 448 595 vino
479 571 579 604 esse,
612 558 680 596 ubi
706 561 773 610 qui
798 561 971 597 inuitauit
1000 560 1182 609 dapsilius
1208 572 1261 596 se.

183 624 235 663 Et
264 625 457 674 Theognis
474 622 572 677 **):

351 686 466 737 Οἷνος
494 687 698 741 πινόμενος
724 686 869 737 πουλὺς
896 686 1025 736 κακός.
1051 685 1101 741 ἢν
1130 688 1171 728 δέ
1196 705 1253 737 τις
1281 685 1399 729 αὐτὸν

406 746 513 801 Πίνῃ
545 745 818 797 ἐπισταμένως,
849 742 896 785 οὐ
925 742 1064 794 κακὸς,
1095 743 1173 785 ἀλλ’
1208 742 1368 799 ἀγαθός.

184 811 235 852 Et
265 811 450 865 Panyasis
465 810 592 861 *³**):

348 877 416 927 Ὡς
443 875 548 925 οἶνος
575 881 753 930 θνητοῖσι
780 881 887 918 θεῶν
912 874 1016 929 πάρα
1045 877 1170 930 δῶρον
1197 873 1364 929 ἄριστον,

348 932 565 986 Πινόμενος
594 930 690 974 κατὰ
720 932 872 987 μέτρον,
898 930 1129 986 ὖπέρμετρος
1158 930 1199 972 δὲ
1226 932 1390 985 χερείων.

181 1011 260 1052 Sed
290 1019 328 1051 et
356 1012 441 1051 libri
471 1012 767 1050 testimoniorum
798 1012 897 1062 pleni
918 1018 1018 1057 sunt,
1050 1018 1088 1048 et
1117 1010 1366 1061 exemplorum
1392 1007 1502 1060 plena
1529 1006 1621 1045 vita.

181 1067 274 1108 lllud
302 1075 426 1107 tamen
456 1069 725 1119 voluptatibus,
756 1066 852 1118 quod
883 1081 951 1104 nos
982 1065 1270 1118 expungendum
1300 1077 1387 1104 esse
1415 1061 1621 1110 credimus,

183 1131 223 1163 et
249 1124 476 1163 Hermolaus
508 1131 546 1162 et
572 1122 848 1176 Pontianus-1⁴)
881 1130 1106 1174 agnoscunt.

668 1254 699 1294 C
729 1255 768 1293 A
795 1255 828 1293 P
854 1255 890 1294 U
916 1255 951 1294 T
1005 1253 1139 1294 XIII.

473 1333 705 1372 Emendatus
731 1346 863 1372 versus
893 1335 1044 1385 quidam
1072 1333 1321 1372 Horatianus.

182 1413 383 1473 HoRATII
410 1446 543 1473 versus
575 1433 613 1471 hi
643 1441 726 1471 sunt
758 1446 779 1471 e
812 1432 907 1471 libro
937 1431 1102 1471 Odarum
1131 1433 1243 1470 tertio
1259 1430 1366 1486 ††)=

464 1501 581 1539 Testis
607 1512 772 1537 mearum
802 1501 1035 1537 centimanus
1060 1500 1177 1548 gigas

459 1556 739 1593 Sententiarum
769 1561 900 1600 notus,
935 1561 971 1592 et
999 1556 1171 1604 integrae

464 1611 645 1649 Tentator
675 1610 788 1647 Orion
817 1610 963 1647 Dianae

458 1666 643 1714 Virginea
674 1665 834 1703 domitus
862 1666 1019 1714 sagitta.

180 1720 350 1781 Eainque
386 1730 605 1782 scripturam
641 1737 791 1768 veteres
828 1730 1069 1768 Grammatici
1109 1728 1369 1781 comprobant:
1409 1727 1471 1779 qui
1509 1728 1622 1766 etiam

181 1787 431 1824 centimanum
470 1786 659 1836 gigantem
701 1785 897 1824 Briareum
937 1786 1138 1836 accipiunt.
1198 1785 1282 1836 Ego
1318 1791 1442 1822 autem
1474 1782 1512 1821 in
1541 1784 1623 1834 qui-

181 1840 335 1879 busdam
382 1854 454 1879 non
492 1840 787 1880 contemnendae
834 1842 1066 1879 auctoritatis
1109 1840 1213 1878 libris
1255 1841 1431 1890 scriptum
1469 1839 1621 1890 reperio

182 1910 256 1934 non
292 1898 430 1947 gigas,
480 1896 546 1934 sed
589 1899 728 1947 Gyges.
797 1896 849 1934 Et
881 1909 971 1935 sane
1011 1896 1058 1934 de
1093 1896 1204 1949 Gyge
1241 1894 1330 1934 illud
1374 1894 1486 1933 etiam
1523 1892 1622 1946 apud

182 1951 356 1991 Ovidium
386 1952 513 2002 legere
543 1952 692 1990 memini
707 1951 847 2005 †††):

291 2019 537 2069 Sphingaque
565 2025 603 2057 et
629 2021 821 2070 Harpyias
850 2018 1199 2070 serpentipedesque
1224 2018 1421 2067 giganteS,

351 2076 677 2126 Centimanumque
708 2077 862 2125 Gygen,
894 2074 1183 2125 semibovemque
1210 2074 1346 2112 virum.

256 2182 300 2218 *J
321 2182 414 2212 Satir.
435 2182 490 2212 lib.
513 2184 608 2212 XXX.
629 2184 659 2212 5.
679 2190 728 2218 ap.
751 2184 828 2211 Non.
848 2184 901 2212 IV.
922 2183 994 2211 232.

257 2237 323 2273 -:.·:‹÷::-)
344 2245 374 2267 v.
395 2237 466 2267 501.
486 2238 623 2267 Brunck.
662 2240 698 2267 In
718 2237 843 2269 optimis
872 2236 959 2264 editt.
979 2243 1060 2266 nunc
1080 2236 1226 2265 scribitur
1247 2225 1344 2270 οἶνος
1367 2243 1444 2266 πιν.
1470 2229 1616 2272 πουλὺς,

182 2274 308 2315 κακόν,
329 2285 360 2311 et
380 2283 411 2311 in
430 2283 490 2311 fine
512 2273 554 2309 οὐ
578 2274 703 2317 κακὸν,
730 2273 804 2320 c'gkk‘
832 2272 985 2319 ἀγαθόν.
1025 2282 1086 2310 Sed
1108 2289 1157 2315 ap.
1180 2282 1312 2310 eundem
1334 2290 1363 2311 v.
1384 2284 1455 2313 211.
1476 2284 1615 2314 Brunck.

182 2329 254 2358 293.
274 2329 403 2356 W'elck.
424 2329 504 2357 haee
523 2328 682 2363 leguntur:
716 2317 819 2355 οἰνόν
841 2332 895 2355 τοι
918 2323 1039 2354 πίνειν
1062 2318 1202 2354 novi-iv
1226 2318 1340 2355 κακὸν
1441 2319 1482 2356 οὐ
1507 2322 1617 2361 κακὸς

182 2365 258 2401 ἀλλ’
286 2363 438 2410 ἀγαθός.

257 2421 350 2458 *zzz-22³]
372 2419 419 2449 cf.
438 2421 575 2450 Brunck.
597 2420 705 2448 Gnom.
725 2422 808 2455 poet.
831 2422 882 2450 Gr.
904 2419 951 2449 ed.
973 2419 1131 2448 schaefer.
1151 2426 1223 2455 pag.
1246 2420 1314 2449 187.
1333 2420 1443 2455 fragm.
1463 2422 1502 2450 11.
1524 2420 1616 2457 (pag.

182 2468 254 2497 103.
280 2468 328 2496 ed.
356 2466 517 2501 Teuc-nn.)
553 2453 649 2496 οἶνος
673 2456 714 2491 δὲ
737 2462 903 2501 θνητοῖσι
926 2481 976 2492 ...
1000 2455 1090 2503 ὑπὲρ
1115 2460 1250 2503 μέτρον
1282 2457 1322 2492 δὲ
1340 2461 1507 2502 χερείων.
1552 2467 1617 2496 sed

181 2505 264 2535 inter
285 2505 418 2540 primum
438 2507 470 2533 et
490 2506 683 2537 postremum
702 2505 812 2532 horum
834 2510 984 2532 versuum
1004 2502 1161 2532 intersunt
1180 2508 1245 2533 tres
1265 2503 1332 2532 alii.
1370 2506 1483 2533 FAESI.

258 2554 304 2593 τ)
325 2554 465 2582 Hermol.
479 2553 573 2581 Barb.
591 2551 710 2586 castig.
727 2551 760 2580 in
774 2552 856 2581 Plin.
873 2552 954 2580 XIV.
971 2552 1000 2579 5.
1022 2551 1168 2579 Politian.
1189 2551 1322 2580 Miscell.
1340 2557 1409 2586 cap.
1426 2552 1475 2580 71.
1503 2553 1615 2583 Fansr.

258 2601 331 2641 †·'s)
353 2602 409 2630 Od.
430 2601 459 2630 4.
480 2608 510 2629 v.
532 2600 573 2629 69
593 2607 660 2635 sqq.
700 2602 735 2628 In
755 2600 828 2628 aliis
848 2600 935 2628 editt.
955 2599 1071 2633 legitur
1094 2600 1211 2634 ques,
1232 2599 1264 2627 in
1283 2599 1356 2627 aliis
1380 2600 1482 2636 Gyas,·
1504 2601 1617 2630 deinde

183 2642 403 2670 sententiarum
422 2640 512 2667 notus
533 2638 633 2666 iunxit
654 2640 797 2667 Muretus
817 2646 885 2666 cum
906 2638 1074 2673 Laxnhino,
1104 2637 1241 2672 cruquio
1262 2640 1293 2665 et
1314 2638 1493 2675 Torrentio,
1516 2640 1616 2666 Bent-

182 2679 266 2707 leius
295 2681 368 2712 post
391 2677 608 2705 sententiarum
636 2676 793 2704 distinxit:
824 2677 1057 2708 sententiarum,
1088 2676 1177 2702 notus
1203 2676 1235 2702 et
1251 2676 1387 2710 inteqrae
1405 2678 1464 2704 cet.
1503 2677 1617 2705 'rotam

184 2720 289 2745 autem
310 2718 390 2743 itanc
410 2715 588 2748 stropham,
618 2716 727 2748 utpote
752 2713 933 2747 insititiam,
963 2713 1147 2740 efficiendam
1178 2720 1248 2741 esse
1276 2715 1384 2740 censet
1405 2715 1615 2742 Buttmannus

182 2754 314 2820 {lys-imi.
336 2754 463 2819 νοῐὲόἒ.
485 2758 554 2787 pag.
574 2751 636 2781 364
656 2758 724 2786 sqq.
755 2758 847 2785 quem
873 2758 973 2785 nuper
1000 2754 1130 2779 secutus
1156 2752 1205 2779 est
1230 2750 1392 2779 XVeberus
1411 2751 1504 2786 corp.
1524 2752 1616 2780 Poet.

211 2798 230 2819 a
246 2799 285 2819 in.
307 2797 377 2826 pag.
462 2812 468 2818 .

241 2837 359 2906 finili-J
381 2838 476 2868 Trist.
495 2838 549 2868 lv.
563 2837 592 2877 7,
609 2836 658 2866 17.
691 2838 727 2866 In
747 2836 796 2866 ed.
817 2844 864 2871 pr.
884 2835 969 2865 dedit
985 2837 1128 2865 Muretus
1148 2836 1356 2865 Centimanum
1373 2837 1477 2873 nyen
1496 2835 1616 2867 omissa

182 2883 237 2912 par
255 2884 303 2905 icu
320 2884 339 2904 a
359 2883 425 2911 que.
