1778 3096
149 1655 213 1685 414

243 148 328 192 394
811 150 939 190 VAR.
972 148 1125 191 LECT.

246 259 441 298 dissimilia
480 259 678 311 copulare:
723 257 791 297 sed
828 268 950 298 tamen
993 259 1139 312 quando
1179 260 1225 300 de
1268 262 1446 314 epithetis
1486 275 1507 301 e
1544 262 1689 303 Graeco

245 315 351 354 fonte
382 315 502 353 ductis
536 328 651 364 agere
679 328 893 366 coeperam,
926 315 1046 354 dicam
1076 315 1172 368 quod
1202 330 1298 356 nunc
1330 319 1367 355 in
1400 326 1561 357 mentem
1586 321 1690 358 venit

246 370 472 422 epithetum,
510 382 581 420 quo
620 383 781 408 summus
820 371 1041 410 Latinorum
1080 374 1268 423 poetarum
1305 374 1420 412 afficit
1459 373 1596 413 undam
1631 375 1688 412 in-

245 427 432 470 ferorum,
486 438 568 462 cum
603 438 684 464 eam
727 428 1000 465 z’ttemeabzlem
1039 425 1276 476 vocavit*),
1327 429 1445 480 ipsum
1484 442 1629 481 quoque
1665 443 1689 469 a

245 481 407 520 Graecis
433 481 601 519 fluxisse.
664 481 730 519 Sic
759 483 856 520 enim
889 491 926 521 et
954 479 1288 534 Theocritus**):

458 554 685 611 Ἀγγείλειεν
717 558 802 610 ἐμοί
827 575 883 607 τις
912 556 1094 609 ἀνέξοδον
1122 559 1176 607 εἷς
1198 557 1411 614 Ἀχέροντα,

243 642 283 674 et
311 634 408 674 hane
435 649 545 674 unam
576 649 704 676 vocem
735 637 902 676 Catullus
932 651 1042 677 versu
1073 639 1222 689 integro
1251 639 1437 691 expressit
1449 636 1570 692 ***),

466 716 586 763 Illuc,
618 715 717 754 unde
743 722 890 766 negant
915 717 1042 754 redire
1072 728 1304 768 quemquam.

746 859 1038 900 CAPUT
1093 861 1179 900 111.

240 938 422 977 Avaritia
450 944 488 976 et
515 936 669 977 ambitio
698 939 1064 990 rerumpublicarum
1094 947 1236 991 pestes.
1297 940 1475 978 Sallustii
1502 951 1617 991 super
1641 950 1687 977 ea

621 1006 665 1031 re
696 995 799 1032 locus
829 996 1052 1033 Catz'le'narz'i
1075 998 1303 1046 castigatus.

241 1071 488 1130 SAPIENTER
525 1092 723 1132 Sallustius
764 1093 942 1132 malorum
980 1095 1166 1141 omnium,
1208 1094 1340 1146 quibus
1371 1093 1583 1146 respublica
1606 1092 1687 1132 Ro-

239 1161 349 1187 mana
379 1150 591 1187 conflictata
621 1156 696 1196 est,
721 1148 812 1187 duos
845 1151 949 1201 quasi
980 1151 1104 1188 fontes
1133 1151 1252 1188 fuisse
1281 1150 1426 1196 scribit,
1450 1150 1687 1188 ambitionem

240 1210 280 1242 et
308 1205 524 1244 avaritiam.
575 1205 672 1243 Sunt
699 1206 797 1243 enim
827 1204 922 1244 duae
951 1205 1035 1243 illae
1058 1207 1247 1244 civitatum
1279 1208 1502 1257 praecipuae
1533 1211 1682 1256 pestes:

239 1272 323 1297 cum
354 1260 455 1298 cives
484 1260 584 1297 inter
613 1273 654 1298 se
686 1261 936 1306 committant,
970 1261 1170 1312 tollantque
1200 1261 1461 1307 concordiam,
1496 1273 1567 1311 qua
1595 1260 1686 1298 civi-

238 1321 354 1352 tatum
385 1315 484 1352 salus
514 1315 742 1354 continetur.
804 1315 908 1353 ldem
940 1323 1064 1353 autem
1101 1324 1189 1354 ante
1228 1317 1329 1354 illum
1362 1315 1509 1355 dixerat
1542 1316 1687 1380 gravis-

238 1370 353 1407 simus
391 1371 554 1420 scriptor
583 1369 826 1422 Thucydides
866 1371 923 1408 his
961 1371 1086 1409 verbis
1102 1371 1178 1423 †),
1227 1369 1382 1411 πάντων
1419 1370 1459 1410 δὲ
1497 1368 1625 1410 αὐτῶν
1658 1366 1686 1421 ἦ

238 1421 334 1477 ἇρχη
364 1422 427 1464 διὰ
455 1425 676 1472 πλεονεξίαν
706 1423 733 1477 ἢ
762 1425 992 1476 φιλοτιμίαν.
1049 1426 1278 1464 Aristoteles
1309 1439 1454 1477 quoque
1486 1427 1523 1464 in
1552 1425 1686 1463 Politi-

239 1482 296 1518 cis
319 1479 402 1532 ††)
449 1482 629 1517 maximas
670 1488 708 1518 et
754 1481 1091 1531 perniciosissimas
1133 1483 1394 1520 contentiones
1435 1495 1483 1520 ex
1529 1481 1685 1519 honoris

238 1542 304 1573 aut
340 1536 523 1586 pecuniae
559 1534 682 1573 studio
717 1536 770 1572 ait
802 1536 981 1573 existere.
1043 1532 1121 1574 Διὰ
1149 1535 1306 1588 κέοδος,
1346 1537 1487 1586 inquit,
1525 1535 1592 1576 καὶ
1621 1532 1688 1575 διὰ

238 1587 352 1641 τιμὴν
375 1587 656 1642 παροξυνονται
672 1587 770 1643 πρὸς
792 1587 987 1642 ἀλλήλους.
1016 1590 1165 1629 Citatur
1188 1599 1225 1630 et
1246 1592 1453 1630 versiculus
1474 1605 1495 1630 a
1509 1591 1683 1637 Graecis,

238 1646 475 1698 Theognidis
511 1661 557 1684 an
587 1646 737 1684 Solonis
755 1645 896 1699 †††),
937 1647 998 1698 qui
1024 1646 1181 1685 eandem
1219 1648 1441 1685 sententiam
1470 1647 1685 1698 complecti-

237 1709 321 1749 tur,
367 1716 438 1754 qua
468 1702 520 1740 ibi
555 1703 669 1740 utitur
698 1702 922 1749 Sallustius,
967 1715 1050 1741 cum
1078 1703 1132 1741 ait
1160 1704 1354 1742 avaritiam
1387 1703 1512 1742 omnia
1541 1702 1687 1742 venalia

237 1758 395 1797 habere.
454 1757 528 1795 Est
557 1765 680 1796 autem
710 1758 788 1804 hic,

406 1832 624 1889 Πιπράσκει
653 1832 743 1875 δὀ
733 1831 745 1846 “
772 1831 892 1882 κακὸς
919 1831 1044 1875 πάντα
1070 1832 1170 1889 πρὸς
1198 1831 1391 1889 ἀργύριον.

238 1913 400 1966 Sapiens
431 1921 553 1951 autem
585 1913 648 1951 ille
677 1912 878 1950 Hebraeus
906 1911 1048 1977 ait-⁴4),
1089 1914 1191 1951 avari
1224 1914 1334 1952 etiam
1371 1913 1529 1952 animam
1567 1913 1685 1964 ipsam

236 1982 323 2008 esse
353 1970 545 2007 venalem.
576 1965 835 2036 φιλαργύρου,
865 1970 1007 2020 inquit,
1041 1966 1154 2009 οὐδὲν
1183 1965 1442 2021 ἆνομωτερον·
1480 1962 1593 2015 οὗτος
1614 1965 1685 2021 γὰρ

235 2024 303 2065 καὶ
337 2022 407 2075 τὴν
446 2025 585 2063 ἑαυτοῦ
613 2022 746 2076 ψυχην
781 2023 992 2077 ε’κπρακτον
1024 2029 1137 2065 ποιεῖ.
1196 2024 1273 2063 Sed
1302 2032 1498 2076 antequam
1539 2037 1684 2061 manum

237 2080 283 2119 de
324 2080 448 2118 tabula
487 2081 634 2125 tollam,
677 2081 768 2118 libet
806 2081 1047 2119 considerare
1088 2082 1207 2118 locum
1239 2093 1286 2118 ex
1322 2081 1384 2118 illa
1425 2080 1607 2118 scelerata
1641 2092 1685 2117 ac

236 2136 419 2188 pestifera
450 2136 634 2180 oratione,
667 2149 737 2186 qua
767 2135 928 2173 Catilina
958 2149 1045 2174 suos
1071 2135 1118 2173 ad
1148 2134 1413 2173 coniuiandum
1444 2135 1683 2181 cohortatum,

237 2193 277 2229 in
308 2204 379 2242 quo
409 2191 525 2228 latere
556 2188 679 2227 mmdi
709 2190 848 2254 aliquid
876 2192 1012 2230 sentio.
1073 2191 1204 2230 Verba
1236 2191 1337 2228 illius
1364 2190 1457 2227 haec
1487 2196 1571 2227 sunt
1585 2187 1682 2241 *2²3-

237 2249 337 2287 Nam
352 2253 552 2298 postquam
581 2247 794 2296 respublica
825 2247 863 2284 iu
888 2259 1099 2296 pauentum
1126 2247 1332 2296 potentium
1358 2259 1417 2283 ηις
1435 2252 1547 2296 atque
1574 2245 1686 2283 dism-

238 2316 322 2341 nem
359 2303 568 2348 concessit,
610 2314 756 2352 semper
791 2302 866 2339 illt's
903 2315 1039 2351 reges,
1081 2303 1301 2340 tetrarchae
1339 2302 1545 2351 vectigales
1579 2313 1683 2338 esse.-

233 2359 389 2409 populz‘,
421 2359 595 2396 nationes
621 2357 808 2408 stipendia
830 2358 1022 2408 pendere.-
1062 2358 1188 2396 cetere·
1212 2370 1340 2395 omues
1370 2357 1539 2402 streuui,
1581 2356 1683 2402 bom',

314 2492 358 2526 ³1³)
379 2490 534 2524 Virgilius
554 2489 689 2519 Aeneid.
710 2490 763 2519 VI.
783 2489 856 2519 425.

314 2538 384 2573 Ξὶι-ἰίε)
405 2539 499 2572 ldyll.
519 2539 586 2566 ΧΠ.
611 2538 659 2568 19.

355 2586 409 2622 “f—²⁴)
431 2587 609 2616 Carm.111
633 2588 682 2616 12.

316 2602 362 2677 {t}
382 2638 589 2672 lit›.111.can.
605 2641 656 2668 82.
689 2637 883 2674 Thucydidis
903 2638 1004 2666 verba
1021 2636 1068 2666 sic
1086 2637 1222 2672 legenda
1236 2639 1326 2669 sunt:
1347 2630 1496 2668 πάντων
1511 2630 1543 2666 δ’
1565 2629 1685 2666 αὐτῶν

241 2682 359 2714 αἴτιον
384 2678 477 2723 ἀοχὴ
500 2675 521 2721 ἡ
547 2678 610 2714 διὰ
637 2681 851 2719 πλεονεξίαν
874 2680 936 2713 καὶ
961 2679 1189 2725 ([ιλοτιιιίαν.

316 2735 390 2774 Ti‘)
411 2736 464 2764 lib.
484 2736 521 2764 V.
543 2743 611 2771 cap.
632 2737 661 2766 2.

316 2782 418 2822 'l‘i‘TJ
439 2784 470 2812 A
491 2785 671 2814 scholiasta
691 2782 885 2820 Thucydidis
905 2783 946 2812 ad
965 2783 1018 2812 lib.
1038 2784 1105 2812 Vll.
1127 2790 1194 2817 ean.
1215 2783 1266 2812 57.
1306 2781 1502 2812 Callimacho
1527 2780 1682 2810 tribuitur.

317 2832 361 2867 *J
384 2832 517 2861 Siracid.
534 2840 603 2868 cap.
619 2834 657 2862 X.
675 2841 706 2862 ν.
720 2833 750 2862 9.
771 2832 949 2862 Alexandr.
979 2834 1014 2861 ln
1035 2832 1109 2861 edit.
1125 2833 1216 2861 Rom.
1236 2831 1288 2860 hic
1304 2838 1419 2861 versus
1438 2831 1539 2860 deest.
1570 2832 1681 2859 FAESI.

318 2881 387 2916 *iv-³³]
407 2882 469 2917 Ap.
490 2883 624 2912 Sallust.
645 2883 714 2914 Cat.
734 2889 804 2918 cap.
823 2882 874 2912 20.
895 2882 926 2918 ὅ.
945 2881 977 2911 5.
