1726 3106
565 116 661 155 LIB.
694 116 747 157 X.
809 115 927 156 CAP.
960 111 1030 155 111.
1437 117 1520 158 215

83 226 241 264 Octavio
255 224 324 279 Ὦς
360 227 545 265 Caecilius
567 227 772 264 simulacro
791 227 989 276 Serapide}-
1016 228 1208 273 denotato,
1235 233 1278 264 ut
1299 227 1432 276 vulgus
1455 240 1517 264 su-

75 284 316 332 perstz'le'osus
346 282 464 327 solet,
504 295 650 318 mmmm
692 282 753 318 ori
783 283 980 319 admovens
1017 283 1181 319 osculum
1214 281 1325 319 labiis
1357 284 1513 331 pressit.

80 336 164 382 Quo
200 337 313 386 igitur
352 343 457 385 gestu
495 336 544 372 illi
577 336 648 373 diis
679 337 755 373 suis
787 336 963 373 honorem
997 337 1246 382 exhibebant,
1289 335 1419 373 eodem
1449 349 1516 374 nos

80 392 189 429 hodie
218 392 255 428 in
285 391 494 441 potentibus
521 404 565 428 ac
597 392 794 429 fortunatis
825 391 1034 428 homiuibus
1066 391 1231 429 colendis
1261 392 1413 429 utimur.

590 520 876 560 CAPUT
932 522 994 559 ΙΙ.

81 598 183 635 Unde
219 599 417 648 sumpsisse
455 599 630 636 videnlur
663 600 834 645 Ovidius,
875 599 976 649 qnod
1011 599 1048 636 in
1078 599 1235 636 oraculo
1266 607 1407 638 terram
1438 612 1516 638 ma-

362 660 479 700 trem,
511 655 655 704 lapides
686 661 809 692 autem
837 667 922 692 ossa
948 655 1050 691 illius
1077 656 1238 694 vocavit.

76 730 320 788 SAPIENTER
356 752 625 804 interpretatur
657 752 865 791 Ovidianus
900 749 1171 805 Deucalio**)
1210 758 1350 790 sortem
1382 752 1452 790 sibi
1493 764 1516 790 a

75 806 260 844 Themide
292 806 433 853 datam,
470 810 687 859 quaerenti,
731 821 800 858 qua
829 815 910 846 arte
937 821 1056 858 genus
1085 807 1282 845 humanum
1311 808 1416 858 aquis
1450 821 1515 845 ex-

76 862 231 898 tinctum
275 875 452 912 reparare
483 871 637 913 posset:
684 864 743 915 qui
774 865 928 910 iussus,
972 876 1059 900 ossa
1092 876 1245 913 magnae
1274 863 1403 900 matris
1432 868 1516 914 post

77 923 220 966 tergum
261 917 416 964 iacere,
458 920 585 956 matris
626 920 773 957 nomine
812 926 948 956 terram
980 918 1187 964 intellexit,
1229 919 1333 955 cuius
1362 918 1399 955 in
1431 930 1518 955 cor«-

75 981 167 1022 pore
206 985 292 1010 ossa
333 973 474 1023 lapides
517 982 754 1013 vocarentur.
814 973 939 1025 Atque
971 972 1144 1024 equidem
1177 974 1372 1018 existimo,
1411 973 1516 1022 inge-

76 1027 325 1065 niosissimum
354 1031 499 1078 poetam
517 1027 617 1080 ἢῆ
649 1030 685 1066 in
715 1030 779 1066 illo
809 1042 993 1078 responso
1024 1028 1286 1078 confingendo,
1318 1027 1412 1078 quod
1440 1035 1516 1065 ter-

76 1094 155 1118 rain
185 1082 332 1132 quidem
363 1091 516 1121 matrem
544 1085 712 1129 vocavit,
754 1085 957 1135 sumpsisse
991 1097 1038 1121 ex
1070 1084 1227 1121 historia
1258 1083 1427 1121 Romana
1443 1082 1512 1135 †)‚

75 1136 164 1182 ubi,
203 1150 285 1174 cum
320 1139 438 1189 regiis
465 1138 767 1177 adolescentibus
798 1152 1016 1190 responsum
1054 1145 1184 1184 esset,
1225 1151 1307 1175 eum
1340 1145 1516 1188 regnatu-

75 1204 155 1229 rum
185 1191 356 1239 Romae,
399 1194 460 1243 qui
491 1195 630 1244 primus
662 1195 769 1231 matri
800 1194 964 1231 osculum
995 1194 1164 1237 tulisset,
1194 1192 1333 1230 Brutus
1366 1193 1422 1238 is,
1454 1192 1517 1242 qui

73 1260 185 1296 reges
213 1248 364 1297 exegit,
397 1261 417 1285 e
449 1249 531 1285 navi
562 1250 692 1286 exiens
722 1249 893 1286 simulato
921 1262 1011 1285 casu
1042 1255 1178 1285 terram
1210 1248 1398 1285 osculatus
1429 1259 1517 1284 esse

73 1301 235 1339 dicitur:
274 1302 371 1353 quod
402 1310 522 1340 autem
556 1305 726 1353 lapides,
768 1310 897 1341 terrae
928 1316 1039 1348 ossa,
1081 1309 1247 1340 secutum
1280 1315 1364 1340 esse
1390 1309 1518 1339 aucto-

73 1358 219 1395 ritatem
256 1358 396 1395 veteris
437 1359 596 1409 tragici,
643 1359 703 1409 qui
743 1365 780 1396 et
817 1359 898 1409 ipse
928 1358 1010 1395 illos
1037 1357 1169 1395 eodem
1199 1359 1348 1395 nomine
1378 1358 1517 1395 affece-

72 1419 145 1452 rat.
206 1411 380 1451 Citantur
408 1415 506 1451 enim
538 1414 631 1451 haee
659 1428 681 1452 a
710 1420 839 1451 vetere
870 1412 1124 1451 Grammatico
1140 1412 1253 1466 *101-):

405 1493 485 1542 Γῆς
513 1488 701 1530 ὂστεοῖσιν
729 1489 980 1544 ε’γχριμφθεὶς
1006 1486 1123 1537 πόδα,

72 1566 120 1606 de
145 1580 207 1613 ee,
241 1568 303 1618 qui
332 1566 378 1605 ad
407 1567 564 1619 lapidem
594 1567 830 1605 offendisset.
891 1567 956 1604 Sic
981 1574 1104 1604 autem
1134 1573 1172 1604 et
1196 1566 1415 1615 sanguinem
1440 1571 1517 1603 ter-

73 1636 141 1661 rae
160 1624 384 1660 Aristoteles
414 1624 450 1660 in
480 1622 633 1675 quadam
666 1622 712 1660 ad
740 1622 994 1660 Alexandrum
1026 1622 1181 1673 epistola
1211 1623 1334 1659 vinum
1358 1633 1516 1659 vocasse

72 1677 224 1716 dicitur.
287 1678 337 1716 Et
366 1679 475 1728 vulgo
504 1692 616 1716 venas
640 1679 677 1716 z'a
709 1684 815 1716 terra
846 1676 1014 1723 dicimus,
1047 1684 1111 1714 aut
1139 1676 1271 1727 quibus
1302 1689 1397 1727 aqua
1427 1689 1518 1713 con-

71 1734 175 1771 clusa
202 1735 314 1779 latet,
347 1741 411 1772 aut
444 1746 465 1772 e
494 1734 625 1785 quibus
654 1733 802 1771 metalla
831 1739 1025 1770 eruuntur.

574 1873 859 1914 CAPUT
922 1874 1007 1913 111.
1539 1876 1602 1907 226

74 1955 232 1992 Versum
279 1953 462 2005 quendam
503 1966 552 1991 ese
586 1954 752 2003 Odyssea
792 1954 907 1991 multo
939 1952 1053 1989 aliter
1090 1963 1114 1988 a
1148 1949 1340 1988 nonnullis
1375 1949 1512 1999 accipi,

414 2021 523 2061 quam
553 2015 596 2047 υτ
627 2009 675 2047 ab
702 2011 862 2047 Horatio
891 2014 1069 2057 acceptus
1096 2012 1166 2044 est.

71 2087 179 2202 §01³1
214 2116 274 2147 est
317 2107 493 2155 dubium,
529 2108 616 2159 quin
645 2107 828 2146 Horatius
865 2107 904 2144 in
945 2105 1105 2158 epistola
1140 2103 1186 2143 ad
1221 2103 1380 2155 Lollium
1396 2100 1512 2155 {wi-1)

72 2178 84 2201 1
114 2178 135 2202 o
165 2177 293 2211 versu,

145 2317 189 2352 ἕξ)
209 2324 280 2352 cap.
299 2317 329 2347 2.
350 2317 381 2353 g.
401 2316 431 2346 5.

147 2364 213 2401 Μ’)
234 2366 442 2400 metamorph.
462 2365 486 2394 1.
505 2364 567 2393 383
586 2371 656 2399 sqq.

145 2413 237 2449 *ἐζ-ὕ)
258 2414 312 2443 Sic
331 2414 510 2449 appellatur
530 2419 550 2441 a
571 2414 692 2441 Seneca
712 2412 840 2447 Quaest.
860 2412 969 2439 Natur.
990 2407 1044 2437 lib.
1064 2408 1118 2436 111.
1139 2413 1208 2442 cap.
1229 2406 1279 2435 27.

146 2460 191 2500 †]
220 2462 301 2491 Vide
328 2461 455 2490 Livium
484 2463 507 2489 1.
533 2461 584 2489 56.
642 2460 704 2489 Sed
734 2462 794 2488 hoc
821 2459 989 2487 admodum
1015 2457 1122 2522 ῐὲίῖῐὸυη
1136 2457 1229 2521 1⁴erat.
1278 2453 1349 2484 Vid.
1378 2451 1512 2483 Aristot.

72 2499 187 2528 oecon.
206 2507 274 2535 cap.
295 2501 323 2528 2.
345 2503 377 2528 et
397 2502 478 2528 Mur.
499 2498 626 2527 Scholia
646 2499 722 2533 opp.
746 2499 834 2525 Tam.
855 2498 909 2525 111.
931 2501 1001 2530 pag.
1089 2515 1096 2521 .
1150 2495 1248 2522 ‘AESL

146 2546 219 2586 ’ξ’-ἲ)
240 2549 329 2576 Hunc
348 2555 477 2576 versum
497 2546 566 2574 sine
586 2546 725 2574 auctoris
744 2545 870 2573 nomine
889 2544 1000 2571 laudat
1019 2544 1166 2571 Eustath.
1186 2541 1226 2570 ad
1245 2542 1282 2584 1⁸1.
1299 2541 1335 2568 B.
1353 2544 1424 2573 pag.
1438 2536 1512 2565 309.

71 2585 134 2614 Sed
155 2587 316 2613 auctorem
336 2585 516 2615 Choerilum
537 2584 600 2613 edit
620 2585 757 2612 Tzetzes
779 2585 846 2612 MS.
867 2581 957 2610 cuius
977 2583 1081 2609 locum
1102 2580 1141 2607 ad
1163 2580 1340 2620 Longinum
1361 2582 1431 2610 pag.
1452 2575 1513 2602 135

73 2623 163 2658 [pag.
191 2624 261 2651 236.
290 2623 338 2650 ed.
367 2622 526 2657 VVeisk.].
553 2622 727 2651 attulimus,
775 2622 924 2649 Ceterum
950 2626 1013 2646 non
1041 2618 1239 2660 Aristoteles
1274 2621 1379 2642 Vinum
1407 2614 1513 2651 terrae

69 2663 248 2697 sunyuinem
268 2660 358 2696 dixit,
380 2661 437 2689 sed
457 2661 666 2694 Androcydes
687 2658 770 2694 apud
790 2658 927 2686 Plinium
948 2658 985 2684 H.
1007 2657 1044 2683 N.
1065 2656 1120 2683 lib.
1141 2655 1222 2682 x1v.
1244 2659 1312 2686 cap.
1334 2652 1363 2679 5.
1384 2652 1461 2680 sect.
1483 2649 1512 2677 7.

70 2704 102 2739 5.
125 2706 175 2732 58.
202 2705 240 2732 D.
261 2705 298 2732 R.
320 2718 356 2723 —
395 2704 484 2733 Cotr.
505 2698 694 2730 ὀστέοισιν.
741 2703 811 2731 Vid.
840 2700 982 2731 Choerili
1003 2698 1103 2727 Samii
1131 2705 1215 2732 quae
1240 2698 1411 2740 supersunt
1439 2698 1511 2725 coll.

71 2742 170 2770 etin.
191 2743 225 2770 F.
246 2742 366 2769 Naeke.
394 2741 481 2776 Lips.
510 2743 600 2771 1817.
630 2748 702 2776 pag.
724 2741 784 2769 189
804 2748 851 2774 sq.
879 2739 933 2774 qui
959 2740 1039 2765 haec
1065 2736 1165 2764 verba
1194 2741 1256 2762 non
1284 2735 1429 2762 cuoenio
1450 2737 1512 2763 Sa-

68 2780 131 2808 mio
152 2786 254 2813 neque
275 2778 423 2808 Choerilo
444 2779 581 2818 tragico,
602 2779 660 2809 sed
679 2778 798 2808 comico
819 2776 914 2807 alicui
933 2774 1100 2804 tribuenda
1120 2775 1240 2801 censet.
1279 2774 1392 2803 Fami.

138 2826 249 2866 .†††)
270 2829 293 2856 1.
315 2827 353 2865 2,
376 2828 426 2858 21.
