1778 3096
478 161 576 203 LIB.
608 161 722 201 ΧΙΧ.
782 159 901 200 CAP.
931 159 1044 199 XXI.
1270 172 1273 174 ·
1401 154 1483 198 473

49 281 130 312 rata
158 281 252 313 erat.
310 273 408 311 Nam
441 271 532 311 illud
570 283 739 324 quoque,
777 272 946 309 voluistis
977 282 1056 307 esse
1088 268 1362 313 mandandum,
1402 268 1483 306 ille-

48 329 134 380 pide
169 337 207 367 et
234 329 469 379 ineleganter
506 328 708 366 diceretur.
767 324 854 363 Erit
890 325 1005 375 igitur
1034 324 1153 362 simile
1184 324 1258 369 illi,
1300 321 1396 373 quod
1426 330 1485 360 est

50 385 117 421 sub
138 385 357 435 principium
387 383 566 421 orationis
589 396 656 433 pro
677 381 818 418 Balbo.
851 380 1109 418 Auctorz'tatzs
1139 385 1280 424 tantae,
1307 384 1484 428 quantam

49 453 113 477 vos
147 441 184 477 in
221 452 277 477 me
315 452 395 476 esse
430 440 611 476 voluistis.
670 435 788 473 Paulo
828 442 911 486 post
943 442 1092 480 autem,
1136 433 1200 470 ubi
1238 432 1284 471 de
1312 432 1485 483 Pompeii

48 492 217 531 laudibus
248 493 375 531 dicere
405 489 641 544 ingreditur
641 488 701 542 '),
741 491 883 535 Hums,
917 489 1060 540 inquit,
1089 490 1273 526 orationis
1299 487 1487 538 dgffiezl'ms

49 556 107 586 est
141 550 281 586 emtum
321 562 429 599 quam
467 547 694 599 pte'tzez'pmm
732 546 1065 606 2·nvem'1·e.-quae
1113 544 1298 580 sententia
1339 556 1486 594 semper

49 603 138 640 mihi
167 604 246 641 visa
271 611 328 641 est
358 603 476 641 efficta
504 615 551 639 ex
575 601 714 651 Lysia·
746 600 807 651 qui
836 599 1020 649 principio
1050 598 1130 636 eius
1151 599 1344 644 orationis,
1377 612 1485 649 quam

48 658 176 695 habuit
221 657 398 696 adversus
441 656 757 700 Eratosthenem,
808 655 869 705 qui
913 667 1007 691 unus
1053 666 1074 691 e
1112 654 1266 703 triginta
1317 655 1487 711 tyrannis

49 713 196 759 fuerat,
237 714 287 751 ita
323 713 471 751 scribit:
525 709 608 750 Οὐκ
646 706 839 777 ἄρξασθαί
873 724 938 775 μοι
974 709 1084 747 δοκεῖ
1115 704 1261 761 εἷποοον
1297 712 1415 759 εἶναι,
1455 710 1486 749 ὦ

48 764 183 821 ἄνδρες
210 767 402 818 δικασταὶ,
429 770 498 819 τῆς
523 765 775 819 κατηγορίας,
805 760 900 803 ἀλλὰ
927 760 1156 804 παύσασθαι
1181 762 1337 817 λέγοντι.

530 885 561 926 C
591 885 630 925 A
657 886 691 924 P
719 886 755 924 U
782 885 816 924 T
872 884 1001 923 XXI.

115 966 375 1017 Xenophonte&
400 967 518 1004 locum
546 966 584 1004 z‘n
616 966 712 1016 Cyri
735 964 877 1003 Paedia
890 960 964 1016 aas)
998 963 1167 1001 imitatus
1195 964 1417 1004 Sallustius.

48 1041 340 1103 UTILISSIMUM
374 1072 613 1117 praeceptum
650 1071 710 1102 est
750 1061 1072 1108 adolescentibus,
1120 1063 1182 1114 qui
1223 1075 1407 1101 exercere
1447 1074 1488 1101 se

47 1132 131 1157 cum
169 1121 384 1171 aequalibus
422 1122 500 1158 suis
539 1121 664 1158 volunt
699 1118 746 1157 ad
777 1119 987 1156 facultatem
1019 1118 1176 1169 aliquam
1208 1118 1348 1155 firmius
1388 1132 1491 1156 eon]-

46 1175 263 1226 parandam,
295 1189 342 1213 ne
372 1189 437 1214 eos
462 1177 691 1227 potissimum
723 1173 901 1224 deligant,
930 1173 1060 1224 quibus
1090 1186 1132 1211 se
1163 1174 1376 1224 superiores
1403 1186 1490 1211 esse

47 1238 298 1279 cognoscunt:
342 1230 408 1269 sed
444 1244 514 1281 quo
552 1232 706 1281 quisque
743 1231 901 1267 maxime
943 1228 1118 1274 excellit,
1160 1241 1205 1265 eo
1239 1228 1339 1264 illum
1375 1228 1492 1278 potis-

47 1285 140 1321 sime
157 1283 258 1337 *ἢῆ
296 1293 523 1336 provocent:
568 1287 687 1330 lucta,
729 1286 843 1330 saltu,
882 1296 995 1320 cursu
1031 1296 1113 1320 eum
1151 1284 1206 1320 eis
1242 1282 1489 1330 contendant,

47 1340 108 1391 qui
138 1339 268 1377 horum
292 1340 461 1391 quodque
492 1341 626 1391 optime
658 1340 784 1377 faeere
815 1344 1003 1389 putentur.
1049 1336 1141 1375 Illud
1173 1338 1268 1374 enim
1298 1344 1492 1376 ostentare

47 1407 88 1432 se
119 1396 345 1445 cupientium
376 1403 455 1433 est:
496 1396 565 1433 hoe
597 1408 749 1439 eorum,
790 1394 849 1444 qui
877 1391 1055 1444 progredi
1085 1391 1250 1443 quotidie
1278 1392 1426 1443 longius
1454 1400 1493 1431 et

47 1451 258 1500 semetipsis
296 1451 471 1489 meliores
514 1451 596 1488 fieri
636 1449 821 1487 studeant.
882 1449 1011 1498 ltaque
1043 1447 1192 1499 CyruS,
1236 1454 1275 1484 ut
1307 1455 1364 1485 est
1394 1447 1492 1498 apud

46 1504 334 1557 Xenophontem
352 1505 427 1558 †),
470 1519 552 1543 cum
593 1507 691 1543 inter
719 1503 857 1542 Medos
893 1504 965 1540 iam
998 1503 1106 1554 paulo
1137 1501 1316 1552 grandior
1356 1502 1493 1541 eduea-

48 1567 169 1606 retur,
203 1575 274 1598 non
306 1562 368 1607 iis,
398 1574 492 1612 quae
523 1560 618 1612 apud
648 1560 786 1597 Persas
814 1558 1011 1603 didicerat,
1044 1557 1110 1595 sed
1141 1558 1204 1604 iis,
1235 1570 1328 1609 quae
1357 1559 1492 1596 melius

47 1616 84 1652 in
114 1615 245 1654 Media
275 1616 533 1679 discerentur,
571 1614 770 1653 Medorum
800 1626 935 1665 pueros
965 1613 1205 1664 provocabat.
1264 1612 1400 1664 Neque
1430 1627 1493 1652 re-

47 1671 223 1717 cusabat,
266 1684 337 1722 quo
369 1672 487 1708 minus
516 1670 562 1708 ad
597 1678 741 1721 tempus
770 1670 815 1707 ab
846 1669 901 1707 eis
931 1669 1146 1706 vinceretur
1173 1669 1304 1718 eisque
1333 1668 1492 1707 ridiculo

48 1733 170 1772 esset,
217 1725 299 1764 dum
334 1740 380 1764 eo
416 1727 586 1778 paulatim
629 1726 866 1777 perveniret,
910 1731 951 1761 ut
987 1725 1032 1761 iis
1070 1724 1163 1775 ipsis
1205 1724 1291 1761 illos
1329 1724 1490 1771 artibus,

48 1781 179 1832 quibus
209 1783 419 1832 pollebant,
451 1789 514 1819 aut
542 1780 769 1831 adaequaret
797 1787 860 1817 aut
883 1780 992 1816 etiam
1023 1780 1199 1817 anteiret.
1260 1778 1344 1826 Qua
1373 1778 1420 1817 de
1449 1792 1492 1818 re

47 1838 163 1874 verba
193 1837 455 1905 Xenophontis
485 1837 578 1874 haec
611 1843 718 1874 sunt:
761 1834 840 1874 Καὶ
867 1831 939 1887 γὰο
980 1832 1053 1873 όσα
1082 1834 1366 1900 διαγωνίζονται
1402 1838 1494 1874 πολ-

46 1888 157 1938 λακις
191 1890 319 1943 ήλικες
355 1889 453 1960 πρὸς
492 1888 699 1958 ἇλληλους,
742 1905 811 1941 ουχ
845 1886 870 1928 ἃ
907 1889 1091 1944 κρείσσων
1127 1887 1213 1956 ῄδει
1252 1886 1328 1938 ὢν,
1371 1893 1493 1930 ταῦτα

46 1944 296 1999 προύκαλεῖτο
320 1945 411 1994 τοὺς
439 1945 635 1996 ξυνόντας,
660 1942 738 1985 ἀλλ’
764 1960 860 1997 απερ
883 1945 924 1984 εὖ
951 1942 1079 2011 ᾐδει
1062 1941 1198 1984 εαυτόν
1224 1942 1366 1996 ἥττονα
1386 1941 1492 1995 ὄντα,

47 2006 167 2041 ταῦτα
206 2002 354 2055 ἐξῆρχε,
401 2003 562 2053 φάσκων
602 1998 757 2042 κάλλιον
798 1998 926 2040 αὐτῶν
964 1997 1149 2051 ποιήσειν.
1215 2000 1327 2038 Hunc
1367 2008 1493 2039 autem

47 2057 311 2109 Xenophontis
341 2059 459 2096 locum
489 2059 679 2104 imitatus,
721 2064 760 2094 ut
788 2055 959 2103 videtur,
1001 2063 1083 2094 erat
1119 2055 1319 2094 Sallustius
1352 2056 1391 2094 in
1430 2069 1494 2094 or-

49 2113 171 2151 nando
215 2113 514 2165 celebrandoque
557 2113 765 2163 Pompeio,
815 2110 912 2163 quod
952 2124 973 2149 e
1011 2111 1176 2161 Vegetio
1221 2112 1490 2162 eognovimus,

50 2169 155 2206 euius
184 2169 276 2207 haec
314 2176 399 2206 sunt
428 2182 448 2207 e
479 2170 574 2206 libro
605 2169 721 2219 primo
758 2166 803 2205 de
832 2179 874 2205 re
903 2167 1052 2204 militari
1069 2165 1175 2219 ††)
1221 2169 1278 2204 De
1307 2168 1492 2204 eoeerez'tz‘o

48 2226 216 2275 Pompeii
249 2225 389 2274 Magni
420 2226 623 2262 Sallustius
658 2225 728 2262 lzoe
765 2229 969 2261 memorat.-
1015 2224 1104 2260 Cum
1140 2222 1333 2260 alacribus
1370 2223 1490 2268 saltu,

51 2292 132 2316 cum
160 2281 346 2318 veloczbus
376 2293 512 2326 emsa,
544 2293 624 2317 cum
653 2279 788 2317 valzdz's
815 2285 918 2316 vecte
944 2277 1130 2315 certabat.
1180 2277 1264 2314 Hoc
1294 2275 1494 2314 Sallustia-

51 2347 135 2371 num
176 2335 478 2386 praetermissum
517 2342 574 2372 est
603 2334 649 2372 ab
680 2335 750 2380 iis,
793 2334 855 2384 qui
892 2333 1100 2383 fragmenta
1129 2331 1296 2370 Sallustii
1329 2332 1494 2382 eollege-

50 2396 158 2427 lunt:
198 2397 237 2428 ut
267 2397 302 2427 et
328 2390 397 2427 hoc
424 2403 471 2428 ex
499 2389 594 2428 libro
624 2388 788 2428 secundo
819 2388 1081 2434 historiarum,
1123 2386 1220 2439 quod
1248 2385 1346 2439 apud
1373 2385 1494 2439 Agel-

125 2493 272 2529 ’)·-·S-·3

129 2547 172 2557 ’’’’’’
142 2546 195 2579 -.-)
217 2545 297 2574 Mire
323 2546 450 2575 dictum.
489 2546 575 2575 Alibi
603 2546 634 2574 in
662 2547 722 2574 hoc
745 2544 825 2573 libro
846 2545 990 2572 Muretus
1016 2544 1070 2572 vel
1099 2543 1284 2579 simpliciter
1311 2538 1497 2575 Παιδείαν

51 2589 107 2617 'sel
127 2589 200 2623 Cyri
220 2589 442 2616 Institutionem
462 2588 545 2618 dicit.
582 2590 699 2618 Eodem
719 2590 826 2617 tamen
838 2587 940 2616 utitur
959 2584 992 2614 in
1008 2587 1079 2615 Not
1100 2585 1132 2614 in
1146 2587 1496 2622 sa11.opp.'10m.1v.

50 2633 123 2661 pag.
147 2626 214 2654 179.
236 2627 307 2654 ima.
347 2628 459 2656 ΒΑΕ-Ἢ.

129 2673 221 2709 *te-:120
249 2675 358 2703 Paene
377 2676 548 2709 suspectae
573 2673 769 2703 auctoritatis
789 2673 1000 2706 vocabulum3
1029 2671 1173 2700 Ciceroni
1194 2673 1309 2700 saltem
1329 2679 1386 2706 pro
1406 2674 1494 2701 certo

53 2712 147 2740 tribui
168 2719 228 2739 non
250 2715 366 2745 potest.
404 2713 484 2740 Nam
505 2720 560 2747 pro
582 2715 662 2742 Mur.
682 2719 750 2746 cap.
772 2712 801 2739 2.
823 2711 856 2746 S.
876 2710 906 2739 4.
933 2711 1091 2743 scriptura
1111 2709 1206 2737 dubia
1226 2712 1275 2739 est
1294 2717 1353 2738 nec
1372 2710 1494 2740 eunctis

53 2749 172 2779 criticis
194 2751 337 2784 probata.
377 2749 508 2784 Legitur
527 2752 626 2779 semel
647 2750 730 2785 apud
751 2749 880 2779 Celsum
898 2747 953 2777 lib.
971 2749 1024 2776 ΠΙ.
1044 2754 1113 2783 cap.
1133 2747 1163 2776 6.
1183 2748 1266 2776 med.
1304 2748 1428 2777 KnArr.

129 2796 175 2835 †]
198 2798 311 2833 Cyrop.
332 2797 428 2826 lib.1.
449 2805 518 2833 cap.
540 2797 570 2827 4.
593 2797 626 2833 S.
646 2798 676 2828 4.

129 2843 182 2884 TT
168 2843 204 2880 )
231 2852 299 2880 cap
319 2846 348 2874 9.
369 2849 451 2875 extr.
473 2853 544 2881 pag.
568 2848 615 2876 13.
637 2848 684 2878 ed.
706 2848 876 2882 Argentor.
897 2845 987 2875 1806.
1015 2843 1068 2873 ubi
1088 2843 1239 2874 omissum
1257 2843 1315 2873 hoc
1333 2845 1409 2875 ante
1428 2850 1493 2875 me-

54 2886 166 2913 mormc
205 2883 284 2913 Vide
304 2886 381 2914 San.
402 2887 527 2920 Fragm.
548 2891 621 2922 pag.
641 2887 714 2916 248.
734 2893 784 2915 no.
803 2887 856 2916 62.
875 2885 925 2914 ed.
947 2883 1091 2913 Gerlach.

1512 888 1575 920 499
