1726 3106
480 152 582 191 LIB.
616 151 708 192 VII.
770 150 888 191 CAP.
917 149 1068 191 XXIII.
1418 145 1499 188 159

71 264 123 302 ad
149 263 280 302 Deos?
335 263 530 301 Hominum
568 264 663 300 em'm
701 263 859 300 soc-[ems
896 267 936 299 et
967 261 1235 306 communitas,
1280 265 1325 297 ut
1351 270 1415 296 vos
1443 257 1501 295 [Ιί-

66 321 174 364 citis,
209 320 391 357 iustitiam
418 319 647 367 procreavit.
712 317 971 368 Temperantia
1001 323 1123 354 aulem
1152 321 1302 354 constat
1323 319 1499 364 praeler-

65 375 255 412 mittendas
291 372 543 422 voluptatibus
583 374 774 423 eorpore's:
819 373 885 408 em'
908 372 946 408 .ςί
981 373 1084 408 loeus
1118 372 1154 409 in
1191 371 1294 408 eaelo
1323 375 1401 414 est,
1442 374 1502 405 est

64 431 175 466 etiam
213 427 479 491 voluptatibus.
547 430 644 466 Nam
672 428 796 479 sortis
830 429 933 464 Dens
970 427 1136 476 intelligi
1170 426 1238 476 qui
1263 423 1418 475 potest?
1459 424 1497 460 in

66 485 222 530 dolore,
262 496 312 520 an
342 496 378 520 m
410 483 561 528 labore,
599 497 645 521 cm
676 497 712 520 m
741 481 938 532 periculo?
977 494 1134 531 quoram
1161 483 1278 518 Deum
1317 479 1416 518 ni'lzzl
1440 484 1499 516 at—

64 535 189 588 tingit.
248 537 360 588 Apud
390 537 632 576 Aristotelem
661 545 781 576 autem
821 537 914 574 libro
944 536 995 574 X.
1037 535 1082 573 de
1114 536 1276 573 molibus
1305 534 1351 572 ad
1381 533 1499 571 Nico-

62 593 230 631 maehum
245 593 298 659 *)
340 593 432 630 haec
472 593 664 643 leguntur:
713 588 880 644 Ποάξεις
917 589 958 630 δὲ
994 590 1109 637 ποίας
1143 587 1350 654 ἀπονεῖμαι
1380 584 1500 641 χοεών

63 645 213 698 αὐτοῖς,·
248 644 388 700 πότερα
412 644 479 694 τὰς
511 645 743 699 &naias-3⁹⁵7
739 645 910 714 γελοῖοι
939 649 1152 697 φανοῦνται
1187 641 1501 690 συναλλάττοντες

62 703 128 742 καὶ
155 700 484 769 παρακαταθηκας
511 701 758 749 ἀποδιδόντες
782 702 847 741 καὶ
877 700 950 742 όσα
978 699 1070 740 αλλα
1096 704 1272 750 τοιαῦτα,·
1312 695 1405 738 ἀλλὰ
1432 695 1501 745 τὰς

63 755 282 809 ἆνδρείους;
311 755 569 809 υπομένοντας
599 758 644 798 τὰ
672 755 818 810 φοβερὰ
843 757 908 797 καὶ
936 754 1249 804 κινδυνεύοντας,
1277 753 1335 794 ὅτι
1360 750 1498 802 noema),-

62 810 89 864 ’ἦ
118 811 185 860 τὰς
221 813 485 866 ἐλευθερίους,·
521 816 594 854 τίνι
631 812 671 853 δὲ
700 811 910 862 δώσουσινς
947 809 1089 851 ἄτοπον
1118 810 1168 851 δέ.
1205 808 1231 863 ἢ
1265 809 1331 849 καὶ
1369 806 1500 854 αὐτοῖς

63 868 166 908 ἔσται
201 867 387 920 νόμισμα,
426 867 452 921 ἢ
486 885 521 908 τι
555 873 750 918 τοιοῦτον,·
796 869 830 908 εἰ
859 866 898 908 δὲ
929 865 1143 934 σώφρονες,
1180 866 1217 906 τί
1252 862 1300 905 dv
1332 861 1426 913 εἷενς
1471 860 1499 915 ἢ

63 922 245 991 φορτικὸς
274 921 297 964 ὁ
321 940 496 973 επαινος,·
527 923 585 965 ότι
613 922 684 964 οὐκ
712 924 837 975 ἔχουσι
866 920 1017 973 φαύλας
1042 922 1275 989 ἐπιθυμίας;
1317 920 1500 967 διεξιοῦσι

63 977 105 1018 δὲ
129 976 254 1018 πάντα
281 977 448 1030 φαίνοιτ’
475 977 523 1018 ἂν
551 977 596 1019 τὰ
624 979 708 1032 περὶ
731 976 798 1026 τὰς
820 977 973 1031 πράξεις
999 975 1115 1031 μικοὰ
1138 976 1203 1017 καὶ
1226 973 1360 1024 ἀνάξια
1380 977 1498 1014 θεῶν.

63 1034 280 1086 Quanquam
321 1043 442 1072 autem
478 1037 577 1073 inter
615 1037 805 1085 utriusque
847 1035 1052 1072 orationem
1085 1047 1157 1070 non
1197 1033 1248 1070 ita
1278 1044 1410 1082 magna
1441 1035 1500 1068 est

63 1089 348 1134 dissimilitudo,
391 1091 500 1139 longe
532 1099 653 1128 tamen
685 1089 784 1128 aliud
815 1089 971 1133 Cottae,
1009 1088 1106 1125 aliud
1135 1087 1342 1138 philosophi
1373 1086 1499 1124 consi-

62 1144 148 1181 lium
178 1145 260 1183 fuit.
319 1145 387 1181 llle
426 1146 522 1182 enim
561 1146 745 1183 scelerate
787 1153 825 1183 et
860 1145 971 1195 impie
1002 1143 1151 1180 efficere
1182 1143 1321 1187 voluit,
1363 1141 1499 1178 nullam

61 1200 172 1236 ullius
202 1201 352 1249 geneiis
388 1200 422 1236 in
455 1199 525 1237 diis
561 1202 686 1238 inesse
726 1201 913 1237 virtutem.
976 1198 1049 1235 Ilic
1082 1211 1163 1235 cum
1201 1195 1338 1234 docere
1368 1196 1496 1240 vellet,

59 1250 127 1301 τὰς
152 1251 390 1306 θεωοητικας
420 1257 496 1293 τῶν
525 1252 668 1307 ἇοετῶν
699 1262 892 1305 praestare
920 1256 1003 1299 ταῖς
1032 1255 1276 1304 πρακτικαῖς,
1317 1249 1496 1295 ostendit,

59 1309 125 1346 has
154 1310 369 1347 humiliotes
398 1322 484 1347 esse
514 1318 553 1347 et
582 1311 829 1356 abiectiores,
866 1322 972 1359 quam
1003 1315 1042 1344 ut
1070 1309 1108 1345 in
1140 1306 1300 1345 divinam
1330 1313 1499 1343 naturam

60 1366 319 1402 convenirent.
380 1364 583 1403 Praeclare
622 1372 742 1402 autem
773 1364 958 1401 Plotonici
996 1376 1123 1400 omnes
1154 1363 1302 1399 omnino
1341 1362 1498 1398 virtutes

59 1421 98 1457 in
127 1419 211 1457 Deo
242 1421 367 1458 inesse
399 1420 593 1466 dicebant,
622 1419 688 1458 sed
720 1421 830 1470 longe
861 1419 933 1456 alio
962 1418 1093 1462 modo,
1134 1431 1242 1468 quam
1273 1418 1309 1454 in
1341 1416 1498 1453 homini-

60 1475 151 1512 bus:
188 1488 318 1525 nempe
346 1472 691 1529 παοαδειγματικας
725 1475 790 1514 καὶ
818 1471 1015 1520 αἰτιώδεις.
1073 1472 1194 1510 Nobis
1230 1471 1377 1523 quidem
1405 1470 1498 1508 nihil

61 1542 147 1567 esse
175 1531 314 1567 certius
335 1538 442 1580 atque
472 1532 699 1580 exploratius
730 1530 993 1580 debet,qua1n
1013 1528 1135 1566 Deum
1161 1542 1246 1566 esse
1277 1527 1496 1577 principium

61 1598 105 1622 ac
143 1585 251 1622 tinem
295 1588 456 1623 omnium
495 1587 696 1631 virtutum,
738 1585 989 1635 bonorumque
1026 1583 1122 1621 adeo
1154 1584 1338 1621 omnium:
1378 1583 1496 1632 ipsum

62 1640 176 1677 solum
207 1653 295 1677 vere
325 1653 367 1677 ac
399 1654 465 1691 per
493 1653 532 1678 se
564 1615 721 1677 honuni:
764 1647 892 1677 cetera
921 1653 966 1677 eo
997 1646 1137 1676 tantuin
1166 1639 1286 1685 bona,
1326 1636 1422 1690 quod
1452 1636 1498 1675 ab

61 1695 141 1746 ipso
170 1696 457 1746 proficiscuntur
485 1695 529 1733 ad
563 1694 794 1746 eundemque
825 1695 1053 1732 reseruntur.

515 1842 795 1881 CAPUT
852 1842 1037 1881 XXIII.

63 1922 184 1959 Locus
213 1934 232 1957 c
262 1921 474 1958 Miloniana
510 1933 590 1959 cum
622 1921 766 1958 duobus
796 1921 1052 1958 Demosthenis
1079 1932 1176 1965 meo,
1213 1919 1335 1957 altero
1362 1917 1500 1967 Lysiae

648 1983 900 2026 eomparalees.

62 2053 255 2111 CALLIDE
284 2082 320 2111 et
348 2075 543 2125 ingeniose
574 2075 716 2112 locutus
745 2081 802 2112 est
827 2074 964 2112 Cicero
996 2075 1034 2111 in
1063 2073 1271 2111 Miloniana
1285 2068 1384 2123 **),
1414 2084 1497 2109 cum

63 2131 147 2167 illuc
178 2130 364 2175 venisset,
400 2137 439 2166 ut
469 2130 653 2167 fatendum
684 2137 808 2176 esset,
851 2129 1019 2167 Clodium
1050 2142 1072 2166 a
1101 2129 1220 2166 servis
1250 2126 1405 2165 Milonis
1435 2139 1499 2164 oc-

62 2186 177 2223 cisum
207 2185 338 2221 fuisse.
398 2185 493 2222 Νιιιιι
525 2187 585 2237 qui
615 2187 869 2236 prospiceret,
911 2198 987 2222 rem
1018 2185 1135 2235 ipsam
1163 2197 1231 2235 per
1259 2196 1300 2221 se
1331 2181 1497 2219 odiosam

63 2253 148 2278 esse
177 2239 303 2290 (nemo
332 2241 427 2277 enim
458 2241 537 2278 fere
568 2249 647 2287 est,
679 2241 739 2292 qui
767 2241 813 2278 ad
843 2240 970 2278 caedis
1004 2241 1225 2278 mentionem
1258 2251 1329 2276 non
1337 2228 1497 2275 exhor-

63 2302 186 2333 rescat
219 2302 257 2332 et
294 2302 489 2333 aversetur
524 2309 629 2342 eum,
668 2309 689 2333 a
720 2310 790 2347 quo
827 2297 888 2334 illa
918 2302 1132 2347 perpetrata
1161 2293 1338 2344 dicitur),
1377 2292 1497 2329 noluit

63 2363 145 2388 eam
185 2363 250 2387 suo
285 2363 328 2388 ac
368 2352 518 2401 proprio
555 2352 702 2389 nomine
739 2352 951 2402 appellare3
998 2350 1064 2388 sed
1100 2363 1178 2388 eam
1217 2348 1374 2386 orationi
1406 2360 1496 2385 suae

63 2406 284 2443 sententiam
315 2406 493 2451 intexuit,
540 2419 632 2456 quac
669 2405 714 2444 ad
751 2406 990 2444 avertendum
1026 2405 1148 2443 odium
1189 2411 1227 2442 et
1265 2403 1312 2443 ad
1350 2404 1495 2440 facinus

62 2461 180 2511 ipsum
220 2460 469 2498 excusandum
502 2462 656 2512 cogitari
697 2463 815 2526 potuit
843 2463 1046 2526 aptissima.
1105 2463 1314 2505 Fecerunt,
1360 2458 1493 2508 inquit,

62 2529 158 2553 setvz
189 2516 362 2562 Melonis,
406 2517 505 2567 quod
538 2530 625 2554 suos
660 2519 813 2568 quisque
844 2531 970 2556 servos
1008 2519 1044 2554 2‘72
1079 2518 1152 2554 tale
1187 2529 1230 2554 re
1253 2513 1397 2564 facere
1434 2526 1496 2549 vo-

62 2571 206 2609 luisset.
265 2571 399 2622 Neque
428 2572 527 2610 enim
557 2586 628 2609 non
659 2573 749 2610 satis
781 2586 829 2611 ex
858 2585 903 2611 eo
934 2572 1174 2623 intelligitur,
1212 2571 1375 2608 occisum
1407 2567 1496 2605 Clo-

134 2721 178 2757 4]
205 2728 274 2757 cap.
293 2722 314 2750 8
333 2723 414 2750 extr.
452 2722 545 2768 Apud
562 2723 666 2751 Bekk.
692 2722 807 2757 legitur
837 2724 868 2751 et
895 2720 1113 2767 distinguitur:
1146 2715 1208 2748 καὶ
1232 2711 1302 2747 ὅσα
1326 2713 1496 2754 rotasiam,-

63 2756 155 2793 ἀλλὰ
177 2759 238 2798 τὰς
253 2757 470 2813 ἀνδρείους,
503 2757 788 2803 ὑποιιενοντας.
799 2783 828 2794 ..
854 2756 994 2793 ἄτοπον
1018 2755 1055 2813 d:
1083 2759 1115 2792 εἰ
1144 2760 1207 2793 καὶ
1240 2759 1340 2793 ἔσται
1372 2757 1493 2797 αὐτοῖς

60 2802 224 2849 νόμισμα
249 2800 271 2848 ἥ
293 2817 323 2838 τι
348 2806 522 2840 ῐοιοῖτον.
549 2806 587 2839 αἱ
611 2805 652 2839 δὲ
676 2815 866 2850 σωφρονες
889 2807 924 2837 τί
945 2815 992 2838 αν
1016 2798 1113 2845 fler,-

133 2860 201 2897 *³20
221 2867 289 2897 cap.
311 2860 359 2891 10.
379 2860 412 2897 S
432 2859 483 2889 29.

1526 1533 1588 1565 168
