1726 3106
178 123 232 167 58
744 119 872 161 VAR.
905 120 1062 161 LECT.

319 236 435 285 Quom
467 234 592 273 tonm‘c
619 233 762 271 laevum
793 232 883 271 hene
911 237 1131 282 tempestate
1159 245 1310 272 serena.

177 294 237 332 At
263 292 482 330 Homericus
515 290 664 339 Ulysses
692 288 794 338 apud
822 289 1012 327 Achillem
1044 300 1201 338 querens
1230 289 1275 326 de
1297 288 1514 341 ferocitate

183 348 430 387 Troianorum
458 346 582 383 neseio
611 344 702 394 quid
728 344 800 381 lzoc
828 344 934 380 modo
963 344 1136 380 nuntiat.-

314 404 505 451 Pl‘ospera
534 400 678 449 Iupiter·
706 400 765 436 ln's
797 399 946 436 (leuctris
964 398 1189 449 fulgoribus
1217 399 1307 437 edit.

175 467 302 518 Atque
342 467 394 504 ita
430 478 514 504 eum
552 466 642 515 legit
675 464 812 502 Petrus
851 463 1029 501 Marsus:
1073 462 1310 515 indicatque,
1351 477 1499 504 versum
1537 477 1623 504 esse

177 530 359 573 sumptum
410 534 457 559 ex
501 520 635 559 Iliados
686 533 784 557 nono
806 517 869 571 ᾗ).
947 518 999 556 Ut
1039 517 1146 556 valde
1189 520 1328 565 mirer,
1378 533 1472 571 quae
1509 521 1626 560 fuerit

176 592 305 617 eorum
337 575 508 622 audacia,
540 577 780 627 quiAc'acem
810 582 943 626 postea
971 587 1038 624 pro
1067 575 1195 622 Ulysse
1223 575 1470 626 scripserunt.
1524 576 1624 614 Nam

178 632 276 686 quod
298 633 489 671 Victorius
504 629 578 682 ἠως)
610 630 773 669 credidit
802 643 888 668 esse
917 625 1155 680 μνημονικὸν
1180 627 1379 668 Ciceronis
1409 628 1624 684 ἁμάρτημα,

176 703 251 727 non
280 688 425 727 viderat
454 686 632 725 videlicet
657 693 808 724 veteres
841 685 973 731 libros,
1005 697 1125 735 neque
1154 686 1458 724 commentarium
1481 687 1621 725 Marsi.

177 745 300 793 Quem
332 744 363 782 si
394 743 575 794 legisset,
615 742 853 792 cognovisset
883 741 1019 789 etiam,
1059 752 1100 777 se
1131 753 1204 777 non
1235 740 1341 779 valde
1372 744 1625 781 necessariam

177 813 329 851 operam
363 811 512 836 sumere
526 795 628 849 Μὲἓ)
657 798 694 834 in
728 795 960 834 emendando
991 794 1147 846 quodam
1175 795 1256 833 loeo
1287 809 1308 834 e
1338 798 1457 847 primo
1487 811 1624 837 eorun-

176 855 262 893 dem
300 855 475 892 librorum
492 852 567 906 †)‚
607 852 669 889 ubi
705 850 750 889 de
780 850 1005 889 Iamidarum
1045 850 1183 888 familia
1220 853 1358 889 mentio
1394 859 1465 891 est.
1525 853 1623 892 Eum

176 911 275 949 enim
306 910 458 947 Marsus
489 916 526 946 et
555 907 671 959 probe
698 920 742 944 ac
760 905 844 959 ††)
877 907 1093 956 incorrupte
1121 907 1299 956 seriptum
1328 915 1546 958 repererat,
1586 915 1625 947 et

176 965 323 1004 erudite
347 966 616 1014 interpretatus
642 970 738 1009 erat,
771 960 932 999 adducto
948 960 1064 1014 †††)
1097 973 1142 999 eo
1172 962 1253 1012 ipso
1278 961 1432 1000 Pindari
1460 964 1544 1001 loco
1558 961 1622 1016 ἦε),

176 1034 286 1073 quem
316 1019 469 1058 adduxit
500 1026 630 1070 postea
653 1018 863 1057 Victorius.
918 1016 1089 1068 Iniquum
1121 1023 1245 1054 autem
1274 1024 1383 1068 puto,
1414 1031 1624 1071 quenquam

176 1090 245 1115 sua
281 1075 389 1114 laude
420 1073 609 1113 fraudari:
653 1072 810 1123 ideoque
839 1085 968 1111 verum
1008 1072 1137 1109 harum
1169 1071 1467 1111 emendationum
1498 1081 1626 1113 aucto-

176 1145 255 1171 rem
283 1130 459 1169 indicavi.
520 1130 656 1181 Neque
682 1128 831 1173 dubito,
872 1128 959 1179 quin
990 1126 1182 1164 Victorius
1214 1128 1319 1178 ipse,
1359 1142 1467 1179 quem
1499 1137 1538 1168 ut
1568 1131 1625 1168 in-

114 1221 117 1225 ,
177 1188 340 1238 signiter
375 1185 561 1224 eruditum
610 1197 697 1222 esse
736 1183 870 1229 video,
920 1184 970 1220 ita
1008 1183 1209 1232 insigniter
1245 1183 1399 1233 probum
1438 1191 1476 1223 et
1516 1185 1626 1237 plane

113 1367 156 1397 63

176 1244 379 1294 ingenuum
411 1253 496 1279 esse
527 1239 654 1286 audio,
687 1240 718 1277 si
744 1246 782 1277 et
810 1239 918 1284 haec,
951 1244 989 1276 et
1016 1239 1088 1275 alia
1115 1236 1309 1288 quaedam,
1341 1252 1434 1290 quae
1464 1246 1504 1277 ut
1531 1254 1628 1279 nova

176 1299 347 1350 profert,
390 1297 436 1335 ab
466 1296 550 1334 aliis
590 1302 716 1333 notata
751 1295 949 1344 scivisset,
991 1300 1053 1331 aut
1083 1307 1156 1330 non
1193 1294 1405 1344 attigisset,
1446 1302 1510 1333 aut
1547 1297 1626 1334 suis

178 1353 394 1392 auctoribus
432 1359 588 1401 accepta
629 1351 832 1389 retulisset.
901 1348 1011 1396 Quod
1051 1348 1147 1386 idem
1185 1350 1274 1386 mihi
1312 1350 1420 1388 etiam
1459 1349 1505 1388 de
1542 1351 1625 1390 aliis

178 1407 395 1461 quibusdam
433 1406 694 1445 eruditissimis
726 1405 936 1443 hominibus
978 1405 1087 1442 facile
1118 1404 1341 1454 persuadeo.
1405 1405 1626 1456 Elegantem

178 1465 276 1503 enim
316 1470 354 1501 et
393 1463 587 1502 liberalem
622 1462 829 1500 doctrinam
864 1460 1030 1498 liberalis
1080 1461 1190 1498 etiam
1227 1467 1360 1499 natura
1405 1461 1625 1515 plerumque

178 1520 391 1559 comitatur.

677 1617 709 1656 C
739 1615 778 1656 A
805 1616 839 1655 Ρ
864 1616 902 1655 U
929 1617 964 1655 T
1020 1615 1126 1655 VII.

372 1686 452 1726 Cur
486 1685 652 1725 Tibullus
679 1698 835 1736 porcum
866 1685 1026 1722 hostiam
1055 1684 1249 1734 mysticam
1278 1683 1437 1723 daverit.

177 1755 284 1814 NON
321 1776 439 1822 satis,
485 1773 583 1826 quod
620 1774 759 1819 sciam,
800 1785 822 1809 a
851 1785 1033 1823 quoquam
1072 1771 1296 1822 explicatum
1334 1778 1417 1817 est,
1463 1784 1530 1810 cur
1558 1771 1626 1810 Ti-

176 1833 299 1871 bullus
330 1844 484 1883 porcum
515 1830 674 1868 hostiam
706 1829 900 1880 mysticam
931 1828 1146 1873 vocaverit,
1180 1840 1226 1865 eo
1255 1839 1368 1866 versu
1383 1825 1472 1880 ’Μ’ἓ),

344 1899 551 1947 Hostiaque
580 1910 600 1933 e
622 1897 738 1947 plana
768 1896 926 1945 mystica
952 1907 1094 1945 porcus
1123 1894 1259 1931 hara..

179 1963 283 2012 Quin
323 1964 435 2002 etiam
475 1963 556 1999 eius
587 1962 644 1999 rei
680 1962 916 2011 ignoratione
953 1962 990 1998 in
1031 1958 1247 2011 quibusdam
1278 1958 1383 1997 libris
1415 1971 1436 1996 e
1465 1961 1624 2009 mystica

176 2021 316 2058 factum
349 2026 406 2056 est
434 2019 595 2055 rustica.
657 2016 857 2054 Sciendum
886 2023 1007 2053 autem
1039 2022 1130 2061 est‚·
1156 2016 1193 2051 in
1221 2015 1266 2052 iis
1297 2013 1453 2052 Cereris
1485 2016 1621 2063 sacris,

177 2088 272 2127 quae
313 2074 492 2126 mysteria
523 2071 769 2116 dicebantur,
812 2085 892 2109 eam
924 2069 1231 2108 consuetudinem
1267 2070 1410 2115 fuisse,
1454 2076 1494 2107 ut
1523 2072 1623 2121 quis-

177 2143 250 2182 que
291 2143 359 2181 pro
401 2141 440 2166 se
482 2127 618 2165 Cereri
656 2139 770 2177 porco
806 2128 973 2164 faceret:
1025 2138 1090 2163 seu
1129 2123 1225 2176 quod
1262 2124 1398 2162 animal
1436 2124 1527 2163 illud
1567 2127 1624 2163 in-

176 2187 313 2225 festum
363 2183 499 2222 Cereri
553 2181 777 2221 crederent:
834 2182 919 2234 quia
967 2182 1110 2220 semina
1160 2178 1304 2233 pando,
1353 2186 1394 2217 ut
1439 2181 1493 2218 ait
1532 2180 1623 2220 Ovi-

254 2284 299 2320 ÷t<=j
320 2292 351 2313 v.
374 2283 445 2313 236.

253 2332 323 2366 διε-εκ)
344 2333 420 2361 var.
439 2332 539 2360 Leett.
560 2329 616 2359 lib.
636 2331 690 2358 111.
711 2335 780 2364 cap.
800 2329 830 2357 3.

254 2380 348 2415 -::<--:::--:::-)
374 2379 450 2409 Var.
472 2381 573 2407 Lectt.
599 2378 652 2406 lib.
674 2379 756 2405 X111.
778 2384 845 2410 cap.
866 2376 896 2405 5.
934 2375 1071 2404 Faehsio
1100 2376 1139 2404 ad
1160 2377 1243 2405 hune
1261 2377 1364 2406 locum
1391 2376 1552 2413 respicere
1570 2377 1624 2408 vi-

178 2419 271 2449 detur
290 2418 409 2448 Victor.
430 2417 462 2445 in
481 2417 627 2446 Aduena.
648 2416 690 2444 ad
710 2416 786 2444 var.
805 2416 904 2443 Leett.
925 2415 1052 2443 XXVH.
1072 2414 1101 2443 6.
1122 2421 1195 2449 pag.
1215 2413 1287 2443 249.

255 2466 301 2505 ᾧ)
322 2473 391 2500 cap.
411 2465 462 2494 41.
484 2466 515 2499 ᾗ.
536 2464 587 2493 92.

255 2514 328 2554 ἢῆ)
352 2515 440 2543 Corr.
459 2515 562 2548 atque.
597 2511 668 2541 Vid.
689 2513 815 2541 Ruhnk.
837 2513 868 2540 et
889 2512 1033 2540 Frotsch.
1055 2510 1096 2539 ad
1116 2512 1203 2540 Tom.
1220 2512 1244 2540 Ι.
1263 2517 1335 2546 pag.
1348 2510 1378 2541 9.
1414 2511 1497 2541 Add.
1516 2511 1624 2542 Jahnii

179 2555 297 2585 Annal.
318 2553 401 2581 liter.
423 2558 454 2580 a.
476 2550 565 2580 1530.
594 2551 682 2579 Tom.
704 2552 741 2579 ΙΙ.
762 2552 854 2579 Fase.
877 2551 900 2578 1.
922 2556 993 2584 pag.
1016 2548 1066 2578 76.

256 2598 357 2639 -3--2-0’5)
378 2600 543 2628 Adducere
562 2600 593 2626 et
612 2599 788 2632 producere
806 2599 924 2631 locum,
946 2604 1003 2631 pro
1023 2595 1157 2632 offerre,
1176 2604 1239 2625 non
1258 2597 1414 2633 reperitur
1433 2597 1517 2632 apud
1538 2596 1623 2626 anti-

180 2646 271 2674 quos.
312 2637 534 2667 Recentioruin
555 2636 759 2672 consuetudo,
782 2636 829 2664 sic
849 2637 981 2664 verbum
1001 2642 1170 2671 usurpati&
1193 2636 1285 2664 nohis
1307 2643 1432 2669 qnoque
1453 2635 1623 2669 aliquando

179 2676 285 2704 fraudi
306 2675 373 2704 fuit.
417 2675 495 2703 Vide
515 2681 596 2709 quae
617 2674 656 2702 ad
679 2675 765 2702 Toni.
785 2675 809 2701 Ι.
829 2680 900 2708 pag.
924 2674 993 2701 133.
1014 2672 1203 2701 notavimus.
1242 2675 1280 2702 1).
1302 2674 1338 2702 R.
1362 2687 1400 2693 —-
1437 2672 1624 2701 Defenditur

180 2714 308 2748 quidem
329 2721 347 2741 a
368 2712 505 2741 Matthia
530 2712 678 2746 Exempl.
699 2712 780 2748 eloq.
800 2711 870 2742 Lat.
899 2717 972 2747 pag.
991 2711 1042 2740 57.
1070 2710 1127 2740 Sed
1148 2711 1213 2742 vid.
1251 2712 1396 2741 Frotscn.
1416 2711 1457 2739 ad
1477 2710 1623 2746 Quinctil.

177 2752 234 2780 lib.
254 2753 294 2780 X.
315 2758 384 2785 cap.
406 2752 434 2780 1.
456 2752 488 2786 §-
509 2750 559 2778 7⁰.
580 2756 653 2785 pag.
672 2748 723 2779 63.

259 2798 301 2833 *J
322 2799 446 2834 Olymp.
467 2800 519 2828 vl.
540 2798 612 2828 121.

257 2848 326 2885 *zzz-J
346 2850 456 2886 Elegg.
476 2849 500 2878 1.
521 2847 573 2886 10,
595 2847 644 2878 26.
