1778 3096
240 159 324 203 390
805 159 936 201 VAR.
966 158 1126 201 LECT.

244 271 324 310 suis
355 277 525 310 constat:
565 271 640 310 nisi
675 275 740 310 aut
776 269 905 310 ultima
934 271 1075 311 vocalis
1115 271 1152 310 in
1189 273 1266 312 etsi
1297 284 1372 311 non
1402 268 1583 319 elidatur,
1627 277 1692 312 aut

245 328 314 367 ital
338 340 509 379 egemus,

410 405 501 443 Etsi
522 410 688 455 segetem
716 409 806 443 sunt
833 405 870 443 in
901 403 1125 442 deteriorem
1154 402 1291 442 datae:

246 479 429 533 quomodo
460 481 565 529 olim,
597 490 749 520 auctore
780 495 855 527 me,
887 479 1005 519 edidit
1023 479 1229 527 Manutius,
1263 489 1302 519 et
1325 490 1410 534 post
1437 495 1520 520 eum
1549 480 1613 519 alii
1626 477 1690 530 ἦ).

247 536 326 577 Sed
360 544 491 589 postea
528 539 600 589 ipsi
638 539 727 576 mihi
757 537 972 588 diligentius
1013 536 1192 587 cogitanti
1231 537 1309 575 visa
1346 546 1404 576 est
1443 538 1594 576 mutatio
1630 536 1695 574 illa

247 593 380 631 vitium
409 593 619 632 occultasse
656 595 776 640 potius
804 606 910 645 quam
942 593 1156 630 sustulisse.
1217 591 1350 644 Neque
1381 595 1477 632 enim
1507 593 1596 631 satis
1628 604 1696 630 eo-

248 648 409 687 haerent
437 648 553 695 haee,
583 651 735 689 Falsum
766 655 804 686 et
829 649 1008 699 improbe.
1068 648 1197 699 ltaque
1226 649 1287 685 alii
1317 648 1530 695 ediderunt,
1562 648 1696 687 Falso-

250 717 322 756 que
351 705 448 743 illud
473 712 513 744 et
533 705 714 756 improbe.
769 703 851 754 Ego
880 710 1001 741 antem
1033 704 1162 741 falsam
1185 702 1329 754 quidem
1361 717 1447 742 esse
1472 704 1696 742 sententiam

248 759 353 798 illam
393 758 525 807 video,
565 760 814 811 improbitatis
846 759 982 797 nullam
1018 760 1055 796 in
1092 772 1137 797 ea
1176 760 1488 809 significationem
1525 759 1697 810 reperire

248 828 418 867 possum.
478 816 519 854 ln
549 823 680 854 vetere
709 815 827 861 libro,
867 827 974 866 quem
1012 814 1153 861 habeo,
1192 816 1242 852 ita
1273 816 1431 867 legitur,
1473 816 1699 864 Falsumque

248 872 346 909 illud
378 878 420 910 at
447 871 663 923 improbae.-
701 884 749 909 ex
777 884 849 922 qua
875 869 1076 922 depravata
1106 871 1291 921 scriptura
1324 872 1576 910 coniecturam
1605 868 1696 915 feci,

250 926 302 966 ita
329 927 529 979 legendum
559 939 646 966 esse
663 942 674 964 ε
707 928 932 978 Falsumque
957 927 1057 965 illud
1082 928 1199 973 Attii,

415 1004 565 1044 Probae
594 1005 673 1043 etsi
697 1005 734 1043 in
767 1011 929 1055 segetem
957 1011 1049 1043 sunt
1073 1005 1298 1043 deteriorem
1328 1004 1442 1043 datae

419 1062 595 1112 Fruges,
627 1066 751 1099 tamen
782 1061 885 1111 ipsae
912 1067 1046 1112 suapte
1072 1067 1215 1099 natura
1246 1061 1412 1099 enitent.-

252 1144 294 1177 ut
318 1137 456 1177 Cicero
494 1145 533 1176 et
569 1139 713 1189 poetam
745 1138 1015 1185 nominaverit,
1056 1139 1116 1189 qui
1148 1137 1186 1175 id
1214 1136 1384 1185 dixerat,
1425 1143 1464 1176 et
1497 1141 1702 1188 praecepta

253 1193 512 1245 philosophiae
542 1207 616 1231 non
653 1193 873 1244 simpliciter
899 1207 982 1234 cum
1019 1193 1246 1241 seminibus,
1287 1192 1355 1232 sed
1387 1206 1471 1232 cum
1507 1191 1635 1244 probis
1663 1197 1703 1231 et

251 1249 360 1288 lectis
388 1248 591 1288 seminibus
621 1249 861 1301 compararit.

330 1384 374 1421 22³)
394 1383 499 1414 Etiam
518 1382 694 1414 Lambinus
713 1382 746 1413 in
765 1382 1034 1413 annotationibus.
1073 1383 1186 1413 FAESI.
