1778 3096
524 165 623 205 LlB.
654 165 763 206 XVI.
823 163 942 205 CAP.
972 162 1064 204 XX.
1431 160 1514 205 389

77 279 122 318 ab
154 278 251 317 illius
292 277 477 316 sententia
515 276 715 315 aberrarit.
774 274 837 313 Ex
866 273 997 314 eadem
1034 270 1285 326 orationess):
1326 275 1444 324 Quum
1472 275 1511 312 in

75 337 198 373 altera
227 348 270 372 re
305 345 462 372 caussae
491 333 589 370 m'lez‘l
620 338 738 377 esset,
785 332 874 381 quin
901 344 1008 368 secus
1037 330 1227 368 iudicaret
1252 331 1330 380 szse
1368 329 1415 366 de
1453 342 1507 366 se.

74 389 194 427 Liber
223 395 329 428 vetus
359 389 530 438 sequias.-
571 388 629 425 cui
659 386 742 425 voci
770 386 912 422 librarii
938 384 1111 423 videntur
1142 384 1340 436 aliquando
1368 384 1510 421 inimici

72 445 210 482 fuisse:
244 445 294 481 ita
317 443 561 495 pertinaciter
590 443 828 480 coniurarant
842 437 915 491 ἢ)
946 438 993 477 ad
1024 452 1103 477 eam
1132 453 1180 478 ex
1203 439 1372 478 omnibus
1401 439 1508 476 libris
1533 440 1596 471 408

71 498 371 536 oblitterandam.
428 497 489 535 Ex
518 497 648 535 eadem
667 493 790 548 ***):
823 498 933 534 Itane
957 495 1046 532 est?
1073 496 1173 545 qnod
1197 497 1275 533 vz'rz'
1293 496 1425 546 optimi
1436 494 1509 546 fa-

71 556 199 600 ciant,
241 556 279 591 sz'
313 555 381 605 qui
413 567 500 591 suos
530 554 762 603 propinquos
789 557 826 588 et
856 557 998 587 cetera.
1057 550 1111 586 At
1146 551 1182 587 in
1214 549 1343 588 eodem
1378 557 1510 588 vetere

69 609 162 646 libro
193 609 304 646 multo
335 609 487 646 melius:
521 608 657 646 Itane?
697 606 805 655 Quod
826 606 903 643 vz'rz'
928 605 1060 655 optimi
1074 604 1247 655 faciunt,
1280 607 1312 643 εἴ
1336 607 1508 655 qu2⁷suos

62 666 296 715 propinquos
331 678 376 702 ae
402 664 638 701 necessarios
678 663 803 699 claros
832 667 868 698 et
899 661 1074 698 honestos
1110 673 1189 697 esse
1225 667 1338 710 atque
1374 660 1513 698 habere·

66 721 213 764 volant,
254 720 294 756 id
322 722 411 757 Sese.
445 721 610 757 Naevius
635 730 708 755 non
736 716 922 768 faceret?
979 713 1175 762 Quomodo
1206 715 1238 752 si
1266 716 1395 765 legas,
1435 715 1504 752 tol-

65 774 155 811 litur
193 775 312 810 omnis
352 775 433 820 illa,
478 774 514 810 in
555 786 625 823 qua
663 773 849 822 interpres
888 770 1028 808 frustra
1069 771 1250 816 luctatur,
1294 770 1502 810 difficultas.

64 828 126 867 Ex
147 829 275 866 eadem
295 827 369 880 †):
402 831 450 868 Sz'
469 829 671 873 debuisset,
696 829 826 872 Sea-te,
842 828 1003 876 petekses
1023 827 1148 863 statim
1160 841 1177 871 ς
1205 827 1244 863 si
1259 839 1332 864 non
1358 828 1502 872 statim,

61 885 178 935 paulo
216 886 364 935 quidem
405 890 518 935 post.-
568 884 606 921 εἰ
639 896 712 920 non
751 883 890 932 paulo,
932 888 975 919 at
1014 881 1234 931 aliquando.
1301 879 1504 932 Aliquanto

64 940 193 976 melius
220 946 291 985 est,
325 939 421 990 quod
444 940 480 976 in
510 937 639 976 eodem
668 937 761 974 libro
790 937 949 987 legitur,
981 937 1190 986 aliquanto.
1249 935 1371 974 Multa
1395 949 1504 987 prae-

64 1002 193 1041 tereo,
238 994 336 1045 quod
373 996 444 1032 iam
480 994 525 1031 ab
565 994 648 1030 aliis
686 999 812 1030 notata
852 997 949 1029 sunt.
1019 990 1081 1028 Ex
1120 990 1252 1028 eadem
1268 991 1375 1044 ††)
1421 995 1503 1041 Ego

58 1063 133 1100 pro
161 1057 195 1088 te
224 1063 325 1088 nune
355 1051 424 1088 hoe
452 1050 624 1094 consulo,
651 1054 740 1099 post
764 1054 920 1098 tempus,
954 1047 994 1084 in
1024 1048 1148 1085 aliena
1176 1060 1233 1092 re,
1268 1049 1368 1098 quod
1396 1054 1436 1085 tu
1465 1049 1502 1085 in

64 1112 130 1143 tna
159 1118 224 1151 re,
266 1118 346 1142 eum
385 1113 527 1154 tempus
557 1110 664 1148 erat,
706 1105 899 1140 consulere
932 1102 1069 1140 oblitus
1098 1115 1152 1140 es.
1209 1101 1317 1153 Lego
1357 1103 1424 1140 llos
1464 1109 1503 1140 et

64 1173 177 1210 quos,
220 1167 258 1197 et
287 1161 337 1197 ita
367 1158 586 1210 legendum,
620 1159 819 1195 manifesto
848 1156 1047 1195 ostendunt
1071 1170 1136 1202 ea,
1168 1169 1264 1206 quae
1293 1159 1413 1195 statim
1445 1170 1504 1196 se-

63 1222 235 1265 quuntur.
298 1214 375 1253 Sed
404 1215 699 1265 interiungamus
729 1214 826 1265 ipsi,
866 1220 904 1251 ut
931 1219 970 1251 et
998 1212 1059 1264 qui
1082 1212 1176 1251 haee
1206 1213 1355 1264 legent,
1386 1214 1503 1251 inter-

62 1271 267 1322 quiescant.

554 1376 840 1416 CAPUT
904 1377 1007 1416 XX.

173 1458 336 1507 Elegans
368 1457 562 1494 Ciceronis
597 1457 811 1495 Tusculana
838 1457 1003 1495 secunda
1035 1458 1137 1496 loeus
1165 1456 1392 1494 illustratus.

63 1535 235 1594 Cicnsso
267 1555 362 1593 libro
392 1553 556 1592 secundo
586 1555 882 1592 Tusculanarum
916 1567 996 1592 cum
1028 1555 1150 1592 multis
1179 1555 1352 1604 verisque
1384 1552 1503 1591 laudi-

62 1613 132 1650 bus
174 1610 441 1662 philosophiam
491 1617 682 1655 ornasset,
734 1610 944 1660 acerbeque
988 1611 1217 1660 exagitasset
1264 1609 1503 1661 philosophos

63 1667 266 1718 quosdam,
310 1666 370 1716 qui
402 1678 483 1702 cum
511 1666 645 1715 optima
674 1665 924 1703 instituendae
956 1667 1053 1703 vitae
1084 1671 1285 1715 praecepta
1315 1665 1398 1702 aliis
1429 1672 1504 1702 tra-

64 1722 216 1767 derent,
259 1722 328 1772 ipsi
359 1727 480 1757 tamen
510 1721 723 1770 turpissime
763 1733 806 1757 ac
837 1721 1128 1770 flagitiosissime
1164 1719 1356 1757 vivebant:
1402 1732 1502 1766 eum,

63 1779 208 1829 quicum
240 1777 415 1826 loquitur,
437 1776 527 1812 facit
559 1776 626 1812 hoc
649 1778 730 1826 ipso
756 1776 859 1825 quasi
888 1783 1107 1826 argumento
1130 1782 1294 1812 utentem
1325 1773 1503 1812 adversus

63 1833 358 1885 philosophiam,
405 1837 445 1868 ut
482 1830 678 1878 ostendat,
721 1843 803 1868 eam
843 1844 915 1868 non
953 1838 1075 1868 tantas
1120 1831 1298 1867 utilitates
1335 1829 1500 1876 adferre,

63 1896 216 1940 quantas
248 1887 452 1924 diceretur.
514 1886 584 1923 Cui
624 1885 854 1935 respondens
895 1887 975 1936 ipse
1008 1887 1083 1931 ait,
1123 1885 1162 1922 id
1191 1885 1377 1923 hominum
1413 1886 1502 1923 vitio

63 1944 239 1981 evenire:
281 1949 322 1979 ut
358 1942 455 1979 enim
487 1941 650 1990 quamvis
690 1941 785 1978 bona
825 1942 967 1978 semina
1004 1955 1078 1979 non
1118 1941 1155 1978 in
1195 1941 1362 1978 omnibus
1401 1941 1503 1990 agris

65 1999 162 2036 idem
193 1998 380 2044 efficiunt3
420 1998 470 2033 ita
498 2009 618 2046 neque
648 2003 871 2047 praecepta,
912 1996 1111 2046 quamlibet
1139 1995 1257 2041 bona,
1287 1997 1324 2033 in
1354 1995 1503 2045 quibus-

64 2055 155 2092 libet
184 2054 333 2091 animis.
394 2052 477 2089 Hoc
507 2059 628 2088 autem
660 2052 710 2088 ita
747 2052 910 2101 explicat
923 2051 1061 2104 ’ᾗῇ-ωε
1104 2053 1201 2090 Nam
1234 2058 1274 2089 ut
1310 2053 1403 2101 agri
1430 2064 1503 2089 non

64 2123 187 2148 omnes
203 2106 399 2160 fiwtgffere'
422 2113 534 2153 sunt,
567 2108 634 2157 qui
659 2108 855 2145 coluntur.-
875 2106 1098 2158 salsumque
1125 2107 1220 2145 illud
1246 2119 1292 2146 ae
1320 2106 1500 2158 improbe,

227 2187 316 2224 Etsi
341 2186 377 2223 in
408 2191 570 2235 segetem
598 2191 689 2222 sunt
714 2184 941 2222 deteriorem
970 2185 1083 2222 datae

226 2243 393 2291 Fruges,
426 2246 546 2278 tamen
577 2239 680 2290 ψεαρ
708 2246 841 2290 suapte
867 2246 1009 2277 natura
1036 2240 1201 2277 enitent:

570 2295 581 2311 ἱ

64 2321 119 2358 sie
146 2320 265 2357 animi
288 2330 360 2355 non
391 2329 514 2354 omnes
550 2317 646 2354 culte·
660 2316 841 2367 fructum
859 2315 1015 2366 ferunt.
1075 2314 1152 2354 Sed
1182 2315 1300 2352 latere
1337 2313 1399 2351 hic
1434 2313 1502 2351 ali-

65 2373 152 2426 quid
182 2374 287 2419 vitii,
331 2372 487 2423 primum
515 2369 678 2409 ostendit
705 2372 811 2422 prior
838 2384 996 2419 versus,
1037 2372 1099 2422 qui
1127 2370 1188 2409 vix
1219 2370 1310 2407 satis
1336 2369 1502 2406 numeris
1523 2375 1586 2406 409

144 2492 187 2526 -:·.:-)
217 2498 284 2526 cap.
304 2491 333 2519 9.
361 2490 392 2525 §—
413 2491 464 2519 32.
491 2489 545 2518 uhi
572 2497 663 2519 secus
690 2493 731 2521 ab
758 2491 903 2521 omnibus
933 2491 1020 2521 editt.
1048 2491 1217 2520 retentum.
1262 2489 1310 2521 Cf.
1338 2490 1443 2519 schol.
1471 2489 1503 2518 in

70 2533 197 2562 Terent.
218 2530 295 2564 Opp.
317 2530 404 2556 '1¹01n.
427 2530 464 2556 11.
486 2535 557 2563 pag.
577 2529 649 2557 658.

109 2618 127 2645 d
143 2577 211 2644 εκεῖ)
224 2576 527 2643 f1?ace-siusxnseritbeqe
545 2575 638 2605 malit
655 2576 876 2615 eonium-arunt,
908 2576 990 2612 quod
1010 2578 1140 2612 propter
1159 2577 1280 2611 verba,
1306 2583 1388 2611 quae
1408 2582 1505 2611 prae-

70 2626 106 2648 ce
131 2624 170 2645 un
195 2634 202 2649 ‚
237 2622 298 2642 ern
319 2621 358 2641 no
400 2622 440 2649 po
460 2622 517 2642 eS.

146 2663 239 2698 εῑεεῑεῑὶὲ)
268 2669 336 2696 cap.
360 2663 406 2690 11.
448 2661 585 2690 Orellius
613 2667 682 2689 cum
709 2662 849 2690 Mureto:
878 2661 989 2691 Itane?
1017 2664 1100 2698 quod
1124 2662 1187 2691 viri
1212 2662 1317 2696 optima*
1341 2662 1419 2696 cet„
1449 2662 1506 2691 sed

72 2704 180 2742 paullo
200 2703 272 2737 post
293 2708 309 2727 e
329 2699 418 2728 libris
438 2706 556 2727 caros
574 2700 604 2727 et
622 2699 772 2728 honestos.

148 2750 194 2789 ἦ)
216 2756 285 2783 cap.
309 2748 355 2776 12.
377 2747 407 2782 ὃ.
428 2748 478 2776 40.
501 2748 657 2781 aliquanto
677 2753 758 2774 nunc
777 2749 947 2782 receptum.

149 2798 222 2837 ἢ)
250 2803 318 2831 cap.
341 2796 388 2824 17.
409 2795 474 2823 init.
515 2794 667 2823 Oreltius:
694 2796 761 2830 Eyo
779 2802 840 2831 pro
865 2796 896 2824 te
920 2801 1001 2824 nunc
1025 2796 1096 2825 hos
1121 2797 1267 2831 consulo,
1296 2797 1367 2831 post
1392 2797 1510 2832 tempus

76 2840 111 2870 et
131 2839 164 2866 in
182 2837 282 2864 aliena
300 2841 353 2870 re,
374 2834 556 2868 quoniam
574 2834 607 2860 tu
628 2834 686 2860 cet.

155 2884 256 2924 {vt-5]
277 2883 384 2919 cap.5.
398 2883 488 2919 §.1:3.
513 2880 631 2912 Mureti
646 2879 896 2911 emendationem
909 2882 1099 2918 receperunt
1111 2881 1261 2921 wolfius,
1281 2882 1430 2922 Oxeuius,
1446 2884 1512 2915 alii.
