1726 3106
124 1436 187 1467 229

216 145 299 190 21⁴3
780 144 907 186 VAR.
940 144 1094 186 LECT.

215 259 357 310 inquit,
385 259 547 310 primum
587 263 694 295 ortus
733 263 790 295 est
825 269 848 294 a
880 255 1040 294 tribunis
1075 258 1228 294 militum
1256 268 1302 294 ae
1326 255 1536 308 praefectes
1561 259 1650 296 reli-

215 318 388 368 quisque,
418 315 487 364 qui
511 326 560 350 ez·
578 313 684 350 vurbe
714 313 901 350 amicitiae
934 324 1070 349 caussa
1100 313 1296 350 Caesarem
1327 313 1451 349 secuti
1474 326 1649 363 magnum

208 371 420 422 periculum
449 367 758 414 miserabantur3
793 368 892 418 quod
919 381 992 405 non
1023 380 1198 417 magnum
1229 369 1265 405 in
1291 380 1333 404 re
1362 368 1524 404 militari
1546 381 1650 405 usum

216 425 420 463 habebant.
479 424 535 461 lta
567 423 662 461 enim
695 423 832 461 habent
860 429 1008 460 veteres
1038 429 1112 459 tum
1143 423 1284 460 calamo
1316 423 1452 468 notati,
1489 429 1562 459 tum
1593 430 1649 474 ty-

214 481 271 531 pis
300 479 478 529 descripti
510 478 609 516 libri.
668 477 721 516 At
750 479 787 516 in
817 478 889 524 iis,
921 478 981 528 qui
1012 484 1143 528 postea
1172 477 1262 515 editi
1294 484 1400 522 sunt,
1439 476 1562 515 addita
1593 485 1652 515 est

214 535 380 585 negatio,
414 534 483 572 hoc
514 533 644 572 modo:
677 536 762 572 Non
790 546 968 582 magnum
989 534 1197 583 periculam
1227 533 1517 571 macerabantur.
1573 532 1650 571 Sed

214 591 275 641 qui
304 596 444 628 attente
475 596 588 627 totum
617 590 736 627 locum
762 588 1075 632 consideraverit,
1106 588 1215 626 facile
1245 589 1427 639 intelliget
1455 587 1651 640 legendum

214 658 324 684 esse:
354 647 539 696 Magnum
563 647 774 697 periculam
803 658 881 682 esse
909 643 1108 682 rebantur.

739 802 1025 842 CAPUT
1081 802 1135 842 V.

211 894 414 945 Expensus
451 895 554 933 locus
583 906 633 931 σω
660 894 845 931 Asinaria
873 892 1005 930 Plauti
1011 919 1025 938 ,
1061 892 1098 929 in
1129 905 1200 942 quo
1224 894 1338 942 pob‘m
1369 891 1447 941 ipse
1475 892 1651 942 quiddam

470 962 546 988 non
575 949 670 987 satis
700 962 749 986 ew
777 955 863 986 arte
880 946 1025 998 secisse
1052 947 1177 985 videri
1196 953 1324 997 polest
1341 943 1403 998 ᾗς).

211 1038 322 1098 CUM
350 1059 463 1097 animi
492 1073 628 1098 caussa
654 1058 777 1097 Plauti
799 1058 1014 1095 Asinariam
1046 1057 1275 1103 evolverem,
1307 1055 1479 1108 quiddam
1511 1057 1652 1107 reperi,

211 1114 308 1167 quod
348 1115 438 1153 mihi
472 1116 683 1166 scrupulum
722 1115 901 1161 obiecitp
928 1126 1048 1164 neque
1079 1112 1230 1150 audenti
1262 1125 1440 1151 accusare
1481 1109 1655 1164 ἀτεχνίαν

209 1171 359 1217 Plauti,
399 1184 520 1222 neque
555 1178 677 1208 tamen
712 1169 758 1208 ad
797 1182 880 1207 eum
921 1167 1194 1206 defendendum
1230 1181 1273 1206 ac
1311 1168 1568 1206 vindicandum
1607 1168 1652 1206 ab

210 1228 275 1265 illo
305 1227 461 1265 crimine
496 1226 691 1278 quidquam
723 1226 812 1263 satis
844 1224 1035 1275 probabile
1067 1224 1286 1275 reperienti.
1344 1223 1440 1261 Nam
1471 1225 1506 1261 in
1536 1225 1655 1276 prima

211 1283 335 1321 fabula
365 1295 481 1319 senex
510 1295 593 1319 cum
623 1281 771 1319 servulo
799 1280 1013 1330 colloquens
1043 1280 1142 1316 scire
1173 1291 1213 1316 se
1244 1278 1425 1325 ostendit,
1458 1279 1534 1317 silio
1563 1292 1654 1330 opus

212 1351 297 1377 esse
324 1338 456 1388 viginti
487 1337 609 1374 minis.
670 1336 727 1375 Ita
759 1335 856 1373 enim
887 1335 1049 1385 loquitur
1063 1332 1167 1387 **):

375 1427 488 1465 Nune
515 1425 630 1463 verba
658 1426 694 1462 ὑὶ
720 1436 847 1475 pauca
878 1422 1097 1474 corgseram,
1127 1423 1219 1472 quid
1246 1428 1282 1460 le
1311 1423 1433 1460 velim.

381 1482 531 1530 tageni
551 1482 624 1517 iam
654 1486 759 1517 usust
773 1479 865 1535 leio
895 1480 1055 1528 argenti
1078 1480 1203 1515 minis.

377 1537 478 1574 Face
507 1536 548 1573 id
575 1542 619 1573 ut
640 1541 820 1586 paratam
850 1535 923 1571 iam
947 1535 1012 1570 sit.

208 1622 331 1662 Multo
368 1629 491 1661 autem
534 1629 618 1673 post
647 1621 862 1672 Argyrippa
903 1620 987 1658 lena
1023 1631 1137 1670 super
1165 1618 1239 1656 illis
1269 1619 1399 1669 viginti
1432 1620 1541 1658 minis
1571 1633 1654 1658 cum

210 1678 448 1718 adolescente
477 1678 703 1730 paciscitur3
736 1689 892 1728 cumque
923 1675 1144 1714 adolescens
1175 1673 1332 1712 dixisset
1346 1671 1463 1728 ³ww),

297 1770 442 1815 Mane,
477 1780 614 1814 mane,
646 1767 753 1805 audi.
809 1767 906 1812 Dic,
946 1765 1037 1817 quid
1062 1777 1119 1801 me
1148 1776 1304 1814 aequum
1332 1777 1461 1802 censes
1485 1778 1559 1816 pro
1589 1765 1655 1803 illa

1042 1819 1115 1857 tihi
1138 1820 1248 1866 dare,

293 1882 451 1919 Annum
477 1879 576 1917 hunc
607 1891 655 1917 ne
681 1890 765 1916 eum
795 1877 971 1928 quiquam
999 1876 1076 1914 alio
1104 1875 1185 1913 sit?

212 1968 365 2007 subiicit
391 1968 534 2019 impura
562 1967 696 2005 mulier
708 1981 719 2003 z

659 2054 789 2094 Tene?
818 2053 960 2103 viginti
983 2053 1118 2090 minas.

291 2113 419 2163 Atque
449 2122 494 2148 ea
524 2111 631 2160 lege.-
660 2112 698 2148 εἰ
722 2111 820 2148 alius
848 2110 900 2146 acl
925 2121 982 2145 me
1003 2109 1116 2158 prius
1144 2107 1339 2152 attulerit,
1371 2112 1412 2145 tu
1439 2107 1533 2144 vale.

209 2200 314 2239 Ante
352 2199 468 2250 igitur
502 2197 708 2236 resciverat
740 2208 880 2242 senex,
918 2201 1093 2246 quantum
1133 2194 1278 2244 argenti
1309 2194 1384 2232 filio
1414 2207 1506 2245 opus
1535 2202 1653 2245 essct,

211 2269 320 2308 quam
359 2254 397 2292 id
426 2254 521 2292 filius
551 2253 630 2303 ipse
662 2265 708 2290 ex
737 2252 821 2290 lena
852 2262 1084 2300 cognoscere
1113 2251 1308 2300 potuisset.
1368 2249 1428 2287 Ac
1457 2251 1563 2296 scio,
1597 2253 1653 2288 vi-

213 2325 293 2349 sum
336 2322 420 2349 esse
465 2307 651 2347 nonnullis
691 2308 801 2345 etiam
842 2306 1061 2344 Terentium
1106 2306 1143 2342 in
1182 2304 1366 2357 Adelphis
1384 2304 1436 2358 †)
1479 2307 1653 2344 similiter

211 2367 331 2418 ipsum
369 2377 514 2417 quoque
551 2376 745 2415 peccasse.
805 2361 884 2400 Sed
911 2361 1083 2399 Terentii
1118 2360 1263 2411 quidem
1303 2374 1472 2399 caussam
1502 2369 1652 2401 veteres

213 2422 336 2460 critici
369 2421 477 2458 facile
508 2418 712 2469 expediunt
740 2431 895 2468 eumque
916 2417 1083 2454 omnibus
1110 2417 1296 2466 suffragiis
1317 2417 1490 2456 liberant.
1539 2417 1651 2456 Plau-

212 2478 329 2516 tinum
361 2477 458 2523 hoc,
489 2487 649 2522 vereor,
682 2481 720 2512 ut
748 2485 866 2526 aeque
893 2473 1002 2511 facile
1035 2470 1187 2510 defendi
1216 2479 1340 2524 queat.

287 2654 329 2691 a)
351 2654 398 2685 ef.
418 2654 472 2683 inf.
492 2653 546 2683 lib.
566 2654 649 2683 XIV.
669 2659 735 2689 cap.
758 2652 807 2684 16.

288 2715 358 2751 ειεεῑε)
378 2716 401 2743 1.
424 2715 460 2752 1,
482 2714 531 2743 75.

235 2811 242 2818 ·
287 2775 380 2810 *ik-*J
401 2775 424 2803 1.
445 2774 484 2812 3,
506 2773 556 2804 76.
594 2773 682 2802 mem
707 2773 797 2801 locus
823 2776 922 2806 supra
949 2770 1067 2799 allatus
1087 2768 1140 2798 lib.
1160 2769 1212 2800 Vl.
1241 2775 1311 2805 cap.
1332 2770 1361 2800 7.
1383 2768 1436 2799 ubi
1455 2775 1583 2805 aequom
1602 2769 1651 2797 le-

213 2820 326 2848 gumus.

287 2854 333 2909 ἦ)
353 2869 518 2901 Fortassis
538 2868 730 2906 significatur
750 2869 802 2901 lv.
825 2869 863 2904 1,
889 2868 918 2898 5.
949 2868 989 2898 de
1009 2874 1070 2904 quo
1090 2868 1159 2898 loco
1179 2867 1249 2903 agit
1268 2866 1350 2897 infra
1370 2867 1451 2897 xvl.
1472 2867 1503 2895 3.
1541 2867 1652 2898 rusi,
