1726 3106
516 133 617 173 ΠΒ.
647 134 701 174 Χ.
761 132 879 174 CAP.
911 133 985 174 lV.
1383 129 1464 173 217

35 248 254 291 illatarum,
290 246 328 283 εἰ
351 246 389 282 in
416 256 460 281 eo
489 249 705 289 manerent,
748 243 848 294 quod
874 244 1128 289 convenisset,
1169 242 1467 293 stipendiumque

36 303 236 353 quotannis
269 301 502 351 penderent.-
541 301 578 336 si
612 299 653 335 id
689 311 761 336 non
778 296 988 348 fecissent,
1028 300 1136 348 longe
1173 299 1219 335 z'z's
1249 296 1467 347 fraternum

35 370 165 395 nomen
189 357 325 406 populi,
347 355 510 392 Romam·
535 354 755 405 ascetarum.-
785 353 833 389 iis
863 353 1053 399 recitatis,
1086 352 1269 403 paululum
1299 351 1468 389 'substitit

35 411 242 449 Horatius:
285 416 345 454 et,
384 406 569 456 Quando,
608 408 746 458 iuquit,
785 407 873 444 mihi
905 408 1021 445 licere
1049 408 1222 453 voluisti,
1261 407 1382 444 omnia
1412 406 1467 444 di-

37 478 124 503 cere
156 477 249 515 quae
278 465 316 501 in
343 471 500 501 mentem
533 465 720 508 venirent,
753 475 824 499 non
854 461 1117 509 dissimulabo,
1148 462 1270 500 vereri
1305 475 1385 508 me,
1420 474 1468 499 ne

36 520 107 557 hoe
138 520 245 566 loco,
288 519 348 556 ubi
381 526 438 556 cst
468 519 684 570 afictaram,
721 530 791 554 una
822 517 945 554 littera
975 518 1110 554 extrita
1141 518 1216 568 legi
1247 516 1381 555 debeat
1397 516 1470 569 sa·

37 582 160 613 turum
175 571 232 620 ²⁰⁶).
300 573 452 611 Recens
492 575 588 611 enim
624 586 701 610 sum
740 584 762 608 a
799 572 959 610 lectione
995 572 1112 609 ultimi
1149 572 1369 620 Aeneidos,
1406 571 1470 610 ubi

35 629 269 667 commemini
299 629 348 666 ita
376 629 542 666 Turnum
569 629 668 679 loqui
684 623 783 680 με).

201 708 330 756 Longe
359 707 419 744 ille·
445 706 514 743 dea
545 711 666 743 mater
695 705 793 749 erit,
826 717 922 755 quae
951 704 1251 756 nzcbelegaeem

198 764 375 800 Feminea
407 768 514 811 tegat
540 767 580 798 et
607 761 712 797 vanis
738 773 819 797 sese
845 762 995 798 occulat
1020 761 1175 798 umbris.

34 847 88 886 Ut
126 861 216 899 ergo
254 849 330 886 illic
359 848 508 886 Turnus
553 848 732 892 minatur,
777 848 887 898 longe
917 847 1073 887 Aeneae
1104 849 1263 886 suturam
1292 855 1469 887 matrem:

36 904 88 941 ita
124 903 184 941 hic
214 903 451 950 Ariovistus,
491 905 600 953 longe
639 902 784 940 Aeduis
824 904 1028 941 fraternum
1061 917 1195 941 nomen
1229 905 1353 954 populi
1392 904 1473 941 Ro-

37 959 133 996 mani
165 960 261 996 fore.
320 960 414 997 Tum
446 972 543 1010 ego,
574 959 724 1004 Acute,
756 960 927 1009 inquam,
961 960 1056 996 istuc
1086 966 1124 996 at
1154 966 1213 1005 te,
1244 959 1403 1005 Horati,
1436 965 1474 996 et

36 1014 232 1063 ingeniose
273 1015 472 1064 cogitatum
513 1021 592 1050 est:
635 1020 697 1059 et,
736 1027 806 1064 quo
839 1015 905 1051 tibi
945 1015 1061 1065 magis
1097 1012 1207 1051 etiam
1238 1013 1282 1051 de
1311 1015 1380 1052 ista
1410 1021 1474 1051 tua

38 1069 253 1106 coniectura
283 1070 455 1119 placeas,
489 1069 608 1113 scito,
640 1068 795 1105 eandem
824 1068 990 1119 adprime
1020 1068 1154 1106 cruditi
1179 1070 1364 1116 hominis,
1398 1069 1475 1106 Ga-

37 1123 170 1161 brielis
200 1124 339 1161 Fa'c‘rni
382 1125 521 1168 fuisse,
562 1136 643 1160 cum
683 1137 754 1161 uno
797 1124 884 1170 illo,
927 1138 997 1175 quo
1038 1131 1074 1161 tu
1114 1138 1256 1175 quoque
1296 1138 1384 1162 usus
1414 1137 1472 1170 es,

37 1177 190 1228 Virgilii
228 1179 440 1216 testimonio
479 1179 684 1215 niteretur:
724 1186 899 1230 certeque
939 1179 1069 1216 codem
1108 1179 1215 1216 modo
1246 1180 1389 1217 locutus
1419 1186 1477 1216 est

38 1234 197 1284 optimus
235 1240 273 1270 et
309 1234 387 1284 ipse
423 1233 639 1270 Latinitatis
677 1241 829 1280 auctor,
875 1233 1060 1280 Ovidius,
1102 1240 1233 1271 octavo
1268 1234 1475 1272 Metamor-

36 1289 203 1340 phoseon
219 1285 320 1340 ***)
336 1303 347 1326 z

146 1378 271 1422 Pone,
303 1389 398 1426 age,
430 1389 497 1414 nec
532 1376 660 1414 titulos
690 1376 892 1426 intercipe,
914 1375 1092 1426 semina,
1123 1385 1290 1426 nostrae,

93 1445 98 1448 ·
154 1432 379 1470 Thestiadae
409 1433 594 1469 clamant:
626 1445 694 1469 nee
724 1439 759 1469 te
775 1432 928 1482 fiducia
946 1431 1104 1483 formae

147 1488 346 1537 Deczpz‘at:
372 1501 419 1525 ne
447 1488 499 1524 sit
529 1488 638 1536 longe
669 1487 742 1525 tz'bz'
767 1494 899 1538 captus
927 1499 1056 1525 amore

151 1544 316 1580 Auctor.

40 1626 118 1667 Sed
148 1635 271 1667 tamen
302 1641 384 1667 cum
416 1626 545 1666 eadem
573 1634 737 1666 veterum
768 1627 944 1667 librorum
970 1630 1153 1681 scriptura
1184 1630 1246 1677 sit,
1277 1644 1372 1683 quae
1400 1632 1479 1670 vul-

39 1690 141 1733 gata,
173 1684 264 1721 nihil
293 1691 352 1722 est
377 1696 549 1731 caussae,
579 1696 647 1721 cur
675 1683 871 1734 quidquam
901 1685 1109 1723 mutandum
1136 1693 1321 1736 putemus.
1381 1687 1480 1727 Nam

40 1739 111 1777 hoc
158 1752 302 1790 quoque
349 1739 506 1776 alterum
551 1738 727 1789 loquendi
768 1752 886 1789 genus
928 1741 1119 1779 veteribus
1156 1755 1227 1778 non
1266 1743 1482 1782 inusitatum

43 1794 186 1840 fuisse,
227 1807 274 1832 ex
303 1792 434 1832 eodem
462 1794 546 1839 illo,
585 1806 692 1844 quem
731 1793 838 1831 modo
868 1795 1005 1842 citavi,
1045 1795 1182 1835 Ovidio
1216 1799 1482 1849 cognoscitur3

42 1848 138 1900 apud
165 1862 272 1901 quem
302 1850 352 1887 ita
380 1849 538 1900 legimus
569 1848 664 1886 libro
694 1856 823 1899 quarto
835 1848 911 1903 †).

151 1938 249 1975 Hm'c
279 1950 443 1988 quoque,
475 1937 571 1975 vade
592 1938 736 1987 procul
743 1965 755 1983 ,
787 1950 833 1975 ne
863 1938 977 1989 longe
1002 1940 1132 1989 gloria
1162 1954 1307 1989 rerum,

158 1994 260 2042 Quas
287 1994 480 2038 mentiris,
512 1993 570 2030 ait
583 2019 596 2038 ,
629 1992 741 2042 longe
772 1992 845 2030 tibi
867 1995 1036 2045 Iuppiter
1064 1996 1177 2034 absit.

45 2079 162 2117 Paulo
191 2088 312 2118 autem
343 2080 440 2118 infra
470 2092 579 2125 eum,
621 2092 728 2130 quem
759 2079 862 2127 dixi,
904 2081 1081 2121 Caesaris
1111 2084 1229 2122 locum
1256 2083 1360 2123 locus
1389 2086 1484 2125 alius

47 2142 106 2172 est
133 2137 168 2172 in
200 2136 384 2181 omnibus,
417 2148 509 2186 quos
540 2147 611 2184 ego
641 2135 788 2185 quidem
806 2136 977 2182 viderim,
1009 2138 1113 2176 libris
1135 2138 1358 2190 depravatus
1375 2141 1487 2194 ††);

48 2203 155 2241 quem
192 2192 252 2241 qui
291 2204 408 2241 nuper
449 2190 650 2228 emendare
677 2191 1023 2245 v0111erunt†††)‚
1068 2195 1184 2244 magis
1215 2196 1325 2233 etiam
1357 2210 1489 2234 corru-

47 2252 199 2296 perunt.
259 2246 356 2283 Nam
387 2259 468 2283 cum
499 2243 657 2282 dixisset
684 2244 851 2293 Caesar,
896 2261 917 2285 e
947 2249 1137 2286 Gallorum
1176 2252 1410 2289 sermonibus
1440 2251 1487 2291 de

49 2301 319 2338 Germanorum
351 2302 486 2339 virtute
518 2307 655 2337 tantum
686 2303 855 2340 extitisse
885 2303 922 2340 in
951 2305 1117 2341 exercitu
1139 2305 1311 2343 Romano
1333 2314 1484 2354 metum,

51 2363 89 2393 ut
118 2369 190 2393 non
221 2356 461 2394 mediocriter
487 2356 648 2394 omnium
677 2363 820 2395 mentes
851 2359 1068 2411 animosque
1096 2361 1359 2413 perturbaret:
1399 2365 1486 2409 Hic,

51 2507 277 2575 torigsstflaec
296 2508 494 2555 “Pendatm'
516 2514 610 2545 ‘luam
629 2508 751 2545 aliqum
770 2510 860 2541 ⁰⁰⁰⁰·
880 2511 1079 2552 ⁰⁰¹¹fi1ma¹¹t‚
1102 2514 1269 2551 repudiata
1290 2516 1339 2546 est
1359 2517 1399 2546 ab
1420 2516 1489 2547 edi-

128 2603 196 2639 κὲ-ιὶε)
217 2610 248 2633 v.
268 2604 309 2633 52
328 2611 378 2640 sq.

127 2662 220 2699 εεῑῑεῦῑε]
241 2669 273 2692 ν.
293 2663 355 2693 433
373 2671 442 2702 sqq.
462 2664 516 2696 ubl
535 2671 616 2696 nunc
634 2663 765 2700 legitur:
785 2666 943 2706 Decipiat,
965 2667 1116 2706 longeque
1134 2670 1187 2700 cuo
1208 2672 1248 2701 sie
1266 2679 1291 2702 c.
1312 2677 1341 2701 a.

129 2722 176 2758 †}
196 2729 228 2751 v.
247 2721 310 2752 648
330 2730 379 2759 sq.

129 2781 204 2820 ††)
225 2788 294 2816 can.
314 2782 365 2812 39.

129 2840 230 2879 {vg-3²)
251 2840 366 2871 Faesio
388 2843 519 2879 tangere
539 2843 666 2875 videtur
686 2846 830 2876 Muretus
850 2846 961 2876 Franc.
979 2846 1236 2878 Hottomannum.

1506 1641 1568 1672 228
