<?xml version="1.0" encoding="UTF-8"?>
<!DOCTYPE html PUBLIC "-//W3C//DTD XHTML 1.0 Transitional//EN"
    "http://www.w3.org/TR/xhtml1/DTD/xhtml1-transitional.dtd">
<html xmlns="http://www.w3.org/1999/xhtml" xml:lang="en" lang="en">
 <head>
  <title>
</title>
<meta http-equiv="Content-Type" content="text/html;charset=utf-8" />
  <meta name='ocr-system' content='tesseract 3.04.00' />
  <meta name='ocr-capabilities' content='ocr_page ocr_carea ocr_par ocr_line ocrx_word'/>
</head>
<body>
  <div class='ocr_page' id='page_1' title='image "./operaomniaexmssa03mureuoft/operaomniaexmssa03mureuoft_0192.png"; bbox 0 0 1726 3106; ppageno 0'>
   <div class='ocr_carea' id='block_1_1' title="bbox 110 2267 173 2298">
    <p class='ocr_par' dir='ltr' id='par_1_1' title="bbox 110 2267 173 2298">
     <span class='ocr_line' id='line_1_1' title="bbox 110 2267 173 2298; baseline -0.016 0"><span class='ocrx_word' id='word_1_1' title='bbox 110 2267 173 2298; x_wconf 77' lang='lat'><strong>144</strong></span> 
     </span>
    </p>
   </div>
   <div class='ocr_carea' id='block_1_2' title="bbox 182 117 1057 161">
    <p class='ocr_par' dir='ltr' id='par_1_2' title="bbox 182 117 1057 161">
     <span class='ocr_line' id='line_1_2' title="bbox 182 117 1057 161; baseline -0.005 0"><span class='ocrx_word' id='word_1_2' title='bbox 182 117 263 161; x_wconf 84' lang='grc'><strong>136</strong></span> <span class='ocrx_word' id='word_1_3' title='bbox 745 118 873 158; x_wconf 75' lang='lat' dir='ltr'>VAR.</span> <span class='ocrx_word' id='word_1_4' title='bbox 904 117 1057 157; x_wconf 89' lang='lat' dir='ltr'><strong>LECT.</strong></span> 
     </span>
    </p>
   </div>
   <div class='ocr_carea' id='block_1_3' title="bbox 184 224 1635 997">
    <p class='ocr_par' dir='ltr' id='par_1_3' title="bbox 184 224 1635 997">
     <span class='ocr_line' id='line_1_3' title="bbox 184 224 1629 296; baseline 0.002 -29"><span class='ocrx_word' id='word_1_5' title='bbox 184 229 279 267; x_wconf 87' lang='lat' dir='ltr'><strong>haec</strong></span> <span class='ocrx_word' id='word_1_6' title='bbox 309 235 396 267; x_wconf 87' lang='lat' dir='ltr'><strong>sunt</strong></span> <span class='ocrx_word' id='word_1_7' title='bbox 412 226 483 282; x_wconf 62' lang='lat'><strong>¹⁵):</strong></span> <span class='ocrx_word' id='word_1_8' title='bbox 503 224 818 283; x_wconf 79' lang='grc' dir='ltr'><em>Ἀναμνήσθητε</em></span> <span class='ocrx_word' id='word_1_9' title='bbox 846 226 886 267; x_wconf 82' lang='grc' dir='ltr'><strong>δὲ</strong></span> <span class='ocrx_word' id='word_1_10' title='bbox 914 227 981 268; x_wconf 80' lang='grc' dir='ltr'><strong>καὶ</strong></span> <span class='ocrx_word' id='word_1_11' title='bbox 1007 225 1098 275; x_wconf 80' lang='grc' dir='ltr'><em>τοὺς</em></span> <span class='ocrx_word' id='word_1_12' title='bbox 1126 227 1360 296; x_wconf 78' lang='grc' dir='ltr'><em>προγόνους,</em></span> <span class='ocrx_word' id='word_1_13' title='bbox 1399 227 1452 277; x_wconf 82' lang='grc' dir='ltr'><strong>ὦς</strong></span> <span class='ocrx_word' id='word_1_14' title='bbox 1483 226 1629 284; x_wconf 80' lang='grc' dir='ltr'><em>ἆγαθοὶ</em></span> 
     </span>
     <span class='ocr_line' id='line_1_4' title="bbox 184 276 1628 349; baseline 0.001 -26"><span class='ocrx_word' id='word_1_15' title='bbox 184 283 251 324; x_wconf 76' lang='grc' dir='ltr'><strong>καὶ</strong></span> <span class='ocrx_word' id='word_1_16' title='bbox 272 281 468 335; x_wconf 78' lang='grc' dir='ltr'><em>σώφοονες</em></span> <span class='ocrx_word' id='word_1_17' title='bbox 494 276 606 335; x_wconf 73' lang='grc' dir='ltr'><em>ἦσαν,</em></span> <span class='ocrx_word' id='word_1_18' title='bbox 628 283 765 331; x_wconf 80' lang='grc' dir='ltr'><em>οίτινες</em></span> <span class='ocrx_word' id='word_1_19' title='bbox 793 280 1070 349; x_wconf 73' lang='grc' dir='ltr'>ἐξωστράκισαν</span> <span class='ocrx_word' id='word_1_20' title='bbox 1092 285 1252 335; x_wconf 83' lang='grc' dir='ltr'><em>Κίμωνα</em></span> <span class='ocrx_word' id='word_1_21' title='bbox 1280 282 1345 324; x_wconf 76' lang='grc' dir='ltr'><strong>διὰ</strong></span> <span class='ocrx_word' id='word_1_22' title='bbox 1371 286 1628 336; x_wconf 80' lang='grc' dir='ltr'><strong><em>παρανομίαν,</em></strong></span> 
     </span>
     <span class='ocr_line' id='line_1_5' title="bbox 188 336 1629 406; baseline 0.001 -27"><span class='ocrx_word' id='word_1_23' title='bbox 188 337 247 379; x_wconf 86' lang='grc' dir='ltr'><strong>ότι</strong></span> <span class='ocrx_word' id='word_1_24' title='bbox 272 343 318 394; x_wconf 80' lang='grc' dir='ltr'><strong>τῇ</strong></span> <span class='ocrx_word' id='word_1_25' title='bbox 343 337 493 406; x_wconf 77' lang='grc' dir='ltr'><em>ἀδελφῇ</em></span> <span class='ocrx_word' id='word_1_26' title='bbox 515 355 560 406; x_wconf 80' lang='grc' dir='ltr'><strong>τῃ</strong></span> <span class='ocrx_word' id='word_1_27' title='bbox 588 339 727 378; x_wconf 77' lang='grc' dir='ltr'><em>ἑαυτοῦ</em></span> <span class='ocrx_word' id='word_1_28' title='bbox 758 336 953 406; x_wconf 76' lang='grc' dir='ltr'><em>συνῴκισε.</em></span> <span class='ocrx_word' id='word_1_29' title='bbox 983 339 1107 378; x_wconf 77' lang='grc' dir='ltr'><em>καίτοι</em></span> <span class='ocrx_word' id='word_1_30' title='bbox 1135 338 1182 379; x_wconf 80' lang='grc' dir='ltr'><strong>οὐ</strong></span> <span class='ocrx_word' id='word_1_31' title='bbox 1212 338 1329 391; x_wconf 84' lang='grc' dir='ltr'><em>μόνον</em></span> <span class='ocrx_word' id='word_1_32' title='bbox 1355 338 1469 387; x_wconf 74' lang='grc' dir='ltr'><em>αὐτὸς</em></span> <span class='ocrx_word' id='word_1_33' title='bbox 1488 338 1629 391; x_wconf 75' lang='grc' dir='ltr'><strong><em>Ὀλυμ,-</em></strong></span> 
     </span>
     <span class='ocr_line' id='line_1_6' title="bbox 187 380 1632 461; baseline 0.001 -28"><span class='ocrx_word' id='word_1_34' title='bbox 187 395 364 445; x_wconf 81' lang='grc' dir='ltr'><em>πιονίκης</em></span> <span class='ocrx_word' id='word_1_35' title='bbox 391 394 454 444; x_wconf 81' lang='grc' dir='ltr'><em>ἠν,</em></span> <span class='ocrx_word' id='word_1_36' title='bbox 468 380 567 432; x_wconf 73' lang='grc' dir='ltr'><strong>ἀλλὰ</strong></span> <span class='ocrx_word' id='word_1_37' title='bbox 593 394 657 433; x_wconf 78' lang='grc' dir='ltr'><strong>καὶ</strong></span> <span class='ocrx_word' id='word_1_38' title='bbox 687 391 710 433; x_wconf 81' lang='grc' dir='ltr'>ὁ</span> <span class='ocrx_word' id='word_1_39' title='bbox 731 392 854 461; x_wconf 79' lang='grc' dir='ltr'><strong><em>πατὴρ</em></strong></span> <span class='ocrx_word' id='word_1_40' title='bbox 882 392 1001 433; x_wconf 80' lang='grc' dir='ltr'><em>αυτοῦ</em></span> <span class='ocrx_word' id='word_1_41' title='bbox 1021 392 1250 446; x_wconf 75' lang='grc' dir='ltr'><em>Μιλτιάδης.</em></span> <span class='ocrx_word' id='word_1_42' title='bbox 1281 393 1361 434; x_wconf 76' lang='grc' dir='ltr'><strong>ἀλλ’</strong></span> <span class='ocrx_word' id='word_1_43' title='bbox 1395 394 1499 447; x_wconf 76' lang='grc' dir='ltr'><em>ὅμως</em></span> <span class='ocrx_word' id='word_1_44' title='bbox 1517 393 1632 435; x_wconf 76' lang='grc' dir='ltr'><em>οὐδὲν</em></span> 
     </span>
     <span class='ocr_line' id='line_1_7' title="bbox 187 446 1631 514; baseline 0.001 -25"><span class='ocrx_word' id='word_1_45' title='bbox 187 465 258 489; x_wconf 68' lang='grc' dir='ltr'><strong>ὐπε</strong></span> <span class='ocrx_word' id='word_1_46' title='bbox 248 450 451 514; x_wconf 80' lang='grc' dir='ltr'><em>λογίζοντο</em></span> <span class='ocrx_word' id='word_1_47' title='bbox 474 446 540 495; x_wconf 76' lang='grc' dir='ltr'><strong>τὰς</strong></span> <span class='ocrx_word' id='word_1_48' title='bbox 562 450 682 496; x_wconf 79' lang='grc' dir='ltr'><em>νίκας.</em></span> <span class='ocrx_word' id='word_1_49' title='bbox 718 446 764 488; x_wconf 85' lang='grc' dir='ltr'><strong>οὐ</strong></span> <span class='ocrx_word' id='word_1_50' title='bbox 791 448 863 503; x_wconf 77' lang='grc' dir='ltr'><strong>γὰρ</strong></span> <span class='ocrx_word' id='word_1_51' title='bbox 894 449 936 489; x_wconf 81' lang='grc' dir='ltr'><strong>ἐκ</strong></span> <span class='ocrx_word' id='word_1_52' title='bbox 961 452 1037 488; x_wconf 82' lang='grc' dir='ltr'><em>τῶν</em></span> <span class='ocrx_word' id='word_1_53' title='bbox 1065 447 1240 502; x_wconf 75' lang='grc' dir='ltr'><em>ἀγώνων,</em></span> <span class='ocrx_word' id='word_1_54' title='bbox 1266 448 1344 490; x_wconf 72' lang='grc' dir='ltr'><strong>ἀλλ’</strong></span> <span class='ocrx_word' id='word_1_55' title='bbox 1379 450 1420 490; x_wconf 81' lang='grc' dir='ltr'><strong>ἐκ</strong></span> <span class='ocrx_word' id='word_1_56' title='bbox 1448 454 1525 490; x_wconf 77' lang='grc' dir='ltr'><em>τῶν</em></span> <span class='ocrx_word' id='word_1_57' title='bbox 1552 450 1631 490; x_wconf 81' lang='grc' dir='ltr'><strong><em>ε’πι-</em></strong></span> 
     </span>
     <span class='ocr_line' id='line_1_8' title="bbox 186 501 1628 556; baseline 0.001 -12"><span class='ocrx_word' id='word_1_58' title='bbox 186 501 430 556; x_wconf 77' lang='grc' dir='ltr'><em>τηδευματων</em></span> <span class='ocrx_word' id='word_1_59' title='bbox 478 503 627 556; x_wconf 80' lang='grc' dir='ltr'><em>ε’κρινον</em></span> <span class='ocrx_word' id='word_1_60' title='bbox 669 502 797 544; x_wconf 80' lang='grc' dir='ltr'><em>αὐτόν.</em></span> <span class='ocrx_word' id='word_1_61' title='bbox 863 506 902 543; x_wconf 90' lang='lat' dir='ltr'><strong>In</strong></span> <span class='ocrx_word' id='word_1_62' title='bbox 944 505 1103 554; x_wconf 74' lang='lat' dir='ltr'><strong>vulgatis</strong></span> <span class='ocrx_word' id='word_1_63' title='bbox 1140 513 1259 543; x_wconf 86' lang='lat' dir='ltr'><strong>tamen</strong></span> <span class='ocrx_word' id='word_1_64' title='bbox 1302 507 1407 544; x_wconf 84' lang='lat' dir='ltr'><strong>libris</strong></span> <span class='ocrx_word' id='word_1_65' title='bbox 1448 504 1628 554; x_wconf 79' lang='grc' dir='ltr'><em>Κόνωνα,</em></span> 
     </span>
     <span class='ocr_line' id='line_1_9' title="bbox 190 535 1632 612; baseline 0.001 -15"><span class='ocrx_word' id='word_1_66' title='bbox 190 573 263 597; x_wconf 91' lang='lat' dir='ltr'><strong>non</strong></span> <span class='ocrx_word' id='word_1_67' title='bbox 295 559 456 609; x_wconf 82' lang='grc' dir='ltr'><em>Κίμωνα</em></span> <span class='ocrx_word' id='word_1_68' title='bbox 484 560 545 609; x_wconf 81' lang='lat' dir='ltr'><strong>leg</strong></span> <span class='ocrx_word' id='word_1_69' title='bbox 532 561 664 597; x_wconf 91' lang='lat' dir='ltr'><strong>imus:</strong></span> <span class='ocrx_word' id='word_1_70' title='bbox 702 560 797 612; x_wconf 88' lang='lat' dir='ltr'><strong>quod</strong></span> <span class='ocrx_word' id='word_1_71' title='bbox 827 535 1028 598; x_wconf 55' lang='lat' dir='ltr'><strong>mendumo</strong></span> <span class='ocrx_word' id='word_1_72' title='bbox 1027 573 1112 597; x_wconf 89' lang='lat' dir='ltr'><strong>esse</strong></span> <span class='ocrx_word' id='word_1_73' title='bbox 1142 561 1375 598; x_wconf 86' lang='lat' dir='ltr'><strong>librariorum</strong></span> <span class='ocrx_word' id='word_1_74' title='bbox 1408 570 1509 612; x_wconf 83' lang='lat' dir='ltr'><strong>puto.</strong></span> <span class='ocrx_word' id='word_1_75' title='bbox 1569 562 1632 599; x_wconf 86' lang='lat' dir='ltr'><strong>Ab</strong></span> 
     </span>
     <span class='ocr_line' id='line_1_10' title="bbox 189 614 1635 667; baseline 0.001 -15"><span class='ocrx_word' id='word_1_76' title='bbox 189 615 274 652; x_wconf 84' lang='lat' dir='ltr'><strong>aliis</strong></span> <span class='ocrx_word' id='word_1_77' title='bbox 305 616 404 651; x_wconf 88' lang='lat' dir='ltr'><strong>enim</strong></span> <span class='ocrx_word' id='word_1_78' title='bbox 435 616 604 652; x_wconf 87' lang='lat' dir='ltr'><strong>omnibus</strong></span> <span class='ocrx_word' id='word_1_79' title='bbox 624 615 818 655; x_wconf 84' lang='lat' dir='ltr'>Cimonem</span> <span class='ocrx_word' id='word_1_80' title='bbox 850 616 976 653; x_wconf 88' lang='lat' dir='ltr'><strong>vocari</strong></span> <span class='ocrx_word' id='word_1_81' title='bbox 1007 614 1130 652; x_wconf 84' lang='lat' dir='ltr'><strong>video.</strong></span> <span class='ocrx_word' id='word_1_82' title='bbox 1180 615 1312 667; x_wconf 82' lang='lat' dir='ltr'><strong>Neque</strong></span> <span class='ocrx_word' id='word_1_83' title='bbox 1337 617 1479 667; x_wconf 77' lang='lat' dir='ltr'><strong>pigebit</strong></span> <span class='ocrx_word' id='word_1_84' title='bbox 1506 630 1635 655; x_wconf 87' lang='lat' dir='ltr'><strong>emen-</strong></span> 
     </span>
     <span class='ocr_line' id='line_1_11' title="bbox 190 668 1634 721; baseline 0.003 -15"><span class='ocrx_word' id='word_1_85' title='bbox 190 668 280 706; x_wconf 87' lang='lat' dir='ltr'><strong>dare</strong></span> <span class='ocrx_word' id='word_1_86' title='bbox 313 670 431 707; x_wconf 87' lang='lat' dir='ltr'><strong>locum</strong></span> <span class='ocrx_word' id='word_1_87' title='bbox 463 670 644 721; x_wconf 81' lang='lat' dir='ltr'>quendam</span> <span class='ocrx_word' id='word_1_88' title='bbox 676 684 696 708; x_wconf 90' lang='lat' dir='ltr'><strong>e</strong></span> <span class='ocrx_word' id='word_1_89' title='bbox 730 671 821 708; x_wconf 89' lang='lat' dir='ltr'><strong>libro</strong></span> <span class='ocrx_word' id='word_1_90' title='bbox 860 678 965 708; x_wconf 83' lang='lat' dir='ltr'><strong>sexto</strong></span> <span class='ocrx_word' id='word_1_91' title='bbox 998 671 1145 707; x_wconf 85' lang='lat' dir='ltr'><strong>Valerii</strong></span> <span class='ocrx_word' id='word_1_92' title='bbox 1181 671 1453 720; x_wconf 63' lang='lat' dir='ltr'><strong>Maximi**)‚</strong></span> <span class='ocrx_word' id='word_1_93' title='bbox 1496 672 1555 709; x_wconf 91' lang='lat' dir='ltr'><strong>ubi</strong></span> <span class='ocrx_word' id='word_1_94' title='bbox 1587 670 1634 710; x_wconf 82' lang='lat' dir='ltr'><strong>de</strong></span> 
     </span>
     <span class='ocr_line' id='line_1_12' title="bbox 190 724 1635 777; baseline 0.002 -16"><span class='ocrx_word' id='word_1_95' title='bbox 190 724 261 762; x_wconf 91' lang='lat' dir='ltr'><strong>hoc</strong></span> <span class='ocrx_word' id='word_1_96' title='bbox 292 725 373 775; x_wconf 90' lang='lat' dir='ltr'><strong>ipso</strong></span> <span class='ocrx_word' id='word_1_97' title='bbox 403 724 561 763; x_wconf 82' lang='lat' dir='ltr'>Cimone</span> <span class='ocrx_word' id='word_1_98' title='bbox 592 727 642 762; x_wconf 84' lang='lat' dir='ltr'><strong>ita</strong></span> <span class='ocrx_word' id='word_1_99' title='bbox 672 727 847 776; x_wconf 87' lang='lat' dir='ltr'><strong>scriptum</strong></span> <span class='ocrx_word' id='word_1_100' title='bbox 878 733 954 764; x_wconf 89' lang='lat' dir='ltr'><strong>est:</strong></span> <span class='ocrx_word' id='word_1_101' title='bbox 992 727 1154 763; x_wconf 72' lang='lat' dir='ltr'><strong>Cimonis</strong></span> <span class='ocrx_word' id='word_1_102' title='bbox 1181 740 1268 764; x_wconf 72' lang='lat' dir='ltr'><strong>vero</strong></span> <span class='ocrx_word' id='word_1_103' title='bbox 1296 728 1525 765; x_wconf 73' lang='lat' dir='ltr'><strong>incunabula</strong></span> <span class='ocrx_word' id='word_1_104' title='bbox 1555 728 1635 777; x_wconf 77' lang='lat' dir='ltr'><strong>opi-</strong></span> 
     </span>
     <span class='ocr_line' id='line_1_13' title="bbox 189 780 1635 833; baseline 0.001 -16"><span class='ocrx_word' id='word_1_105' title='bbox 189 782 300 818; x_wconf 82' lang='lat' dir='ltr'><strong>m&#39;one</strong></span> <span class='ocrx_word' id='word_1_106' title='bbox 327 782 512 818; x_wconf 68' lang='lat' dir='ltr'><strong>stultitiae</strong></span> <span class='ocrx_word' id='word_1_107' title='bbox 540 781 709 832; x_wconf 74' lang='lat' dir='ltr'><strong>suerunt</strong></span> <span class='ocrx_word' id='word_1_108' title='bbox 737 780 894 831; x_wconf 60' lang='lat' dir='ltr'><strong>referia.</strong></span> <span class='ocrx_word' id='word_1_109' title='bbox 956 782 1130 818; x_wconf 68' lang='lat' dir='ltr'><strong>Eiusdem</strong></span> <span class='ocrx_word' id='word_1_110' title='bbox 1163 783 1346 819; x_wconf 70' lang='lat' dir='ltr'><strong>stultitiae</strong></span> <span class='ocrx_word' id='word_1_111' title='bbox 1386 784 1542 833; x_wconf 68' lang='lat' dir='ltr'><strong>imperia</strong></span> <span class='ocrx_word' id='word_1_112' title='bbox 1571 794 1635 819; x_wconf 79' lang='lat' dir='ltr'><strong>sa-</strong></span> 
     </span>
     <span class='ocr_line' id='line_1_14' title="bbox 191 835 1635 888; baseline 0.001 -16"><span class='ocrx_word' id='word_1_113' title='bbox 191 836 335 873; x_wconf 74' lang='lat' dir='ltr'><strong>lutaria</strong></span> <span class='ocrx_word' id='word_1_114' title='bbox 351 836 605 873; x_wconf 74' lang='lat' dir='ltr'><em>Athenienses</em></span> <span class='ocrx_word' id='word_1_115' title='bbox 633 843 846 874; x_wconf 74' lang='lat' dir='ltr'><strong>senserunt.</strong></span> <span class='ocrx_word' id='word_1_116' title='bbox 895 835 979 885; x_wconf 83' lang='lat' dir='ltr'><strong>Ego</strong></span> <span class='ocrx_word' id='word_1_117' title='bbox 1011 843 1134 872; x_wconf 86' lang='lat' dir='ltr'><strong>autem</strong></span> <span class='ocrx_word' id='word_1_118' title='bbox 1166 849 1238 873; x_wconf 92' lang='lat' dir='ltr'><strong>non</strong></span> <span class='ocrx_word' id='word_1_119' title='bbox 1269 836 1412 882; x_wconf 88' lang='lat' dir='ltr'><strong>dubito,</strong></span> <span class='ocrx_word' id='word_1_120' title='bbox 1445 838 1531 888; x_wconf 93' lang='lat' dir='ltr'><strong>quin</strong></span> <span class='ocrx_word' id='word_1_121' title='bbox 1561 850 1635 875; x_wconf 81' lang='lat' dir='ltr'><strong>vox</strong></span> 
     </span>
     <span class='ocr_line' id='line_1_15' title="bbox 189 890 1633 941; baseline 0.002 -14"><span class='ocrx_word' id='word_1_122' title='bbox 189 891 375 927; x_wconf 78' lang='lat' dir='ltr'><strong>stultitiae</strong></span> <span class='ocrx_word' id='word_1_123' title='bbox 411 903 432 928; x_wconf 92' lang='lat' dir='ltr'><strong>e</strong></span> <span class='ocrx_word' id='word_1_124' title='bbox 471 891 673 941; x_wconf 77' lang='lat' dir='ltr'>posteriori</span> <span class='ocrx_word' id='word_1_125' title='bbox 716 891 798 928; x_wconf 90' lang='lat' dir='ltr'><strong>loco</strong></span> <span class='ocrx_word' id='word_1_126' title='bbox 844 890 1001 928; x_wconf 87' lang='lat' dir='ltr'><strong>delenda</strong></span> <span class='ocrx_word' id='word_1_127' title='bbox 1042 892 1104 928; x_wconf 86' lang='lat' dir='ltr'><strong>sit.</strong></span> <span class='ocrx_word' id='word_1_128' title='bbox 1176 891 1343 929; x_wconf 86' lang='lat' dir='ltr'>Cimonis</span> <span class='ocrx_word' id='word_1_129' title='bbox 1384 893 1504 940; x_wconf 84' lang='lat' dir='ltr'><strong>enim,</strong></span> <span class='ocrx_word' id='word_1_130' title='bbox 1558 905 1633 930; x_wconf 87' lang='lat' dir='ltr'><strong>non</strong></span> 
     </span>
     <span class='ocr_line' id='line_1_16' title="bbox 191 944 1400 997; baseline 0.002 -15"><span class='ocrx_word' id='word_1_131' title='bbox 191 945 396 992; x_wconf 81' lang='lat' dir='ltr'><strong>stultitiae,</strong></span> <span class='ocrx_word' id='word_1_132' title='bbox 428 944 518 983; x_wconf 90' lang='lat' dir='ltr'><strong>dicit</strong></span> <span class='ocrx_word' id='word_1_133' title='bbox 549 946 705 997; x_wconf 84' lang='lat' dir='ltr'><strong>imperia</strong></span> <span class='ocrx_word' id='word_1_134' title='bbox 735 945 1036 985; x_wconf 85' lang='lat' dir='ltr'><strong>Atheniensibus</strong></span> <span class='ocrx_word' id='word_1_135' title='bbox 1064 946 1241 984; x_wconf 82' lang='lat' dir='ltr'><strong>salutaria</strong></span> <span class='ocrx_word' id='word_1_136' title='bbox 1270 947 1400 984; x_wconf 83' lang='lat' dir='ltr'><strong>fuisse.</strong></span> 
     </span>
    </p>
   </div>
   <div class='ocr_carea' id='block_1_4' title="bbox 712 1090 1110 1131">
    <p class='ocr_par' dir='ltr' id='par_1_4' title="bbox 712 1090 1110 1131">
     <span class='ocr_line' id='line_1_17' title="bbox 712 1090 1110 1131; baseline -0.003 -1"><span class='ocrx_word' id='word_1_137' title='bbox 712 1090 997 1131; x_wconf 90' lang='lat' dir='ltr'><strong>CAPUT</strong></span> <span class='ocrx_word' id='word_1_138' title='bbox 1052 1091 1110 1129; x_wconf 87' lang='grc' dir='ltr'><strong>ΙΙ.</strong></span> 
     </span>
    </p>
   </div>
   <div class='ocr_carea' id='block_1_5' title="bbox 191 1168 1638 1330">
    <p class='ocr_par' dir='ltr' id='par_1_5' title="bbox 191 1168 1638 1330">
     <span class='ocr_line' id='line_1_18' title="bbox 191 1168 1638 1208; baseline 0 -3"><span class='ocrx_word' id='word_1_139' title='bbox 191 1169 249 1206; x_wconf 88' lang='lat' dir='ltr'><strong>De</strong></span> <span class='ocrx_word' id='word_1_140' title='bbox 276 1168 547 1206; x_wconf 71' lang='lat' dir='ltr'><strong>consuetudine</strong></span> <span class='ocrx_word' id='word_1_141' title='bbox 579 1171 808 1208; x_wconf 74' lang='lat' dir='ltr'><strong>Graecorum</strong></span> <span class='ocrx_word' id='word_1_142' title='bbox 845 1183 919 1208; x_wconf 80' lang='lat' dir='ltr'><strong>non</strong></span> <span class='ocrx_word' id='word_1_143' title='bbox 949 1169 1158 1208; x_wconf 69' lang='lat' dir='ltr'><strong>adhibendi</strong></span> <span class='ocrx_word' id='word_1_144' title='bbox 1181 1169 1357 1207; x_wconf 76' lang='lat' dir='ltr'><strong>honestas</strong></span> <span class='ocrx_word' id='word_1_145' title='bbox 1382 1168 1556 1206; x_wconf 69' lang='lat' dir='ltr'><strong>mulieres</strong></span> <span class='ocrx_word' id='word_1_146' title='bbox 1585 1168 1638 1206; x_wconf 83' lang='lat' dir='ltr'><strong>ad</strong></span> 
     </span>
     <span class='ocr_line' id='line_1_19' title="bbox 261 1225 1562 1263; baseline 0.001 -2"><span class='ocrx_word' id='word_1_147' title='bbox 261 1225 427 1262; x_wconf 74' lang='lat' dir='ltr'><strong>convivia</strong></span> <span class='ocrx_word' id='word_1_148' title='bbox 455 1225 635 1262; x_wconf 73' lang='lat' dir='ltr'><strong>virorum.</strong></span> <span class='ocrx_word' id='word_1_149' title='bbox 694 1228 917 1263; x_wconf 71' lang='lat' dir='ltr'><strong>Illustratzts</strong></span> <span class='ocrx_word' id='word_1_150' title='bbox 947 1227 1050 1263; x_wconf 76' lang='lat' dir='ltr'><strong>locus</strong></span> <span class='ocrx_word' id='word_1_151' title='bbox 1079 1238 1129 1262; x_wconf 78' lang='lat' dir='ltr'><strong>eoe</strong></span> <span class='ocrx_word' id='word_1_152' title='bbox 1157 1225 1340 1262; x_wconf 75' lang='lat' dir='ltr'><em>Eunucho</em></span> <span class='ocrx_word' id='word_1_153' title='bbox 1374 1225 1562 1262; x_wconf 74' lang='lat' dir='ltr'><strong>Terentii:</strong></span> 
     </span>
     <span class='ocr_line' id='line_1_20' title="bbox 358 1280 1469 1330; baseline 0 -14"><span class='ocrx_word' id='word_1_154' title='bbox 358 1280 516 1329; x_wconf 75' lang='lat' dir='ltr'><strong>itemque</strong></span> <span class='ocrx_word' id='word_1_155' title='bbox 547 1281 649 1318; x_wconf 80' lang='lat' dir='ltr'><strong>locus</strong></span> <span class='ocrx_word' id='word_1_156' title='bbox 679 1281 872 1318; x_wconf 65' lang='lat' dir='ltr'><strong>Cc&#39;ceromls·</strong></span> <span class='ocrx_word' id='word_1_157' title='bbox 901 1293 921 1317; x_wconf 89' lang='lat' dir='ltr'><strong>e</strong></span> <span class='ocrx_word' id='word_1_158' title='bbox 950 1280 1046 1318; x_wconf 72' lang='lat' dir='ltr'><strong>libro</strong></span> <span class='ocrx_word' id='word_1_159' title='bbox 1070 1280 1196 1330; x_wconf 71' lang='lat' dir='ltr'><strong>primo</strong></span> <span class='ocrx_word' id='word_1_160' title='bbox 1226 1281 1263 1316; x_wconf 77' lang='lat' dir='ltr'><strong>in</strong></span> <span class='ocrx_word' id='word_1_161' title='bbox 1298 1281 1469 1317; x_wconf 78' lang='lat' dir='ltr'><em>Verrem.</em></span> 
     </span>
    </p>
   </div>
   <div class='ocr_carea' id='block_1_6' title="bbox 191 1358 1642 2591">
    <p class='ocr_par' dir='ltr' id='par_1_6' title="bbox 191 1358 1642 2591">
     <span class='ocr_line' id='line_1_21' title="bbox 191 1358 1638 1429; baseline 0.001 -15"><span class='ocrx_word' id='word_1_162' title='bbox 191 1358 249 1416; x_wconf 82' lang='lat' dir='ltr'><strong>IN</strong></span> <span class='ocrx_word' id='word_1_163' title='bbox 279 1377 462 1416; x_wconf 89' lang='lat' dir='ltr'><strong>conviviis</strong></span> <span class='ocrx_word' id='word_1_164' title='bbox 491 1377 645 1416; x_wconf 90' lang='lat' dir='ltr'><strong>liberius</strong></span> <span class='ocrx_word' id='word_1_165' title='bbox 675 1385 713 1415; x_wconf 88' lang='lat' dir='ltr'><strong>ct</strong></span> <span class='ocrx_word' id='word_1_166' title='bbox 733 1378 885 1416; x_wconf 90' lang='lat' dir='ltr'><strong>hilarius</strong></span> <span class='ocrx_word' id='word_1_167' title='bbox 915 1378 996 1415; x_wconf 85' lang='lat' dir='ltr'><strong>fere</strong></span> <span class='ocrx_word' id='word_1_168' title='bbox 1027 1378 1126 1428; x_wconf 89' lang='lat' dir='ltr'><strong>loqui</strong></span> <span class='ocrx_word' id='word_1_169' title='bbox 1155 1378 1325 1416; x_wconf 89' lang='lat' dir='ltr'><strong>homines</strong></span> <span class='ocrx_word' id='word_1_170' title='bbox 1345 1378 1489 1416; x_wconf 83' lang='lat' dir='ltr'><strong>solent:</strong></span> <span class='ocrx_word' id='word_1_171' title='bbox 1517 1390 1638 1429; x_wconf 86' lang='lat' dir='ltr'><strong>neque</strong></span> 
     </span>
     <span class='ocr_line' id='line_1_22' title="bbox 192 1433 1638 1484; baseline 0 -14"><span class='ocrx_word' id='word_1_172' title='bbox 192 1433 384 1484; x_wconf 86' lang='lat' dir='ltr'><strong>quisquam</strong></span> <span class='ocrx_word' id='word_1_173' title='bbox 421 1433 473 1471; x_wconf 87' lang='lat' dir='ltr'><strong>ita</strong></span> <span class='ocrx_word' id='word_1_174' title='bbox 509 1445 663 1470; x_wconf 90' lang='lat' dir='ltr'><strong>severus</strong></span> <span class='ocrx_word' id='word_1_175' title='bbox 698 1441 779 1480; x_wconf 90' lang='lat' dir='ltr'><strong>est,</strong></span> <span class='ocrx_word' id='word_1_176' title='bbox 818 1434 880 1484; x_wconf 91' lang='lat' dir='ltr'><strong>qui</strong></span> <span class='ocrx_word' id='word_1_177' title='bbox 918 1447 989 1470; x_wconf 92' lang='lat' dir='ltr'><strong>non</strong></span> <span class='ocrx_word' id='word_1_178' title='bbox 1027 1434 1126 1471; x_wconf 86' lang='lat' dir='ltr'><strong>inter</strong></span> <span class='ocrx_word' id='word_1_179' title='bbox 1163 1434 1287 1472; x_wconf 84' lang='lat' dir='ltr'><strong>vinum</strong></span> <span class='ocrx_word' id='word_1_180' title='bbox 1331 1440 1368 1471; x_wconf 87' lang='lat' dir='ltr'><strong>et</strong></span> <span class='ocrx_word' id='word_1_181' title='bbox 1397 1433 1525 1484; x_wconf 82' lang='lat' dir='ltr'><strong>epulas</strong></span> <span class='ocrx_word' id='word_1_182' title='bbox 1560 1440 1638 1471; x_wconf 87' lang='lat' dir='ltr'><strong>tum</strong></span> 
     </span>
     <span class='ocr_line' id='line_1_23' title="bbox 193 1487 1638 1538; baseline 0 -12"><span class='ocrx_word' id='word_1_183' title='bbox 193 1489 339 1526; x_wconf 85' lang='lat' dir='ltr'><strong>ioeetur</strong></span> <span class='ocrx_word' id='word_1_184' title='bbox 367 1488 550 1526; x_wconf 89' lang='lat' dir='ltr'><strong>interdum</strong></span> <span class='ocrx_word' id='word_1_185' title='bbox 585 1489 681 1538; x_wconf 81' lang='lat' dir='ltr'><strong>ipse,</strong></span> <span class='ocrx_word' id='word_1_186' title='bbox 713 1495 787 1526; x_wconf 84' lang='lat' dir='ltr'><strong>tum</strong></span> <span class='ocrx_word' id='word_1_187' title='bbox 820 1489 980 1526; x_wconf 80' lang='lat' dir='ltr'><strong>libenter</strong></span> <span class='ocrx_word' id='word_1_188' title='bbox 1009 1489 1177 1526; x_wconf 87' lang='lat' dir='ltr'><strong>iocantes</strong></span> <span class='ocrx_word' id='word_1_189' title='bbox 1209 1489 1303 1526; x_wconf 87' lang='lat' dir='ltr'><strong>alios</strong></span> <span class='ocrx_word' id='word_1_190' title='bbox 1332 1487 1470 1526; x_wconf 85' lang='lat' dir='ltr'><strong>audiat.</strong></span> <span class='ocrx_word' id='word_1_191' title='bbox 1529 1488 1638 1526; x_wconf 85' lang='lat' dir='ltr'><strong>Fieri</strong></span> 
     </span>
     <span class='ocr_line' id='line_1_24' title="bbox 192 1543 1639 1594; baseline 0 -13"><span class='ocrx_word' id='word_1_192' title='bbox 192 1550 316 1582; x_wconf 81' lang='lat' dir='ltr'><strong>autem</strong></span> <span class='ocrx_word' id='word_1_193' title='bbox 346 1544 407 1581; x_wconf 76' lang='lat' dir='ltr'><strong>vix</strong></span> <span class='ocrx_word' id='word_1_194' title='bbox 431 1549 569 1594; x_wconf 90' lang='lat' dir='ltr'><strong>potest,</strong></span> <span class='ocrx_word' id='word_1_195' title='bbox 601 1544 686 1593; x_wconf 93' lang='lat' dir='ltr'><strong>quin</strong></span> <span class='ocrx_word' id='word_1_196' title='bbox 717 1557 834 1581; x_wconf 83' lang='lat' dir='ltr'><strong>vacuo</strong></span> <span class='ocrx_word' id='word_1_197' title='bbox 862 1551 899 1580; x_wconf 87' lang='lat' dir='ltr'><strong>et</strong></span> <span class='ocrx_word' id='word_1_198' title='bbox 928 1544 1046 1580; x_wconf 89' lang='lat' dir='ltr'><strong>soluto</strong></span> <span class='ocrx_word' id='word_1_199' title='bbox 1077 1544 1200 1580; x_wconf 84' lang='lat' dir='ltr'><strong>animo</strong></span> <span class='ocrx_word' id='word_1_200' title='bbox 1231 1543 1439 1580; x_wconf 88' lang='lat' dir='ltr'><strong>iocantibus</strong></span> <span class='ocrx_word' id='word_1_201' title='bbox 1469 1556 1639 1581; x_wconf 91' lang='lat' dir='ltr'><strong>nonnun-</strong></span> 
     </span>
     <span class='ocr_line' id='line_1_25' title="bbox 194 1596 1640 1650; baseline 0 -14"><span class='ocrx_word' id='word_1_202' title='bbox 194 1611 301 1650; x_wconf 82' lang='lat' dir='ltr'><strong>quam</strong></span> <span class='ocrx_word' id='word_1_203' title='bbox 340 1612 465 1649; x_wconf 79' lang='lat' dir='ltr'><strong>parum</strong></span> <span class='ocrx_word' id='word_1_204' title='bbox 496 1598 746 1636; x_wconf 86' lang='lat' dir='ltr'><strong>verecundum</strong></span> <span class='ocrx_word' id='word_1_205' title='bbox 775 1596 912 1649; x_wconf 82' lang='lat' dir='ltr'><strong>aliquid</strong></span> <span class='ocrx_word' id='word_1_206' title='bbox 938 1597 1108 1635; x_wconf 78' lang='lat' dir='ltr'><strong>excidat:</strong></span> <span class='ocrx_word' id='word_1_207' title='bbox 1153 1597 1323 1648; x_wconf 89' lang='lat' dir='ltr'><strong>quodque</strong></span> <span class='ocrx_word' id='word_1_208' title='bbox 1354 1598 1387 1635; x_wconf 89' lang='lat' dir='ltr'><strong>si</strong></span> <span class='ocrx_word' id='word_1_209' title='bbox 1417 1598 1504 1635; x_wconf 83' lang='lat' dir='ltr'><strong>alibi</strong></span> <span class='ocrx_word' id='word_1_210' title='bbox 1535 1597 1640 1636; x_wconf 90' lang='lat' dir='ltr'><strong>dice-</strong></span> 
     </span>
     <span class='ocr_line' id='line_1_26' title="bbox 193 1652 1640 1704; baseline 0 -12"><span class='ocrx_word' id='word_1_211' title='bbox 193 1661 324 1699; x_wconf 79' lang='lat' dir='ltr'><strong>retur,</strong></span> <span class='ocrx_word' id='word_1_212' title='bbox 364 1653 662 1704; x_wconf 79' lang='lat' dir='ltr'><strong>reprehensione</strong></span> <span class='ocrx_word' id='word_1_213' title='bbox 701 1654 833 1690; x_wconf 85' lang='lat' dir='ltr'><strong>merita</strong></span> <span class='ocrx_word' id='word_1_214' title='bbox 871 1666 943 1690; x_wconf 95' lang='lat' dir='ltr'><strong>non</strong></span> <span class='ocrx_word' id='word_1_215' title='bbox 984 1660 1147 1691; x_wconf 80' lang='lat' dir='ltr'><strong>careret.</strong></span> <span class='ocrx_word' id='word_1_216' title='bbox 1209 1654 1399 1701; x_wconf 80' lang='lat' dir='ltr'><strong>Quocirca</strong></span> <span class='ocrx_word' id='word_1_217' title='bbox 1436 1652 1640 1704; x_wconf 77' lang='lat' dir='ltr'><strong>prudenter</strong></span> 
     </span>
     <span class='ocr_line' id='line_1_27' title="bbox 194 1708 1641 1747; baseline 0 -1"><span class='ocrx_word' id='word_1_218' title='bbox 194 1710 279 1747; x_wconf 92' lang='lat' dir='ltr'><strong>olim</strong></span> <span class='ocrx_word' id='word_1_219' title='bbox 313 1708 539 1747; x_wconf 87' lang='lat' dir='ltr'><strong>Graecorum</strong></span> <span class='ocrx_word' id='word_1_220' title='bbox 579 1708 811 1746; x_wconf 86' lang='lat' dir='ltr'><strong>consuetudo</strong></span> <span class='ocrx_word' id='word_1_221' title='bbox 851 1708 1068 1746; x_wconf 86' lang='lat' dir='ltr'><strong>muliebrem</strong></span> <span class='ocrx_word' id='word_1_222' title='bbox 1109 1721 1236 1745; x_wconf 78' lang='lat' dir='ltr'><strong>sexum</strong></span> <span class='ocrx_word' id='word_1_223' title='bbox 1273 1723 1294 1746; x_wconf 88' lang='lat' dir='ltr'><strong>a</strong></span> <span class='ocrx_word' id='word_1_224' title='bbox 1325 1709 1507 1746; x_wconf 77' lang='lat' dir='ltr'><strong>conviviis</strong></span> <span class='ocrx_word' id='word_1_225' title='bbox 1538 1722 1641 1746; x_wconf 81' lang='lat' dir='ltr'><strong>amo-</strong></span> 
     </span>
     <span class='ocr_line' id='line_1_28' title="bbox 193 1764 1640 1815; baseline -0.001 -13"><span class='ocrx_word' id='word_1_226' title='bbox 193 1771 324 1803; x_wconf 86' lang='lat' dir='ltr'><strong>verat:</strong></span> <span class='ocrx_word' id='word_1_227' title='bbox 358 1777 480 1815; x_wconf 91' lang='lat' dir='ltr'><strong>neque</strong></span> <span class='ocrx_word' id='word_1_228' title='bbox 506 1764 576 1802; x_wconf 81' lang='lat' dir='ltr'><strong>ulla</strong></span> <span class='ocrx_word' id='word_1_229' title='bbox 605 1765 642 1802; x_wconf 91' lang='lat' dir='ltr'><strong>in</strong></span> <span class='ocrx_word' id='word_1_230' title='bbox 673 1765 835 1802; x_wconf 90' lang='lat' dir='ltr'><strong>virorum</strong></span> <span class='ocrx_word' id='word_1_231' title='bbox 865 1764 1065 1815; x_wconf 83' lang='lat' dir='ltr'><strong>symposiis</strong></span> <span class='ocrx_word' id='word_1_232' title='bbox 1095 1764 1337 1802; x_wconf 86' lang='lat' dir='ltr'><strong>accumbebat</strong></span> <span class='ocrx_word' id='word_1_233' title='bbox 1366 1764 1524 1810; x_wconf 86' lang='lat' dir='ltr'><strong>mulier,</strong></span> <span class='ocrx_word' id='word_1_234' title='bbox 1564 1765 1640 1802; x_wconf 83' lang='lat' dir='ltr'><strong>nisi</strong></span> 
     </span>
     <span class='ocr_line' id='line_1_29' title="bbox 195 1818 1635 1871; baseline 0.001 -15"><span class='ocrx_word' id='word_1_235' title='bbox 195 1833 291 1870; x_wconf 89' lang='lat' dir='ltr'><strong>quae</strong></span> <span class='ocrx_word' id='word_1_236' title='bbox 328 1818 473 1871; x_wconf 90' lang='lat' dir='ltr'><strong>quidvis</strong></span> <span class='ocrx_word' id='word_1_237' title='bbox 512 1833 584 1857; x_wconf 90' lang='lat' dir='ltr'><strong>non</strong></span> <span class='ocrx_word' id='word_1_238' title='bbox 628 1818 759 1857; x_wconf 87' lang='lat' dir='ltr'><strong>audire</strong></span> <span class='ocrx_word' id='word_1_239' title='bbox 805 1819 938 1866; x_wconf 89' lang='lat' dir='ltr'><strong>modo,</strong></span> <span class='ocrx_word' id='word_1_240' title='bbox 986 1832 1114 1857; x_wconf 86' lang='lat' dir='ltr'><strong>verum</strong></span> <span class='ocrx_word' id='word_1_241' title='bbox 1153 1820 1262 1857; x_wconf 88' lang='lat' dir='ltr'><strong>etiam</strong></span> <span class='ocrx_word' id='word_1_242' title='bbox 1308 1820 1452 1870; x_wconf 85' lang='lat' dir='ltr'><strong>perpeti</strong></span> <span class='ocrx_word' id='word_1_243' title='bbox 1490 1826 1635 1870; x_wconf 88' lang='lat' dir='ltr'><strong>posset.</strong></span> 
     </span>
     <span class='ocr_line' id='line_1_30' title="bbox 195 1874 1638 1926; baseline 0.001 -14"><span class='ocrx_word' id='word_1_244' title='bbox 195 1874 389 1914; x_wconf 79' lang='lat' dir='ltr'><strong>videbant</strong></span> <span class='ocrx_word' id='word_1_245' title='bbox 428 1876 526 1912; x_wconf 91' lang='lat' dir='ltr'><strong>enim</strong></span> <span class='ocrx_word' id='word_1_246' title='bbox 566 1875 704 1926; x_wconf 87' lang='lat' dir='ltr'><strong>alioqui</strong></span> <span class='ocrx_word' id='word_1_247' title='bbox 745 1876 844 1921; x_wconf 84' lang='lat' dir='ltr'><strong>fore,</strong></span> <span class='ocrx_word' id='word_1_248' title='bbox 898 1881 937 1912; x_wconf 90' lang='lat' dir='ltr'><strong>ut</strong></span> <span class='ocrx_word' id='word_1_249' title='bbox 981 1881 1043 1911; x_wconf 87' lang='lat' dir='ltr'><strong>aut</strong></span> <span class='ocrx_word' id='word_1_250' title='bbox 1086 1875 1327 1912; x_wconf 80' lang='lat' dir='ltr'><strong>matronalem</strong></span> <span class='ocrx_word' id='word_1_251' title='bbox 1372 1875 1638 1925; x_wconf 83' lang='lat' dir='ltr'><strong>virginalemve</strong></span> 
     </span>
     <span class='ocr_line' id='line_1_31' title="bbox 195 1929 1640 1981; baseline 0.001 -14"><span class='ocrx_word' id='word_1_252' title='bbox 195 1929 376 1981; x_wconf 88' lang='lat' dir='ltr'><strong>pudorem</strong></span> <span class='ocrx_word' id='word_1_253' title='bbox 413 1930 566 1968; x_wconf 84' lang='lat' dir='ltr'><strong>libertas</strong></span> <span class='ocrx_word' id='word_1_254' title='bbox 609 1931 809 1968; x_wconf 88' lang='lat' dir='ltr'><strong>iocantium</strong></span> <span class='ocrx_word' id='word_1_255' title='bbox 851 1929 1086 1976; x_wconf 81' lang='lat' dir='ltr'><strong>offenderet,</strong></span> <span class='ocrx_word' id='word_1_256' title='bbox 1137 1937 1199 1967; x_wconf 84' lang='lat' dir='ltr'><strong>aut</strong></span> <span class='ocrx_word' id='word_1_257' title='bbox 1237 1929 1383 1968; x_wconf 87' lang='lat' dir='ltr'><strong>iocandi</strong></span> <span class='ocrx_word' id='word_1_258' title='bbox 1427 1931 1640 1969; x_wconf 88' lang='lat' dir='ltr'><strong>libertatem</strong></span> 
     </span>
     <span class='ocr_line' id='line_1_32' title="bbox 195 1984 1639 2036; baseline 0.001 -14"><span class='ocrx_word' id='word_1_259' title='bbox 195 1985 295 2022; x_wconf 86' lang='lat' dir='ltr'><strong>illius</strong></span> <span class='ocrx_word' id='word_1_260' title='bbox 326 1984 449 2022; x_wconf 86' lang='lat' dir='ltr'><strong>habita</strong></span> <span class='ocrx_word' id='word_1_261' title='bbox 480 1987 575 2023; x_wconf 83' lang='lat' dir='ltr'><strong>ratio</strong></span> <span class='ocrx_word' id='word_1_262' title='bbox 605 1985 828 2024; x_wconf 86' lang='lat' dir='ltr'><strong>retardaret.</strong></span> <span class='ocrx_word' id='word_1_263' title='bbox 889 1985 981 2023; x_wconf 87' lang='lat' dir='ltr'><strong>Inde</strong></span> <span class='ocrx_word' id='word_1_264' title='bbox 1011 1986 1125 2035; x_wconf 86' lang='lat' dir='ltr'><strong>igitur</strong></span> <span class='ocrx_word' id='word_1_265' title='bbox 1155 1993 1232 2032; x_wconf 80' lang='lat' dir='ltr'><strong>est,</strong></span> <span class='ocrx_word' id='word_1_266' title='bbox 1276 1985 1396 2036; x_wconf 89' lang='lat' dir='ltr'><strong>quod,</strong></span> <span class='ocrx_word' id='word_1_267' title='bbox 1429 1998 1511 2023; x_wconf 88' lang='lat' dir='ltr'><strong>cum</strong></span> <span class='ocrx_word' id='word_1_268' title='bbox 1540 1984 1639 2036; x_wconf 82' lang='lat' dir='ltr'><strong>apud</strong></span> 
     </span>
     <span class='ocr_line' id='line_1_33' title="bbox 196 2038 1640 2092; baseline 0.001 -15"><span class='ocrx_word' id='word_1_269' title='bbox 196 2040 416 2078; x_wconf 88' lang='lat' dir='ltr'><strong>Terentium</strong></span> <span class='ocrx_word' id='word_1_270' title='bbox 429 2038 534 2092; x_wconf 38' lang='grc' dir='ltr'><strong>ΜΨ)</strong></span> <span class='ocrx_word' id='word_1_271' title='bbox 566 2041 713 2078; x_wconf 83' lang='lat' dir='ltr'><strong>Thraso</strong></span> <span class='ocrx_word' id='word_1_272' title='bbox 742 2040 927 2079; x_wconf 87' lang='lat' dir='ltr'><strong>introduci</strong></span> <span class='ocrx_word' id='word_1_273' title='bbox 956 2042 1129 2078; x_wconf 85' lang='lat' dir='ltr'><strong>iussisset</strong></span> <span class='ocrx_word' id='word_1_274' title='bbox 1162 2042 1198 2077; x_wconf 93' lang='lat' dir='ltr'><strong>in</strong></span> <span class='ocrx_word' id='word_1_275' title='bbox 1229 2042 1434 2079; x_wconf 85' lang='lat' dir='ltr'><strong>convivium</strong></span> <span class='ocrx_word' id='word_1_276' title='bbox 1460 2041 1640 2092; x_wconf 81' lang='lat' dir='ltr'><strong>Pamphi-</strong></span> 
     </span>
     <span class='ocr_line' id='line_1_34' title="bbox 197 2094 1640 2146; baseline 0 -13"><span class='ocrx_word' id='word_1_277' title='bbox 197 2094 297 2141; x_wconf 86' lang='lat' dir='ltr'><strong>lam,</strong></span> <span class='ocrx_word' id='word_1_278' title='bbox 337 2094 528 2146; x_wconf 82' lang='lat' dir='ltr'><strong>indignata</strong></span> <span class='ocrx_word' id='word_1_279' title='bbox 555 2095 695 2142; x_wconf 77' lang='lat' dir='ltr'><strong>Thais,</strong></span> <span class='ocrx_word' id='word_1_280' title='bbox 732 2098 902 2142; x_wconf 68' lang='lat' dir='ltr'><strong>minime,</strong></span> <span class='ocrx_word' id='word_1_281' title='bbox 940 2097 1082 2146; x_wconf 87' lang='lat' dir='ltr'><strong>inquit,</strong></span> <span class='ocrx_word' id='word_1_282' title='bbox 1118 2097 1302 2145; x_wconf 72' lang='lat' dir='ltr'><strong>gentium.</strong></span> <span class='ocrx_word' id='word_1_283' title='bbox 1359 2098 1404 2134; x_wconf 81' lang='lat' dir='ltr'><strong>In</strong></span> <span class='ocrx_word' id='word_1_284' title='bbox 1435 2098 1640 2134; x_wconf 73' lang='lat' dir='ltr'><strong>convivium</strong></span> 
     </span>
     <span class='ocr_line' id='line_1_35' title="bbox 199 2149 1640 2201; baseline 0.001 -13"><span class='ocrx_word' id='word_1_285' title='bbox 199 2157 240 2189; x_wconf 79' lang='lat' dir='ltr'><strong>tu</strong></span> <span class='ocrx_word' id='word_1_286' title='bbox 268 2151 401 2188; x_wconf 79' lang='lat' dir='ltr'><strong>illam?</strong></span> <span class='ocrx_word' id='word_1_287' title='bbox 457 2149 567 2197; x_wconf 82' lang='lat' dir='ltr'><strong>Quod</strong></span> <span class='ocrx_word' id='word_1_288' title='bbox 605 2152 703 2188; x_wconf 88' lang='lat' dir='ltr'><strong>enim</strong></span> <span class='ocrx_word' id='word_1_289' title='bbox 736 2152 812 2188; x_wconf 88' lang='lat' dir='ltr'><strong>suis</strong></span> <span class='ocrx_word' id='word_1_290' title='bbox 849 2152 1034 2200; x_wconf 83' lang='lat' dir='ltr'><strong>integram</strong></span> <span class='ocrx_word' id='word_1_291' title='bbox 1076 2163 1157 2188; x_wconf 83' lang='lat' dir='ltr'><strong>eam</strong></span> <span class='ocrx_word' id='word_1_292' title='bbox 1194 2163 1237 2188; x_wconf 82' lang='lat' dir='ltr'><strong>ac</strong></span> <span class='ocrx_word' id='word_1_293' title='bbox 1274 2150 1444 2201; x_wconf 87' lang='lat' dir='ltr'><strong>pudicam</strong></span> <span class='ocrx_word' id='word_1_294' title='bbox 1477 2151 1640 2189; x_wconf 86' lang='lat' dir='ltr'><strong>reddere</strong></span> 
     </span>
     <span class='ocr_line' id='line_1_36' title="bbox 199 2204 1637 2256; baseline 0 -13"><span class='ocrx_word' id='word_1_295' title='bbox 199 2219 243 2244; x_wconf 82' lang='lat' dir='ltr'><strong>ac</strong></span> <span class='ocrx_word' id='word_1_296' title='bbox 273 2207 475 2244; x_wconf 84' lang='lat' dir='ltr'><strong>restituere</strong></span> <span class='ocrx_word' id='word_1_297' title='bbox 502 2206 700 2256; x_wconf 87' lang='lat' dir='ltr'><strong>cupiebat,</strong></span> <span class='ocrx_word' id='word_1_298' title='bbox 735 2207 797 2243; x_wconf 84' lang='lat' dir='ltr'><strong>vix</strong></span> <span class='ocrx_word' id='word_1_299' title='bbox 825 2204 861 2242; x_wconf 91' lang='lat' dir='ltr'><strong>id</strong></span> <span class='ocrx_word' id='word_1_300' title='bbox 891 2206 1068 2255; x_wconf 89' lang='lat' dir='ltr'><strong>consequi</strong></span> <span class='ocrx_word' id='word_1_301' title='bbox 1098 2218 1208 2255; x_wconf 89' lang='lat' dir='ltr'><strong>posse</strong></span> <span class='ocrx_word' id='word_1_302' title='bbox 1238 2205 1455 2253; x_wconf 82' lang='lat' dir='ltr'><strong>videbatur,</strong></span> <span class='ocrx_word' id='word_1_303' title='bbox 1487 2207 1519 2243; x_wconf 88' lang='lat' dir='ltr'><strong>si</strong></span> <span class='ocrx_word' id='word_1_304' title='bbox 1549 2206 1637 2252; x_wconf 89' lang='lat' dir='ltr'><strong>hoc,</strong></span> 
     </span>
     <span class='ocr_line' id='line_1_37' title="bbox 199 2259 1641 2312; baseline 0.001 -15"><span class='ocrx_word' id='word_1_305' title='bbox 199 2260 297 2312; x_wconf 86' lang='lat' dir='ltr'><strong>quod</strong></span> <span class='ocrx_word' id='word_1_306' title='bbox 327 2260 538 2312; x_wconf 83' lang='lat' dir='ltr'><strong>postulabat</strong></span> <span class='ocrx_word' id='word_1_307' title='bbox 569 2262 694 2306; x_wconf 85' lang='lat' dir='ltr'><strong>miles,</strong></span> <span class='ocrx_word' id='word_1_308' title='bbox 736 2274 847 2312; x_wconf 85' lang='lat' dir='ltr'><strong>passa</strong></span> <span class='ocrx_word' id='word_1_309' title='bbox 873 2268 988 2298; x_wconf 86' lang='lat' dir='ltr'><strong>esset.</strong></span> <span class='ocrx_word' id='word_1_310' title='bbox 1049 2259 1109 2298; x_wconf 85' lang='lat' dir='ltr'><strong>Ex</strong></span> <span class='ocrx_word' id='word_1_311' title='bbox 1138 2260 1267 2298; x_wconf 80' lang='lat' dir='ltr'><strong>eadem</strong></span> <span class='ocrx_word' id='word_1_312' title='bbox 1298 2263 1406 2299; x_wconf 86' lang='lat' dir='ltr'><strong>etiam</strong></span> <span class='ocrx_word' id='word_1_313' title='bbox 1439 2268 1641 2299; x_wconf 86' lang='lat' dir='ltr'><strong>consuetu-</strong></span> 
     </span>
     <span class='ocr_line' id='line_1_38' title="bbox 199 2315 1640 2368; baseline 0.001 -15"><span class='ocrx_word' id='word_1_314' title='bbox 199 2316 286 2354; x_wconf 83' lang='lat' dir='ltr'><strong>dine</strong></span> <span class='ocrx_word' id='word_1_315' title='bbox 329 2315 608 2366; x_wconf 85' lang='lat' dir='ltr'><strong>intelligendum</strong></span> <span class='ocrx_word' id='word_1_316' title='bbox 651 2323 709 2354; x_wconf 91' lang='lat' dir='ltr'><strong>est</strong></span> <span class='ocrx_word' id='word_1_317' title='bbox 745 2315 806 2362; x_wconf 87' lang='lat' dir='ltr'><strong>id,</strong></span> <span class='ocrx_word' id='word_1_318' title='bbox 855 2315 950 2366; x_wconf 89' lang='lat' dir='ltr'><strong>quod</strong></span> <span class='ocrx_word' id='word_1_319' title='bbox 989 2315 1085 2367; x_wconf 90' lang='lat' dir='ltr'><strong>apud</strong></span> <span class='ocrx_word' id='word_1_320' title='bbox 1124 2315 1350 2355; x_wconf 88' lang='lat' dir='ltr'><strong>Ciceronem</strong></span> <span class='ocrx_word' id='word_1_321' title='bbox 1387 2317 1480 2354; x_wconf 91' lang='lat' dir='ltr'><strong>libro</strong></span> <span class='ocrx_word' id='word_1_322' title='bbox 1520 2318 1640 2368; x_wconf 89' lang='lat' dir='ltr'><strong>primo</strong></span> 
     </span>
     <span class='ocr_line' id='line_1_39' title="bbox 198 2370 1641 2424; baseline 0.001 -15"><span class='ocrx_word' id='word_1_323' title='bbox 198 2372 447 2410; x_wconf 82' lang='lat' dir='ltr'><strong>accusationis</strong></span> <span class='ocrx_word' id='word_1_324' title='bbox 461 2370 512 2424; x_wconf 46' lang='grc' dir='ltr'><strong>ἦ)</strong></span> <span class='ocrx_word' id='word_1_325' title='bbox 546 2372 698 2421; x_wconf 81' lang='lat' dir='ltr'><strong>legitur.</strong></span> <span class='ocrx_word' id='word_1_326' title='bbox 758 2374 1003 2422; x_wconf 78' lang='lat' dir='ltr'><strong>Posteaquam</strong></span> <span class='ocrx_word' id='word_1_327' title='bbox 1027 2373 1123 2409; x_wconf 65' lang='lat' dir='ltr'><strong>satis</strong></span> <span class='ocrx_word' id='word_1_328' title='bbox 1149 2374 1274 2410; x_wconf 79' lang='lat' dir='ltr'><strong>calere</strong></span> <span class='ocrx_word' id='word_1_329' title='bbox 1303 2386 1365 2410; x_wconf 78' lang='lat' dir='ltr'><strong>res</strong></span> <span class='ocrx_word' id='word_1_330' title='bbox 1390 2373 1532 2411; x_wconf 73' lang='lat' dir='ltr'><em>Rubrio</em></span> <span class='ocrx_word' id='word_1_331' title='bbox 1560 2374 1641 2410; x_wconf 79' lang='lat' dir='ltr'><strong>visa</strong></span> 
     </span>
     <span class='ocr_line' id='line_1_40' title="bbox 200 2428 1639 2479; baseline 0 -14"><span class='ocrx_word' id='word_1_332' title='bbox 200 2434 281 2465; x_wconf 82' lang='lat' dir='ltr'><strong>est:</strong></span> <span class='ocrx_word' id='word_1_333' title='bbox 326 2429 495 2477; x_wconf 75' lang='lat' dir='ltr'><strong>Quaeso,</strong></span> <span class='ocrx_word' id='word_1_334' title='bbox 536 2428 678 2477; x_wconf 73' lang='lat' dir='ltr'><strong>inquit,</strong></span> <span class='ocrx_word' id='word_1_335' title='bbox 715 2428 959 2473; x_wconf 83' lang='lat' dir='ltr'><strong>Plzilodame,</strong></span> <span class='ocrx_word' id='word_1_336' title='bbox 1006 2440 1075 2464; x_wconf 83' lang='lat' dir='ltr'><strong>cm·</strong></span> <span class='ocrx_word' id='word_1_337' title='bbox 1104 2428 1156 2464; x_wconf 78' lang='lat' dir='ltr'><strong>ad</strong></span> <span class='ocrx_word' id='word_1_338' title='bbox 1183 2441 1251 2465; x_wconf 78' lang='lat' dir='ltr'><strong>nos</strong></span> <span class='ocrx_word' id='word_1_339' title='bbox 1272 2429 1400 2479; x_wconf 73' lang='lat' dir='ltr'><strong>filiam</strong></span> <span class='ocrx_word' id='word_1_340' title='bbox 1433 2434 1534 2466; x_wconf 77' lang='lat' dir='ltr'><strong>tuam</strong></span> <span class='ocrx_word' id='word_1_341' title='bbox 1564 2441 1639 2465; x_wconf 80' lang='lat' dir='ltr'><strong>non</strong></span> 
     </span>
     <span class='ocr_line' id='line_1_41' title="bbox 199 2482 1642 2534; baseline -0.001 -14"><span class='ocrx_word' id='word_1_342' title='bbox 199 2484 300 2520; x_wconf 74' lang='lat' dir='ltr'><strong>intro</strong></span> <span class='ocrx_word' id='word_1_343' title='bbox 328 2483 462 2521; x_wconf 76' lang='lat' dir='ltr'><strong>vocari</strong></span> <span class='ocrx_word' id='word_1_344' title='bbox 486 2482 616 2520; x_wconf 76' lang='lat' dir='ltr'><strong>iubes?</strong></span> <span class='ocrx_word' id='word_1_345' title='bbox 671 2484 789 2521; x_wconf 84' lang='lat' dir='ltr'><em>Homo</em></span> <span class='ocrx_word' id='word_1_346' title='bbox 799 2510 812 2528; x_wconf 87' lang='lat'><strong>,</strong></span> <span class='ocrx_word' id='word_1_347' title='bbox 852 2484 919 2534; x_wconf 74' lang='lat' dir='ltr'><strong>qui</strong></span> <span class='ocrx_word' id='word_1_348' title='bbox 942 2489 981 2520; x_wconf 84' lang='lat' dir='ltr'><strong>ct</strong></span> <span class='ocrx_word' id='word_1_349' title='bbox 1006 2496 1148 2520; x_wconf 80' lang='lat' dir='ltr'><strong>summa</strong></span> <span class='ocrx_word' id='word_1_350' title='bbox 1181 2486 1396 2533; x_wconf 75' lang='lat' dir='ltr'><strong>gravilate,</strong></span> <span class='ocrx_word' id='word_1_351' title='bbox 1435 2490 1474 2522; x_wconf 75' lang='lat' dir='ltr'><strong>et</strong></span> <span class='ocrx_word' id='word_1_352' title='bbox 1497 2485 1571 2521; x_wconf 80' lang='lat' dir='ltr'><strong>iam</strong></span> <span class='ocrx_word' id='word_1_353' title='bbox 1599 2483 1642 2520; x_wconf 77' lang='lat' dir='ltr'><strong>z&#39;cl</strong></span> 
     </span>
     <span class='ocr_line' id='line_1_42' title="bbox 200 2538 1638 2591; baseline 0.001 -15"><span class='ocrx_word' id='word_1_354' title='bbox 200 2539 353 2584; x_wconf 79' lang='lat' dir='ltr'><strong>aetate&#39;s,</strong></span> <span class='ocrx_word' id='word_1_355' title='bbox 376 2544 416 2576; x_wconf 79' lang='lat' dir='ltr'><strong>et</strong></span> <span class='ocrx_word' id='word_1_356' title='bbox 437 2550 581 2588; x_wconf 80' lang='lat' dir='ltr'><strong>parens</strong></span> <span class='ocrx_word' id='word_1_357' title='bbox 603 2545 716 2585; x_wconf 78' lang='lat' dir='ltr'><strong>esset,</strong></span> <span class='ocrx_word' id='word_1_358' title='bbox 745 2538 937 2590; x_wconf 70' lang='lat' dir='ltr'><strong>obstupuit</strong></span> <span class='ocrx_word' id='word_1_359' title='bbox 959 2539 1117 2577; x_wconf 72' lang='lat' dir='ltr'><strong>hominis</strong></span> <span class='ocrx_word' id='word_1_360' title='bbox 1143 2540 1308 2591; x_wconf 72' lang='lat' dir='ltr'><strong>improbi</strong></span> <span class='ocrx_word' id='word_1_361' title='bbox 1331 2540 1442 2579; x_wconf 69' lang='lat' dir='ltr'><strong>dicto.</strong></span> <span class='ocrx_word' id='word_1_362' title='bbox 1488 2541 1638 2579; x_wconf 82' lang='lat' dir='ltr'><strong>Instare</strong></span> 
     </span>
    </p>
   </div>
   <div class='ocr_carea' id='block_1_7' title="bbox 272 2684 1174 2878">
    <p class='ocr_par' dir='ltr' id='par_1_7' title="bbox 272 2684 1174 2779">
     <span class='ocr_line' id='line_1_43' title="bbox 274 2684 1174 2732; baseline 0 -9"><span class='ocrx_word' id='word_1_363' title='bbox 274 2694 319 2731; x_wconf 65' lang='lat' dir='ltr'><strong>*J</strong></span> <span class='ocrx_word' id='word_1_364' title='bbox 339 2695 427 2724; x_wconf 78' lang='lat' dir='ltr'><strong>Tem.</strong></span> <span class='ocrx_word' id='word_1_365' title='bbox 447 2695 500 2724; x_wconf 79' lang='grc' dir='ltr'><strong>ιν.</strong></span> <span class='ocrx_word' id='word_1_366' title='bbox 521 2700 593 2730; x_wconf 83' lang='lat' dir='ltr'><strong>pag.</strong></span> <span class='ocrx_word' id='word_1_367' title='bbox 615 2694 686 2724; x_wconf 83' lang='lat'>129.</span> <span class='ocrx_word' id='word_1_368' title='bbox 705 2694 816 2724; x_wconf 77' lang='lat' dir='ltr'><strong>neisk.</strong></span> <span class='ocrx_word' id='word_1_369' title='bbox 855 2694 955 2725; x_wconf 73' lang='lat' dir='ltr'><strong>scrib.</strong></span> <span class='ocrx_word' id='word_1_370' title='bbox 975 2684 1174 2732; x_wconf 76' lang='grc' dir='ltr'><em>συνῴκησε.</em></span> 
     </span>
     <span class='ocr_line' id='line_1_44' title="bbox 272 2743 638 2779; baseline 0.008 -9"><span class='ocrx_word' id='word_1_371' title='bbox 272 2743 342 2779; x_wconf 50' lang='lat'><strong>³⁶³³)</strong></span> <span class='ocrx_word' id='word_1_372' title='bbox 362 2750 431 2779; x_wconf 81' lang='lat' dir='ltr'><strong>cap.</strong></span> <span class='ocrx_word' id='word_1_373' title='bbox 452 2745 501 2773; x_wconf 91' lang='lat'><strong>11.</strong></span> <span class='ocrx_word' id='word_1_374' title='bbox 522 2746 588 2773; x_wconf 86' lang='lat' dir='ltr'><strong>ext.</strong></span> <span class='ocrx_word' id='word_1_375' title='bbox 607 2745 638 2773; x_wconf 85' lang='lat'><strong>3.</strong></span> 
     </span>
    </p>

    <p class='ocr_par' dir='ltr' id='par_1_8' title="bbox 273 2791 1147 2878">
     <span class='ocr_line' id='line_1_45' title="bbox 273 2791 1147 2830; baseline 0.006 -13"><span class='ocrx_word' id='word_1_376' title='bbox 273 2792 366 2827; x_wconf 44' lang='lat' dir='ltr'><strong>asez«)</strong></span> <span class='ocrx_word' id='word_1_377' title='bbox 386 2794 526 2822; x_wconf 78' lang='lat' dir='ltr'><strong>Eunuch.</strong></span> <span class='ocrx_word' id='word_1_378' title='bbox 546 2794 599 2822; x_wconf 91' lang='lat' dir='ltr'><strong>1V.</strong></span> <span class='ocrx_word' id='word_1_379' title='bbox 622 2794 651 2830; x_wconf 81' lang='lat'><strong>1,</strong></span> <span class='ocrx_word' id='word_1_380' title='bbox 674 2792 714 2823; x_wconf 85' lang='lat'><strong>1⁰</strong></span> <span class='ocrx_word' id='word_1_381' title='bbox 733 2800 780 2829; x_wconf 80' lang='lat' dir='ltr'><strong>sq.</strong></span> <span class='ocrx_word' id='word_1_382' title='bbox 802 2791 855 2823; x_wconf 83' lang='lat' dir='ltr'><strong>ubi</strong></span> <span class='ocrx_word' id='word_1_383' title='bbox 874 2794 908 2823; x_wconf 79' lang='lat' dir='ltr'><strong>tu</strong></span> <span class='ocrx_word' id='word_1_384' title='bbox 927 2793 1025 2829; x_wconf 82' lang='lat' dir='ltr'><strong>vulgo</strong></span> <span class='ocrx_word' id='word_1_385' title='bbox 1045 2794 1147 2824; x_wconf 70' lang='lat' dir='ltr'><strong>abest.</strong></span> 
     </span>
     <span class='ocr_line' id='line_1_46' title="bbox 273 2839 661 2878; baseline 0.008 -9"><span class='ocrx_word' id='word_1_386' title='bbox 273 2839 319 2877; x_wconf 47' lang='grc' dir='ltr'><strong>ἡ]</strong></span> <span class='ocrx_word' id='word_1_387' title='bbox 339 2846 407 2876; x_wconf 82' lang='lat' dir='ltr'><strong>cap.</strong></span> <span class='ocrx_word' id='word_1_388' title='bbox 427 2840 478 2872; x_wconf 82' lang='lat'><strong>26.</strong></span> <span class='ocrx_word' id='word_1_389' title='bbox 499 2841 531 2878; x_wconf 73' lang='lat'><strong>§-</strong></span> <span class='ocrx_word' id='word_1_390' title='bbox 551 2841 593 2872; x_wconf 84' lang='grc'><strong>66</strong></span> <span class='ocrx_word' id='word_1_391' title='bbox 613 2848 661 2877; x_wconf 81' lang='lat' dir='ltr'><strong>sq.</strong></span> 
     </span>
    </p>
   </div>
  </div>
 </body>
</html>
