1726 3106
140 766 201 796 117

233 152 312 195 112
797 153 924 195 VAR.
957 152 1111 195 LECT.

230 266 368 312 Fumo,
410 264 565 303 cicadae
602 264 705 315 apud
729 276 794 302 vos
821 265 927 302 hami
951 271 1112 303 canant.-
1153 277 1235 303 cum
1266 264 1518 315 significaret,
1559 272 1674 304 totam

231 333 254 358 a
280 333 321 358 se
349 320 494 358 illorum
528 320 719 369 regionem
752 317 981 358 devastatum
1011 320 1072 356 iri.
1131 319 1275 358 Atoeas
1291 320 1336 373 ᾗ)
1376 333 1543 371 quoque,
1577 320 1675 372 Scy-

214 375 378 413 tharum
419 388 513 420 rex,
551 376 645 411 hane
677 375 764 411 olim
796 375 988 426 epistolam
1022 373 1067 412 ad
1097 373 1327 426 Byzantinos
1353 376 1499 413 misisse
1531 376 1671 413 fertur:

230 432 359 470 Nolite
395 429 644 479 weng-allans
672 431 763 467 meis
794 432 1016 469 deff-amento
1046 443 1151 476 csse,
1185 445 1230 469 ne
1259 444 1375 482 equae
1404 444 1507 469 meae
1535 431 1588 468 ad
1611 444 1676 469 vos

233 493 415 536 aquatum
450 491 551 524 eant.
611 483 833 522 Idantburas
850 483 923 538 Μ)
967 492 1114 531 autem,
1155 487 1216 536 qui
1251 494 1288 525 et
1321 487 1400 537 ipse
1431 486 1584 538 Scythis
1614 498 1676 524 re-

236 542 298 592 gio
324 541 481 591 imper10
512 540 693 591 praefuit,
735 541 847 579 multo
878 542 988 578 etiam
1024 540 1233 579 obscurius.
1293 541 1389 579 Nam
1422 541 1468 579 ad
1487 529 1671 588 Darium,

231 596 294 647 qui
323 596 459 633 Istrum
490 596 716 640 traiecerat,
751 596 895 634 litteras
925 595 1095 647 quidem,
1128 596 1258 646 quibus
1287 598 1323 634 ei
1354 597 1576 644 minaretur,
1607 597 1674 634 mi—

231 651 283 688 sit
312 651 448 698 nullas,
481 650 548 689 sed
578 665 642 701 pro
669 651 804 688 litteris
831 651 1034 703 symbolum
1058 650 1151 688 hoc:
1185 665 1341 698 murem,
1371 665 1521 697 ranam,
1553 665 1672 698 avem,

231 708 440 757 sagittam,
481 713 667 744 aratrum.
730 705 897 757 Cumque
937 707 1030 743 haec
1067 706 1105 743 in
1138 705 1246 743 Darii
1283 708 1416 744 castris
1445 707 1537 744 alius
1567 707 1676 744 aliter

231 762 566 813 interpretaretur:
610 761 895 812 Orontopagas‚
936 762 1106 799 tribunus
1135 762 1313 808 militum,
1354 764 1500 801 censuit
1531 763 1675 812 signifi-

231 818 337 863 cari,
378 830 443 855 eos
479 816 641 854 omnium
674 829 796 854 rerum
834 816 1060 854 deditionem
1090 829 1176 854 esse
1204 817 1382 855 facturos.
1441 817 1671 855 Domorum:

232 872 305 910 hoc
336 885 477 910 murem
508 873 665 909 innuere
681 868 799 924 *⁷²³ss).
858 871 1068 922 Aquarum,
1098 873 1215 918 aiiris,
1247 885 1448 918 armorum,
1481 873 1671 922 regionis:

229 926 361 965 harum
403 940 528 965 rerum
570 926 736 977 symbola
774 938 861 963 esse
891 940 1048 972 ranam,
1088 940 1216 973 avem,
1257 928 1459 977 sagittam,
1498 935 1674 965 aratrum.

230 982 285 1020 At
313 981 532 1033 Xiphodres
561 982 671 1031 longe
698 981 771 1018 alio
804 980 912 1018 modo
943 982 1234 1032 interpretatus,
1278 981 1361 1019 Nos
1391 995 1504 1028 vero,
1536 984 1672 1033 inquit,

231 1045 406 1089 quantum
436 1037 529 1075 haec
558 1037 725 1088 symbola
754 1035 978 1083 ostendunt,
1021 1038 1093 1074 nisi
1122 1044 1184 1074 aut
1214 1044 1352 1075 terram
1381 1037 1603 1084 subeamuS,
1635 1044 1675 1075 ut

230 1106 385 1131 mures:
426 1099 490 1131 aut
518 1105 674 1142 aquam,
705 1098 743 1128 ut
774 1104 914 1129 ranae:
948 1099 1011 1129 aut
1042 1093 1252 1139 evolemus,
1299 1100 1338 1130 ut
1364 1105 1481 1131 aves:
1514 1107 1586 1130 non
1618 1093 1674 1131 ef-

229 1148 417 1199 fugiemus
456 1148 620 1198 ipsorum
661 1147 747 1185 tela.
808 1146 942 1198 Neque
983 1149 1082 1185 enim
1113 1155 1267 1194 terrae,
1311 1161 1416 1199 quam
1448 1149 1517 1199 ipsi
1548 1155 1670 1195 arant,

229 1202 368 1241 domini
397 1216 538 1243 sumus.
598 1203 683 1240 Hoc
714 1202 977 1254 Pherecydem
1008 1202 1062 1254 S}
1065 1204 1158 1240 rium
1197 1216 1375 1250 narrare,
1415 1204 1467 1240 ait
1496 1202 1671 1241 Clemens

228 1258 509 1296 Alexandrinus
534 1257 602 1311 ᾧ).
676 1257 894 1295 Herodotus
941 1265 1063 1295 autem
1110 1259 1147 1297 in
1184 1258 1425 1326 Melpomene
1440 1257 1524 1312 ††)
1576 1259 1671 1297 hanc

226 1314 345 1367 ipsam
374 1313 567 1352 historiam
596 1313 784 1364 aliquanto
813 1313 922 1351 aliter
950 1320 1091 1352 narrat.

716 1457 1008 1498 CAPUT
1064 1459 1186 1498 XIX.

248 1537 374 1575 Locus
408 1537 570 1587 Vergilia·
596 1537 737 1583 aliter,
771 1550 880 1587 quam
908 1549 932 1575 a
960 1538 1093 1576 Servio
1124 1543 1163 1575 et
1187 1536 1409 1583 Macrobio,
1441 1537 1647 1588 expositus.

447 1614 714 1674 Excssssma
745 1648 898 1681 omnes,
931 1637 1058 1685 adytis
1087 1636 1238 1686 arisque
1266 1636 1425 1682 relictis,

448 1693 520 1738 Di,
554 1691 689 1743 quibas
716 1692 909 1741 imperium
940 1692 1010 1728 leae
1038 1697 1211 1728 steterat.

229 1767 314 1806 Hos
343 1781 490 1814 versus,
523 1769 585 1819 qui
614 1769 658 1806 ab
689 1766 823 1806 Aenea
853 1769 889 1805 in
923 1767 1086 1805 secundo
1119 1767 1310 1805 Aeneidos
1329 1765 1445 1820 †††)
1474 1767 1670 1818 proferun-

226 1830 318 1872 tur,
359 1824 536 1870 Servius,
575 1831 612 1861 et
650 1831 733 1875 post
763 1837 844 1861 eum
874 1823 1094 1861 Macrobius
1110 1821 1156 1874 ²¹⁶)
1191 1823 1410 1860 referendos
1443 1828 1671 1860 censuerunt

228 1878 274 1917 ad
307 1886 472 1917 veterem
507 1880 687 1931 quandam
717 1879 970 1917 Romanorum
1000 1879 1326 1924 consuetudinem,
1367 1878 1428 1928 qui
1458 1891 1539 1915 eum
1570 1877 1670 1914 obsi-

228 1933 362 1972 derent
387 1935 516 1973 urbem
548 1935 708 1972 hostium
740 1948 894 1986 eamque
922 1936 993 1972 iam
1026 1936 1107 1985 capi
1140 1947 1250 1985 posse
1285 1932 1532 1979 considerent,
1564 1939 1667 1970 certo

231 1990 395 2027 carmine
434 1998 638 2028 evocarent
678 1990 856 2028 tutelares
894 1991 991 2027 illius
1029 1990 1141 2027 deos:
1190 1988 1285 2040 quod
1309 1995 1371 2026 aut
1401 1989 1512 2025 aliter
1540 1987 1670 2025 urbem

229 2045 312 2095 capi
339 2057 450 2096 posse
479 2059 550 2082 non
585 2045 809 2083 crederent:
837 2053 924 2092 ant,
958 2046 1069 2082 etiam
1102 2046 1135 2082 si
1162 2052 1312 2095 posset,
1344 2044 1449 2081 nefas
1479 2044 1671 2080 existima-

231 2106 338 2146 rent,
371 2099 462 2137 deos
492 2100 631 2138 habere
661 2102 839 2151 captivos.
901 2100 984 2150 Ego
1011 2108 1132 2137 autem
1165 2113 1244 2137 cum
1276 2100 1337 2144 iis,
1371 2099 1432 2148 qui
1463 2098 1557 2135 hanc
1589 2098 1667 2148 opi-

226 2155 375 2192 nionem
420 2162 646 2205 sequuntur,
691 2170 763 2192 non
800 2168 886 2192 sane
915 2154 1186 2192 contenderim.
1248 2153 1343 2191 Nam
1373 2154 1579 2190 erratione
1609 2165 1670 2189 sa-

226 2211 275 2248 tis
314 2210 498 2262 probabili
542 2212 628 2248 nixa
667 2217 750 2257 est,
792 2217 829 2249 et
858 2224 879 2247 a
907 2210 1016 2248 bonis
1049 2210 1262 2248 auctoribus
1292 2208 1474 2260 profecta.
1533 2207 1669 2259 Neque

303 2336 346 2374 *J
368 2339 466 2368 scrib.
487 2340 598 2378 Ateas,
620 2348 693 2370 nam
714 2342 835 2370 Graece
856 2339 970 2368 (ficitur
994 2332 1111 2373 Ἀτέας
1138 2343 1170 2370 et
1188 2333 1338 2371 Ἀντέας.

302 2393 370 2429 κεῆε)
391 2394 486 2423 Varie
513 2396 573 2423 hoc
602 2402 714 2423 nomen
744 2394 894 2429 scriptum
922 2395 1099 2433 invenitur,
1136 2397 1297 2424 Herodoto
1325 2397 1356 2424 et
1383 2393 1533 2424 Straboni
1550 2383 1668 2421 Ἰδάν-

227 2436 383 2479 θυρσος,
405 2438 524 2466 Iustino
546 2440 716 2474 lancyras,
738 2439 802 2468 vid.
822 2440 937 2467 Baehr.
958 2440 997 2467 ad
1020 2439 1146 2468 etesiae
1165 2443 1290 2475 Fragm.
1311 2446 1382 2475 pag.
1404 2439 1474 2468 143.

342 2487 395 2522 -:·.:-)
415 2487 532 2523 Immo,
555 2495 611 2522 pro
632 2487 789 2524 significo,
813 2488 979 2516 barbarum
999 2490 1055 2517 est.
1095 2489 1133 2517 D.
1155 2489 1191 2517 R.

302 2493 349 2574 l)
369 2538 484 2565 Strom.
504 2534 557 2564 lib.
578 2536 615 2564 V.
637 2543 706 2570 cap.
725 2537 754 2564 8.
778 2542 849 2570 pag.
871 2535 942 2566 242.
963 2537 1012 2565 ed.
1034 2536 1121 2571 snb.
1142 2543 1215 2572 pag.
1238 2535 1310 2566 664.
1328 2536 1452 2566 Potter.
1491 2535 1562 2566 Vid.
1582 2536 1669 2565 Phe-

226 2575 354 2610 recsuis
374 2576 498 2607 Fragm.
521 2574 569 2602 ed.
589 2575 694 2602 Sturz.
714 2580 785 2608 pag
805 2573 857 2602 57.

302 2621 609 2662 ††)11b.1v.cap.
631 2621 700 2649 127.
723 2622 781 2650 131
803 2628 851 2656 sq.

302 2670 405 2710 †††)
425 2677 456 2698 v.
477 2670 536 2698 351
559 2676 605 2704 sq.

302 2719 346 2755 ν’ἑ)
368 2720 492 2747 saturn.
520 2718 558 2746 V.
580 2717 629 2746 22.
654 2717 770 2747 Wom.
791 2732 829 2739 —
876 2719 1050 2753 Perpetem
1080 2719 1217 2748 Wolfius
1245 2720 1325 2748 haec
1352 2718 1449 2748 refert
1477 2717 1517 2746 ad
1544 2718 1668 2746 Satura.

226 2757 266 2787 V.
286 2757 336 2785 22.
359 2757 412 2785 ubi
432 2754 610 2784 Macrobius
636 2755 739 2789 magis
766 2763 836 2784 cum
855 2758 981 2785 Mureto
1003 2757 1108 2785 facere
1136 2757 1262 2786 videtur
1283 2758 1419 2785 afferens
1440 2762 1555 2785 versus
1574 2754 1669 2782 Euri-

226 2794 311 2829 pidis
331 2801 373 2822 ex
392 2794 507 2823 Troad.
531 2800 560 2822 v.
582 2794 746 2826 23—27.;
779 2797 828 2822 est
848 2797 953 2822 autem
974 2796 1100 2823 Satura.
1122 2797 1173 2823 111.
1194 2796 1222 2823 9.
1245 2796 1335 2823 cuius
1355 2795 1417 2822 loci
1437 2794 1508 2828 ipsa
1528 2793 1629 2820 verba
1648 2799 1670 2820 a

225 2833 351 2861 mureto
383 2833 442 2860 huc
472 2832 589 2860 tralata
617 2833 700 2859 sunt.
738 2832 819 2860 Eum
838 2835 946 2859 autem
966 2832 1029 2860 iam
1051 2835 1203 2861 Gruterus
1224 2832 1256 2860 in
1276 2833 1385 2867 Lamp.
1407 2831 1482 2861 Crit.
1503 2830 1670 2859 indicave-

227 2870 290 2899 rat.
328 2867 377 2899 cf.
397 2871 478 2899 Mur.
498 2869 673 2911 comment.
693 2867 727 2898 in
747 2869 812 2900 Cic.
833 2868 929 2900 Catil.
949 2870 1002 2899 IV.
1025 2870 1104 2906 opp.
1125 2872 1215 2900 Toni.
1233 2871 1274 2900 ΙΙ.
1295 2877 1367 2906 pag.
1387 2869 1459 2899 639.
1499 2871 1611 2898 Faesr.
