1726 3106
172 124 228 168 46
741 121 868 161 VAR.
902 120 1058 161 LECT.

174 235 352 288 Ligario:
392 241 431 274 et
468 247 536 286 pro
563 231 749 271 Deiotaro
787 233 869 272 fere
907 231 1112 270 dimidiata.
1168 230 1301 284 Nuper
1337 231 1451 283 igitur
1481 230 1617 282 placuit

176 305 221 331 ea
259 291 381 329 omnia
420 303 502 327 cum
532 289 692 338 vulgatis
723 288 828 327 libris
859 289 1057 326 conferre:
1092 288 1217 339 itaque
1253 287 1343 325 feci.
1401 287 1444 325 In
1474 286 1617 324 duabus

176 354 300 386 autem
340 346 530 397 prioribus
569 344 660 381 nihil
684 342 877 382 admodum
916 344 1091 394 repperi,
1126 342 1223 394 quod
1255 343 1410 381 alicuius
1442 341 1618 379 momenti

177 401 382 441 videretur.
440 400 484 438 ln
515 412 584 445 ea,
612 412 706 450 quae
737 413 803 450 pro
829 398 1012 437 Deiotaro
1043 405 1116 443 est,
1147 398 1255 445 baec,
1285 410 1379 449 quae
1407 397 1616 443 subiiciam,

176 471 250 496 non
279 455 458 506 indigna,
489 467 583 506 quae
614 461 856 501 notarentur,
895 454 1040 492 censui.
1099 452 1263 491 Primum
1294 466 1386 504 ergo
1417 453 1478 490 ubi
1508 452 1618 502 vulgo

175 513 314 562 legitur
327 510 404 562 ’Ὧι
451 512 525 549 Cui
555 517 676 548 tamen
714 511 790 560 ipsi
821 511 910 560 regi
945 511 1088 547 venium
1130 517 1167 546 te
1205 510 1385 547 daturum
1401 508 1530 560 fuisse
1560 508 1619 545 di-

178 568 310 613 cebas,
343 567 381 604 si
404 573 478 604 tum
509 566 656 603 auxilia
686 567 871 616 Pompeio,
904 566 966 602 vel
988 565 1025 601 si
1048 565 1159 601 ctiam
1175 565 1305 615 filium
1335 565 1508 608 misisset,
1541 563 1620 613 ipse

113 631 155 662 50
179 629 302 662 tamen
338 623 584 659 eaecusaccone
613 622 750 658 aetatis
774 634 862 658 usus
889 626 1008 657 esscc:
1051 619 1087 655 in
1118 618 1191 656 illis
1219 619 1438 669 fragmentis
1469 618 1621 668 elegan-

177 678 277 724 tius,
315 677 353 714 ni
380 676 510 722 fallor,
550 682 588 713 et
616 676 741 713 verius
770 675 820 712 ita
851 675 1029 725 scriptum
1061 680 1143 711 est:
1189 675 1262 712 Cui
1287 681 1406 711 lamen
1437 674 1512 724 ipsi
1535 673 1626 722 regi

177 734 320 771 veniam
352 738 387 770 te
417 733 592 770 daturum
612 730 740 782 fuisse
769 730 940 776 dicebas,
972 731 1020 775 si,
1052 741 1135 766 cum
1164 730 1310 766 auxilia
1338 730 1525 779 Pompeio,
1559 727 1621 766 vel

179 791 291 826 eccam
308 787 437 838 filium
466 789 649 831 misisset,
689 788 768 836 ipse
799 793 920 823 tamen
950 785 1195 822 excusatione
1223 785 1361 822 aetatis
1390 797 1480 821 usus
1508 789 1618 822 esset.

178 844 274 882 Item
312 843 406 887 hoe,
446 843 543 893 quod
585 854 657 878 non
694 840 741 878 ad
782 841 941 877 nitorem
982 846 1020 877 ct
1057 839 1275 889 elegantiam
1307 839 1512 885 orationis,
1554 836 1624 876 sed

178 898 225 936 ad
258 898 478 935 sententiam
508 898 624 947 ipsam
653 909 725 932 non
757 894 999 932 mediocriter
1023 895 1197 945 pertinet.
1242 894 1283 932 Iu
1306 895 1351 931 iis
1374 895 1472 931 enim
1497 893 1620 940 libris,

179 953 312 1005 quibus
355 953 463 1002 vulgo
503 952 662 997 utimur,
701 951 753 988 ita
782 951 939 1000 legimus
956 947 1055 999 ²¹⁶*ss
1093 951 1177 999 Ego
1206 950 1418 987 mehercule
1447 952 1492 988 C.
1529 951 1624 987 Cae-

179 1021 247 1047 sar
276 1009 414 1054 iniliO,
450 1020 531 1045 cum
564 1017 621 1044 est
648 1007 700 1044 ad
725 1019 781 1043 me
808 1007 881 1043 isla
910 1018 1044 1043 caussa
1075 1006 1224 1051 delata,
1256 1005 1479 1054 Phidippum
1507 1006 1625 1042 medi-

180 1077 288 1109 cum,
320 1076 467 1101 servum
497 1064 663 1112 regium,
695 1063 866 1113 quicum
894 1062 1031 1110 leg-aute
1058 1062 1191 1098 missus
1220 1066 1331 1105 esset,
1366 1059 1414 1097 ab
1442 1062 1513 1098 islo
1544 1061 1625 1111 ipso

179 1120 415 1158 adolescente
452 1118 668 1156 existimavi
705 1130 786 1154 csse
816 1123 1059 1167 corruptum.-
1097 1116 1170 1153 hac
1198 1116 1407 1166 suspicione
1433 1128 1514 1153 sum
1537 1129 1626 1166 pcr-

180 1176 320 1214 culsuS.
390 1174 578 1212 Medicum
615 1173 773 1210 pulicem
811 1171 1055 1216 subornabit,
1090 1171 1227 1221 finget
1259 1171 1434 1208 videlicet
1472 1171 1628 1221 aliquod

180 1231 324 1268 crimen
354 1230 496 1267 veneni.
554 1228 607 1264 At
642 1228 678 1264 in
709 1228 779 1264 illis
808 1226 979 1278 ἓλωρίοις
1016 1226 1087 1277 (ita
1116 1227 1212 1263 enim
1247 1225 1353 1276 plane
1382 1226 1511 1263 vocari
1541 1238 1627 1276 pos-

178 1282 311 1337 sunt),
359 1284 470 1321 mnlto
513 1283 697 1320 sincerius
729 1282 914 1333 multoque
944 1281 1196 1327 emendatius,
1234 1293 1316 1318 meo
1347 1280 1496 1331 quidem
1530 1280 1627 1318 iudi-

180 1341 267 1386 cio,
313 1340 489 1390 scriptum
531 1345 612 1376 est:
653 1340 736 1387 Ego
770 1339 980 1375 mehercule
1019 1339 1062 1375 C.
1097 1339 1238 1375 Caesar
1277 1337 1417 1382 2'nilio,
1451 1349 1532 1374 cum
1569 1342 1630 1384 cst

180 1397 233 1434 ad
260 1409 316 1434 me
342 1397 416 1433 ista
446 1407 581 1432 caussa
614 1395 767 1439 delata,
798 1395 1020 1444 Phidippum
1049 1393 1256 1437 medicum,
1286 1404 1433 1429 servum
1463 1393 1624 1441 regium,

182 1452 251 1502 qui
283 1463 366 1488 cum
402 1451 539 1500 legales
578 1451 711 1487 messus
744 1455 867 1494 esset,
908 1449 956 1485 ab
993 1449 1064 1485 islo
1103 1448 1340 1485 adolescente
1376 1460 1455 1484 esse
1494 1460 1627 1485 corru-

175 1514 308 1558 ptum.-
347 1506 420 1543 hac
452 1506 665 1555 suspicione
702 1517 781 1541 sum
811 1516 1032 1554 percussus,
1089 1504 1278 1541 Medicum
1307 1502 1466 1539 indicem
1494 1502 1629 1540 subor-

180 1561 316 1600 navit?
341 1561 473 1611 finget
512 1561 685 1598 videlieet
720 1560 875 1610 aliquod
916 1560 1056 1596 crimen
1096 1559 1238 1596 veneni.
1300 1555 1407 1603 Quae
1443 1558 1629 1608 scriptura

182 1618 270 1667 quin
301 1616 410 1667 plane
437 1617 584 1665 integra
616 1622 653 1652 et
680 1614 894 1664 incorrupta
924 1614 1000 1659 sit,
1038 1624 1148 1650 nemo
1178 1611 1384 1658 dubitabit,
1417 1612 1480 1665 qui
1507 1612 1628 1651 locum

181 1672 284 1711 illum
311 1671 422 1724 paulo
449 1671 626 1709 attentius
657 1668 968 1707 consideraverit.

656 1793 945 1847 CAPUT
1000 1793 1159 1833 xvu.

456 1875 677 1914 Illustratus
705 1875 808 1912 locus
835 1887 885 1911 eoe
914 1874 1086 1911 oratione
1107 1884 1184 1923 pro
1215 1872 1356 1910 Coelio.

183 1944 242 2002 IN
280 1962 449 2000 oratione
486 1975 553 2012 pro
586 1960 718 1998 Coelio
747 1974 829 1998 eum
860 1967 1015 1998 conatus
1054 1966 1159 1998 esset
1182 1958 1241 1997 M.
1273 1959 1419 1998 Tullius
1448 1958 1630 2009 impuram

184 2020 378 2059 mulierem
405 2017 573 2055 Clodiam
602 2017 639 2052 in
665 2028 745 2053 eam
777 2017 1026 2065 suspicionem
1050 2015 1252 2060 adducere,
1286 2022 1343 2060 ut,
1374 2015 1436 2065 qui
1455 2014 1629 2062 aderant,

183 2088 329 2115 veneno
368 2073 414 2111 ab
451 2085 496 2110 ea
535 2071 716 2108 sublatum
750 2071 798 2117 Q.
831 2070 1027 2108 Metellum
1067 2071 1352 2116 existimarent,
1395 2070 1464 2107 hac
1499 2076 1631 2120 postea

185 2130 471 2182 amplificatione
499 2139 588 2164 usus
619 2124 814 2179 est***):
844 2127 908 2163 Ea:
934 2127 1008 2163 hac
1037 2127 1158 2175 igilur
1183 2127 1289 2162 domo
1317 2137 1527 2175 progressa
1556 2126 1632 2162 isla

187 2188 321 2232 mulier
358 2185 405 2221 cle
433 2183 566 2222 veneni
591 2183 786 2219 celeritate
814 2182 942 2218 dicere
969 2181 1155 2218 audebit?
1192 2194 1315 2218 nonne
1342 2181 1458 2230 ipsam
1484 2180 1631 2218 domum

187 2246 349 2285 metuet,
379 2253 426 2278 ne
455 2251 565 2289 quam
593 2250 716 2275 vocem
746 2236 903 2274 climat?
943 2249 1016 2273 non
1041 2237 1212 2286 parieles
1240 2236 1431 2281 conscios,
1461 2248 1534 2273 non
1563 2247 1631 2272 no-

189 2305 284 2337 clem
313 2296 416 2333 illam
431 2294 629 2344 funestam
658 2306 704 2330 ac
734 2293 938 2330 luctuosam
952 2291 1251 2341 perhorrescet?
1280 2290 1462 2341 Suspicor
1487 2297 1627 2336 autem,

188 2353 251 2390 uhi
292 2352 420 2390 eliciat
458 2349 620 2399 legitur,
664 2349 797 2386 eiiciat
830 2347 905 2397 legi
940 2346 1093 2384 dehere.
1162 2345 1358 2396 Significat
1397 2346 1517 2392 enim,
1559 2344 1631 2382 hoc

188 2409 308 2460 ipsum
345 2412 514 2444 metuere
554 2402 693 2441 debere
723 2401 916 2449 Clodiam,
954 2414 1001 2440 ne
1030 2413 1159 2440 vocem
1188 2402 1271 2453 ipsa
1301 2400 1431 2438 domus
1461 2406 1534 2438 tam
1562 2400 1631 2438 im-

265 2528 308 2564 *J
328 2534 397 2562 cap.
417 2528 447 2555 3.
475 2526 508 2561 g.
526 2525 557 2555 9.
587 2523 726 2553 orellius
754 2522 869 2552 edidit:
903 2523 962 2552 Cui
987 2523 1087 2551 tamen
1113 2523 1173 2556 ipsi
1197 2522 1258 2549 rei
1286 2520 1404 2549 veniam
1431 2522 1462 2549 te
1486 2521 1631 2548 datm-um

188 2567 289 2603 fuisse
308 2566 449 2598 dicebas,
477 2565 525 2598 si,
554 2569 663 2598 quum
683 2563 805 2591 auxilia
823 2563 990 2597 Pompeio,
1018 2562 1066 2589 vel
1085 2561 1176 2589 eliam
1194 2560 1292 2596 filium
1310 2559 1457 2596 nti-sisset,
1483 2560 1552 2593 ipse
1570 2566 1631 2587 esc-

189 2606 348 2634 cusalc'one
366 2604 475 2631 aetatis
493 2608 567 2630 usus
586 2601 675 2629 esset.

266 2651 332 2686 ’δῖ’-ἵ)
353 2658 422 2685 cap.
443 2651 472 2679 6.
493 2650 525 2685 §—
542 2649 590 2677 17.
620 2646 758 2676 Orellius
778 2646 809 2675 in
826 2647 942 2676 ceteris
961 2654 1031 2675 cum
1051 2647 1174 2674 Mureto
1195 2644 1363 2680 consentit,
1385 2643 1417 2672 in
1437 2644 1496 2672 fine
1516 2643 1563 2672 sic
1580 2644 1631 2671 le-

194 2690 239 2725 git
260 2692 291 2718 et
312 2688 494 2722 distinguit:
520 2687 719 2720 corruptum,
747 2686 921 2719 suspicione
940 2692 1006 2713 sum
1025 2690 1209 2719 percussus:
1239 2684 1387 2711 medicum
1407 2683 1536 2710 iudicem
1554 2683 1630 2709 sub·-

192 2728 333 2756 0ruav1't:
359 2727 453 2762 finyct
477 2725 610 2753 videlicit
637 2723 763 2757 aliquod
790 2724 905 2751 crimen
930 2723 1047 2752 veneni.
1078 2723 1188 2750 FAEsi.
1211 2735 1249 2742 —-
1286 2720 1496 2750 Ruhnkenius
1521 2718 1572 2747 hit:
1599 2720 1630 2747 et

190 2766 274 2794 infra
294 2771 337 2792 ex
355 2763 510 2798 Phidippo
529 2761 605 2790 fecit
622 2761 805 2795 Philippum.

268 2811 360 2846 ὲῑεεὶεεῑε)
380 2818 448 2845 cap.
471 2810 520 2838 24.
541 2810 571 2844 S.
592 2809 642 2838 60.
664 2810 698 2838 In
715 2816 802 2844 seqq.
824 2807 962 2839 Orellius
982 2810 1054 2843 post
1075 2809 1222 2837 Garaton.
1243 2813 1304 2836 non
1324 2808 1422 2843 ipsam
1442 2804 1550 2844 edidit,
1571 2804 1630 2833 eli-

193 2851 254 2881 ciat
273 2857 344 2880 cum
363 2851 495 2878 Ernesto
516 2847 652 2876 retinuit.
