1778 3096
299 565 382 622 Μ.
432 562 804 623 ΑΝΤΟΝΠ
844 560 1214 630 MURETI

42 708 692 783 VARIARUM
759 702 1478 782 LEGTIONUM

434 858 831 904 LIBER
930 857 1093 901 XVI.

566 1085 598 1125 C
627 1085 665 1125 A
693 1086 727 1125 P
753 1085 790 1125 U
818 1085 854 1124 T
920 1085 953 1124 1.

314 1165 358 1204 T.
389 1165 492 1203 Lz'vz'z'
518 1165 622 1203 locus
650 1178 671 1203 e
692 1164 931 1217 philosophia
959 1164 1214 1215 depromptus.

42 1255 403 1315 PHILOSOPHICAM
433 1277 655 1314 sententiam
687 1276 777 1314 fecit
800 1275 932 1314 Livius
957 1274 1052 1312 libro
1080 1274 1207 1325 quinto
1230 1271 1428 1311 Annalium
1441 1269 1487 1324 a)

43 1331 91 1369 ab
119 1331 196 1383 Ap.
229 1330 386 1369 Claudio
417 1330 491 1369 dici
524 1332 561 1368 in
594 1344 638 1369 ea
667 1332 861 1378 oratione,
890 1343 997 1381 quam
1028 1327 1075 1367 ad
1105 1329 1276 1381 populum
1308 1328 1488 1367 adversus

43 1387 233 1426 Tribunos
262 1387 403 1424 habuit.
451 1387 559 1424 Haec
589 1387 687 1424 enim
718 1387 834 1437 ipsius
867 1386 982 1424 verba
1008 1391 1113 1422 suut:
1146 1385 1276 1423 Labor²
1298 1385 1489 1434 voluptas-

47 1456 118 1493 que
147 1443 396 1480 dessc'millc'ma
417 1449 558 1480 natura
583 1443 764 1480 societate
789 1443 950 1493 quadam
978 1441 1153 1479 naturale·
1170 1442 1272 1478 inter
1294 1453 1335 1478 se
1357 1441 1490 1477 iuncta

46 1504 147 1536 sunt.
209 1496 368 1534 Constat
395 1504 543 1543 autem,
582 1496 621 1534 id
650 1497 764 1534 multo
794 1504 881 1535 aute
910 1495 1007 1547 apud
1038 1494 1232 1533 Platonem
1245 1492 1319 1547 ἢ)
1351 1493 1490 1531 dictum

48 1564 134 1591 esse
162 1565 186 1591 a
213 1551 397 1599 Socrate,
437 1553 498 1602 qui
525 1564 606 1590 cum
636 1552 745 1602 paulo
774 1559 859 1603 post
886 1552 1085 1590 moriturus
1113 1550 1273 1588 vinculis
1310 1562 1358 1587 ex
1387 1560 1490 1586 more

49 1608 192 1645 solutus
222 1615 346 1654 esset,
391 1609 507 1658 Quam
547 1607 738 1652 mirabile,
779 1607 922 1657 inquit,
962 1607 1110 1645 videtur
1145 1606 1206 1652 id,
1247 1605 1347 1656 quod
1376 1617 1491 1643 suave

49 1663 215 1701 homines
240 1669 400 1701 vocant.-
440 1669 478 1701 et
506 1662 731 1700 mirabiliter
767 1662 945 1715 affectum
980 1668 1121 1700 notura
1155 1674 1250 1711 erga
1283 1661 1347 1707 z'd,
1391 1659 1494 1710 quod

48 1719 89 1756 εἰ
118 1719 320 1756 adversare·
350 1718 521 1763 videtur,
560 1719 775 1756 molestum.-
817 1731 899 1755 cum
939 1717 1047 1755 ambo
1087 1717 1234 1767 quidem
1269 1717 1307 1754 in
1346 1715 1492 1753 homine

49 1775 166 1812 simul
195 1786 274 1811 esse
302 1774 447 1819 nolin&
484 1773 647 1811 alterum
676 1779 799 1810 aulem
829 1785 957 1811 eorum
991 1774 1030 1811 εἰ
1052 1773 1136 1823 quis
1164 1777 1418 1822 persequatur
1445 1782 1492 1807 ac

52 1830 194 1880 capiat,
227 1830 386 1867 alterum
416 1841 560 1879 qnoque
575 1827 671 1878 sere
699 1840 835 1879 capere
863 1835 1048 1878 cogatur,
1081 1834 1258 1878 tanquam
1288 1839 1338 1864 eo:
1365 1826 1493 1863 eodem

52 1891 215 1935 utraque
252 1885 377 1935 capite
417 1890 507 1934 apta
547 1896 593 1921 ac
629 1884 814 1933 colligata
853 1885 943 1922 sint.
1004 1882 1140 1933 Neque
1178 1888 1305 1920 tamen
1343 1882 1494 1919 omnino

52 1952 183 1978 verum
217 1946 300 1987 est,
342 1939 566 1990 voluptatem
602 1944 641 1976 et
677 1938 884 1976 molestiam
922 1939 1030 1977 simul
1064 1939 1101 1975 in
1139 1936 1269 1976 eodem
1300 1949 1386 1975 esse
1421 1948 1494 1972 non

53 2008 188 2046 posse:
239 1995 374 2033 multae
411 1995 508 2032 enim
546 2000 633 2032 sunt
671 1994 903 2045 voluptates,
952 1994 1084 2046 quibus
1126 1991 1264 2044 aliquid
1300 1991 1495 2039 molestiae

54 2050 252 2088 admistum
289 2057 372 2096 est,
414 2056 454 2087 ut
489 2062 535 2088 ea
570 2050 676 2101 ipsa,
725 2062 833 2100 quam
871 2057 947 2087 tum
985 2048 1171 2087 sentiebat
1209 2049 1413 2093 Socrates,
1458 2051 1497 2083 et

54 2106 258 2157 pleraeque
298 2117 448 2152 earum,
499 2118 593 2156 quae
626 2103 673 2142 ad
712 2117 847 2156 corpus
894 2106 1105 2157 pertinent:
1158 2116 1252 2155 quae
1295 2109 1497 2154 propterea

54 2174 170 2213 purae
199 2175 242 2199 ae
272 2159 430 2212 liquidae
464 2173 549 2198 esse
579 2173 652 2198 non
690 2167 868 2212 possunt3
909 2168 950 2198 ut
979 2160 1254 2211 sapientissime
1290 2158 1499 2209 disputatur

56 2217 104 2254 ab
140 2216 347 2254 Aristotele
388 2216 485 2254 libro
528 2214 673 2253 decimo
714 2214 937 2254 Ethicorum
952 2213 1070 2269 ἢῆ).
1130 2215 1181 2253 Et
1219 2221 1259 2252 ut
1296 2214 1334 2251 in
1372 2211 1498 2263 tepido

58 2273 207 2310 remissi
240 2271 376 2310 caloris
404 2284 448 2310 ac
477 2271 632 2322 frigoris
664 2269 809 2321 quidam
842 2272 947 2322 quasi
980 2271 1114 2310 cinnus
1146 2276 1225 2308 est:
1272 2270 1323 2307 ita
1361 2268 1497 2305 multae

60 2334 148 2365 sunt
183 2327 380 2378 voluptatis
413 2339 458 2365 ac
492 2326 634 2364 doloris
670 2327 958 2377 permistiones,
1003 2334 1044 2365 ut
1079 2339 1161 2365 cum
1193 2324 1305 2371 alibi,
1347 2330 1422 2361 tum
1461 2324 1499 2360 in

60 2384 240 2421 amatoria
283 2382 450 2420 levitate.
521 2382 731 2433 Propterea
775 2383 874 2421 enim
919 2382 1102 2421 Musaeus
1155 2380 1429 2418 Grammaticus
1447 2378 1499 2431 †)

61 2438 246 2477 stimulum
275 2438 414 2476 amoris
443 2438 589 2476 vocavit
611 2433 879 2491 γλυκύπικρον.
930 2437 981 2476 Et
1005 2437 1173 2476 Catullus
1189 2435 1273 2490 ††)
1303 2449 1325 2474 a
1344 2435 1501 2476 Venere

102 2574 182 2641 ῃῖεῐῗ)
202 2581 270 2640 calip.
287 2573 317 2603 4.
339 2573 392 2604 ubi
412 2573 512 2603 verba
532 2572 591 2601 hoc
606 2571 714 2602 ordine
732 2573 898 2608 leguntur:
919 2572 1064 2601 societate
1078 2572 1209 2608 quadam
1222 2571 1304 2600 inter
1319 2577 1352 2600 se
1367 2568 1503 2598 naturali

62 2620 100 2643 su
151 2619 223 2641 tunc
236 2620 264 2640 a.

85 2702 102 2731 d
133 2662 210 2729 lez-32:2⁴}
228 2660 390 2691 Phaedon.
410 2659 550 2696 pag.60.
571 2659 607 2688 B.
623 2661 668 2689 St.
689 2659 742 2689 ubi
760 2659 826 2690 alia
845 2658 976 2696 collegit
995 2658 1262 2694 wyttenbachius
1283 2663 1355 2693 pag.
1380 2656 1440 2685 132
1455 2662 1503 2691 sq.

65 2711 82 2732 e
107 2723 114 2731 .
151 2708 192 2734 ΑΙ)
213 2721 221 2729 .

139 2749 232 2785 *zzz-112)
253 2755 323 2783 cap.
341 2747 371 2776 5.
393 2746 482 2783 (cap.
502 2747 531 2775 3.
552 2746 601 2775 ed.
621 2745 732 2781 zell).
770 2746 818 2776 ef.
839 2745 879 2775 ib.
898 2745 952 2775 lib.
973 2746 1041 2775 vn.
1060 2751 1129 2780 cap.
1153 2745 1201 2773 ¹3.

140 2798 187 2837 ἦ)
209 2798 312 2827 Carm.
332 2798 371 2826 de
390 2797 526 2826 Leandr.
546 2799 581 2826 et
600 2798 674 2825 Her.
695 2803 725 2824 v.
748 2796 817 2825 166.

142 2847 216 2887 ἡ]
237 2847 341 2878 carm.
357 2847 465 2877 LXVI.
485 2846 546 2882 (al.
564 2843 725 2882 LXVIII.)
742 2852 773 2875 v.
789 2845 837 2875 18.
860 2845 945 2880 Quae
962 2844 1082 2873 dulcem
1100 2843 1185 2871 curis
1203 2841 1308 2872 miscet
1326 2841 1506 2872 anim-mem.

1501 557 1562 588 377

1524 2274 1587 2304 378
