1726 3106
566 116 667 156 LIB.
699 115 731 154 1.
794 114 912 155 CAP.
946 115 998 156 V.
1449 113 1500 156 ll

64 226 259 280 Euripidis
304 238 351 264 ex
387 223 593 276 Hippolyto
634 222 897 275 coronatossss),
941 223 1004 262 ubi
1041 224 1165 262 nutrix
1199 221 1408 262 Phaedram
1444 224 1502 260 in-

64 297 156 321 sano
195 282 357 333 privigni
384 292 509 317 amoie
540 281 731 318 incensam
764 279 955 330 alloquens
986 278 1159 317 admonet
1189 292 1295 325 eam,
1335 286 1375 315 ut
1402 291 1502 316 mor-

61 338 147 377 bum
189 339 286 376 illum
328 348 431 373 suum
471 335 620 372 fontiter
661 336 779 373 ferat.
821 347 908 372 esse
946 335 1042 372 enim
1081 341 1210 372 cantus
1241 341 1279 372 et
1309 338 1500 371 sermones

63 392 256 444 quosdam,
291 392 326 429 in
359 390 490 440 quibus
521 390 608 427 insit
636 391 691 428 vis
720 389 767 428 ad
797 402 881 429 eum
915 389 1148 428 mulcendum
1179 402 1222 427 ae
1246 388 1496 427 molliendum.

62 449 211 488 Versus
241 444 434 496 Euripidis
462 444 500 481 hi
528 452 633 482 sunt·

285 524 471 561 Νοσοῢσα
499 518 538 560 δ”
571 514 613 561 εὖ
640 536 721 569 πως
747 519 818 572 τὴν
841 517 960 561 νόσον
987 518 1261 586 καταστρέφου.

283 576 399 615 Εἰσὶν
430 573 465 615 δ’
499 575 643 616 ἐπωδαὶ
669 577 734 617 καὶ
760 573 866 644 λόγοι
893 573 1124 628 θελκτηοιοι.

287 628 506 683 Φανησεταί
534 647 569 671 τι
596 633 708 684 τῆςδε
735 629 940 685 φάομακον
964 628 1096 671 νόσου.

64 709 215 748 Horatii
245 715 367 747 autem
395 709 458 746 hi:

228 789 366 826 Fervet
393 788 559 825 avaritia
588 787 796 840 miseroque
825 788 998 839 cupidine
1021 786 1192 838 pectus?

230 844 329 881 Sunt
354 842 470 881 verba
501 849 539 881 et
565 855 694 889 voees,
723 843 856 894 quibus
884 844 983 881 hunc
1009 844 1130 881 lenire
1159 841 1325 879 dolorem

227 898 354 936 Possis
379 905 419 936 et
445 910 619 948 magnam
647 897 772 936 morbi
796 898 982 949 deponere
1004 904 1170 949 partem.

64 973 153 1012 Non
182 980 305 1012 tamen
335 981 491 1026 uterque
519 974 617 1013 idem
646 975 843 1013 intellexit.
903 974 1002 1013 Nam
1033 973 1096 1011 illa
1126 972 1171 1012 de
1194 973 1348 1025 magicis
1372 974 1504 1012 carmi-

64 1029 195 1067 nibus:
238 1030 299 1067 hic
331 1029 378 1067 de
408 1031 642 1068 sermonibus
672 1030 939 1080 philosophicis
970 1030 1155 1080 loquitur,
1198 1042 1220 1066 a
1251 1030 1383 1080 quibus
1413 1042 1506 1068 vera

65 1085 226 1122 omnium
262 1084 472 1122 morborum
517 1086 629 1122 animi
663 1083 823 1151 petenda
856 1084 1041 1122 medicina
1071 1091 1144 1123 est.
1213 1085 1433 1136 Quanquam
1470 1085 1505 1121 si

64 1140 146 1189 quis
176 1138 396 1189 Eutipidem
425 1152 569 1190 quoque
597 1138 694 1177 idem
723 1136 799 1179 κατ’
832 1136 1060 1192 ἆλληγορίαν
1087 1134 1173 1177 τινὰ
1199 1140 1413 1189 significare
1440 1153 1505 1177 vo-

64 1194 179 1232 luisse
209 1202 377 1242 censeat,
407 1194 568 1232 libenter
598 1207 655 1232 me
686 1196 829 1233 socium
860 1195 977 1246 ipsius
1006 1194 1215 1231 sententiae
1245 1196 1502 1246 ascripserim.

66 1248 215 1287 Gaudet
242 1249 339 1287 enim
370 1252 479 1300 poeta
508 1250 570 1288 ille
601 1250 784 1288 eiusmodi
814 1249 1036 1294 sententiis,
1068 1261 1163 1300 quae
1190 1262 1310 1300 neque
1339 1263 1361 1287 a
1390 1263 1506 1300 popu-

64 1305 135 1342 lari
171 1304 441 1342 consuetudine
482 1303 702 1350 discedant,
751 1313 789 1343 et
832 1304 1126 1356 philosophicum
1163 1311 1287 1342 tamen
1326 1305 1423 1343 intra
1463 1317 1505 1342 se

65 1359 203 1410 aliquid
236 1360 438 1398 occultent.
500 1360 600 1398 Nam
629 1360 725 1411 quod
754 1363 791 1399 in
825 1361 995 1399 versibus
1024 1360 1176 1399 Horatii
1203 1360 1312 1409 leg0,
1351 1362 1506 1398 misero-

66 1429 137 1467 que
167 1416 360 1466 cupidine,
392 1429 489 1462 non,
519 1422 558 1454 ut
589 1416 625 1453 in
655 1416 844 1467 plerisque
874 1416 979 1453 libris
1007 1415 1165 1466 legitur,
1197 1417 1409 1466 miseraque
1439 1429 1506 1453 cu-

61 1471 216 1522 pidine,
249 1471 285 1507 in
317 1484 362 1508 eo
391 1477 538 1509 veteres
568 1471 683 1508 libros
713 1479 886 1509 auctores
914 1471 1058 1519 habe03
1089 1483 1132 1508 ac
1164 1478 1388 1520 p1·,aeterea
1419 1483 1505 1509 esse

65 1525 107 1563 id
134 1538 182 1563 ex
207 1526 360 1606 Horatii
394 1525 690 1574 consuetudine,
722 1527 821 1566 nullo
852 1527 1004 1578 negotio
1034 1526 1195 1579 probare
1221 1539 1388 1578 possum.
1448 1526 1506 1564 Ita

67 1581 167 1620 enim
193 1579 319 1619 alibi*
335 1579 381 1630 ¹²).

234 1661 293 1697 At
322 1659 420 1696 bona
444 1672 541 1709 pars
568 1660 754 1697 homimem
784 1661 939 1711 decepta
967 1659 1140 1710 cupidine
1156 1657 1282 1711 falso,

230 1715 301 1752 Nil
324 1716 419 1752 satis
446 1720 524 1760 est,
557 1715 689 1765 inquil.

68 1789 121 1829 Ει
149 1791 186 1829 in
218 1788 446 1842 onsffiffi

233 1869 314 1907 Nee
341 1870 437 1907 leves
464 1882 613 1909 somnos
642 1871 776 1915 tz'mor,
807 1875 876 1908 aut
904 1869 1037 1920 cupido

620 1926 805 1964 Sordidus
832 1923 976 1976 aufert.

72 1999 122 2040 Ut
150 1999 310 2039 dubitari
339 2001 449 2052 plane
480 2015 553 2040 non
582 2002 722 2053 possit,
754 2002 841 2054 quin
869 2013 916 2041 ea
944 2012 1034 2039 vera
1063 1998 1248 2050 scriptura
1276 1998 1339 2037 sit.

590 2134 876 2174 CAPUT
931 2132 984 2172 V.

215 2213 393 2251 Eiusdem
415 2214 574 2252 Horatii
601 2214 704 2252 locus
732 2226 781 2251 ea,-
808 2214 976 2251 Isocrate
998 2223 1120 2262 prope
1147 2220 1357 2247 conversus.

69 2290 221 2349 VENIT
256 2312 345 2350 mihi
380 2313 419 2349 in
457 2320 618 2351 mentem
656 2311 885 2365 quorundam
920 2310 1088 2350 eiusdem
1120 2312 1253 2362 poe‘tae
1282 2318 1455 2345 versuum
1484 2318 1506 2343 e

71 2363 408 2419 Sermonibus†),
451 2369 582 2420 quibus
621 2369 799 2420 exponit,
839 2380 934 2419 quae
977 2367 1105 2419 primis
1153 2362 1382 2415 temporibus
1430 2361 1508 2399 vita

71 2423 259 2461 bominum
296 2423 434 2469 fuerit,
475 2425 638 2475 agrestis
676 2423 852 2462 videlicet
887 2431 923 2461 et
961 2423 1108 2460 ferina:
1151 2427 1263 2471 utque
1300 2423 1407 2469 post,
1446 2429 1507 2453 ra-

72 2479 186 2515 tionis
235 2485 272 2515 et
312 2479 492 2517 orationis
528 2480 738 2525 beneficio,
779 2478 827 2517 ad
866 2479 1073 2518 civiliorem
1111 2473 1259 2515 vivendi
1289 2472 1434 2511 modum
1471 2477 1509 2507 et

72 2533 253 2572 humanae
281 2540 436 2573 naturae
466 2536 582 2586 magis
613 2541 906 2574 consentaneum
932 2534 1129 2573 venerint:
1163 2530 1226 2583 qui
1254 2527 1402 2582 quidem
1424 2538 1508 2566 ver-

146 2689 189 2724 εε)
210 2696 240 2718 v.
261 2688 322 2717 477
342 2696 410 2725 sqq.
430 2698 460 2719 v.
480 2690 552 2720 460.
572 2691 692 2726 musgr.
712 2697 743 2719 v.
764 2688 835 2719 479-
855 2690 966 2718 Monk.

146 2738 213 2773 εῑεεῑε)
234 2740 332 2766 serm.
352 2740 376 2767 Ι.
399 2739 436 2775 1,
458 2739 509 2768 61.

149 2786 241 2822 maz]
262 2787 315 2815 nn.
335 2789 373 2815 11.
396 2787 452 2824 16,
474 2788 523 2818 15.
545 2788 618 2818 con.
639 2789 676 2818 11.
697 2789 735 2825 s,
758 2787 807 2818 14.
828 2787 882 2817 111.
905 2786 961 2823 16,
982 2783 1033 2814 39·
1057 2782 1115 2818 ²4>
1136 2782 1185 2810 ⁵¹·

148 2835 193 2873 -ῃ
215 2837 236 2865 1.
257 2837 296 2874 3,
317 2836 359 2866 99
378 2842 447 2871 sqq-

1529 1362 1569 1393 14
