1726 3106
228 156 308 199 124
787 156 915 197 VAR.
947 155 1100 197 LECT.

712 265 744 305 C
773 265 810 305 A
836 265 870 305 P
894 265 931 305 U
956 266 991 305 T
1046 265 1176 306 VIII.

228 347 405 387 Corrcctz'
425 346 504 385 locz'
527 345 600 383 duo
629 357 650 382 e
672 345 798 396 primo
822 344 919 439 ῗύῗο
950 345 1183 395 Topicorum.
1243 346 1334 384 Item
1363 347 1461 385 allus
1489 361 1510 385 e
1536 349 1663 400 quinto

843 407 875 438 l
887 401 1058 438 tz'corum.

222 481 370 538 Lumo
399 501 518 552 primo
553 497 601 537 de
633 496 730 538 Arte
760 497 978 546 dialectica,
1020 511 1115 550 quae
1145 498 1287 550 Topica
1315 507 1496 539 vocantur
1509 499 1578 554 ᾗ),
1610 502 1664 540 ita

224 557 401 608 scriptum
429 563 508 594 est:
535 551 702 606 ’Έξομεν
729 552 770 594 δὲ
797 554 939 625 τελέως
955 550 1024 606 τὴν
1060 552 1248 605 μέθοδον,
1286 551 1378 595 ’ὅταν
1408 553 1551 606 ὁμοίως
1576 555 1666 623 ε’χω-

221 626 311 664 μεν,
350 609 472 664 ὥςπερ
498 608 561 651 ε’πὶ
587 610 793 679 ῥητορικῆς
828 609 894 650 καὶ
924 609 1096 662 ἰατρικῆς
1127 608 1193 649 καὶ
1218 613 1295 649 τῶν
1328 609 1512 651 τοιούτων
1547 609 1665 652 δυνά-

221 681 336 719 μεων.
379 670 493 706 τοῦτο
532 663 574 705 δέ
611 663 688 705 ἔστι
721 663 764 705 τὸ
788 664 832 705 ἐκ
858 668 934 705 τῶν
961 663 1214 716 ἐνδεχομένων
1246 669 1372 705 ποιεῖν
1401 682 1426 705 α
1457 665 1664 720 προαιρού-

222 727 336 774 μεθα.
388 723 546 773 861111161·
565 728 686 759 autem
719 721 809 758 mihi
841 727 1034 772 suspectus
1055 721 1126 758 fuit
1154 721 1185 757 is
1205 720 1330 758 locus:
1362 734 1482 772 neque
1502 735 1661 774 unquam

222 779 334 816 aliter
370 778 459 815 mihi
501 776 731 828 persuadere
761 777 888 827 potui,
934 789 1040 826 quam
1072 782 1187 813 totum
1224 776 1332 822 illud,
1374 780 1486 816 τοῦτο
1516 777 1557 816 δέ
1587 777 1663 818 ἐστι

220 829 265 873 τὸ
295 832 337 872 ἐκ
364 836 441 872 τῶν
470 830 722 883 ἐνδεχομένων
742 835 869 870 ποιεῖν
898 829 922 870 ἃ
940 827 1245 883 προαιρούμεθα,
1276 831 1522 870 inducendum
1550 846 1659 872 6556·

220 901 342 940 11611116
374 889 551 939 scriptum
593 887 638 924 ab
671 887 898 932 Aristotele,
941 885 1006 924 sed
1034 893 1178 924 temere
1209 887 1429 924 inculcatum
1462 888 1507 925 ab
1540 889 1662 940 aliquo

219 945 409 995 imperim.
468 942 602 981 Nullus
640 943 738 980 enim
777 943 822 979 iis
855 941 980 980 verbis
1019 941 1164 980 videtur
1201 942 1355 979 subesse
1395 955 1550 980 sensus:
1592 945 1664 982 etsi

220 1013 296 1037 non
334 1012 412 1037 sum
451 1000 627 1043 nescius,
667 996 850 1048 quomodo
888 1009 932 1036 ea
972 997 1081 1047 vulgo
1113 998 1230 1048 accipi
1270 998 1427 1035 soleant.
1488 996 1567 1036 Sed
1602 1000 1664 1051 qui

219 1062 399 1107 purgatas
428 1067 539 1092 aures
569 1053 728 1099 habent,
770 1053 881 1092 facile
911 1051 1001 1090 mihi
1032 1053 1126 1098 hoc,
1167 1060 1207 1089 ut
1237 1065 1388 1103 sperare
1420 1052 1568 1100 videor,
1604 1067 1666 1092 as-

220 1111 446 1148 sentientur.
505 1108 638 1159 Neque
671 1108 753 1147 leve
793 1115 1050 1158 argumentum
1094 1106 1140 1145 ad
1178 1108 1273 1145 banc
1314 1109 1566 1147 coniecturam
1601 1110 1664 1147 fir-

218 1165 390 1204 mandam
421 1165 541 1216 putari
571 1163 701 1210 debet,
745 1140 859 1214 quode>
870 1170 975 1201 vetus
1005 1163 1162 1201 Latinus
1194 1164 1380 1214 interpres
1411 1164 1500 1203 facit
1528 1177 1550 1202 a
1581 1177 1662 1214 11165

218 1221 353 1272 illaque
385 1220 499 1259 verba
539 1220 689 1256 omnino
726 1233 798 1257 non
839 1219 1024 1270 agnoscit.
1084 1219 1181 1256 Nam
1221 1225 1366 1256 constat
1398 1231 1481 1257 eum
1522 1226 1560 1257 et
1598 1233 1663 1258 ex-

217 1277 429 1327 pressisse,
461 1276 493 1312 si
527 1288 599 1312 11011
628 1275 848 1324 eleginter,
862 1249 1042 1311 t>fideliter
1076 1273 1222 1325 quidem
1253 1280 1381 1320 66116,
1415 1275 1536 1312 omnia
1567 1287 1662 1326 quae

134 1340 198 1375 130
218 1338 432 1383 repererat,
465 1337 503 1368 et
531 1343 637 1368 usum
662 1329 773 1376 libro,
805 1326 1001 1380 ἀμήχανον
1030 1327 1136 1377 ὅσον,
1164 1329 1318 1366 melione
1349 1336 1385 1367 et
1409 1329 1662 1368 emendatiore

217 1388 266 1425 iis
306 1386 501 1433 omnibus,
542 1387 603 1436 (1111
641 1397 736 1422 1111116
763 1385 1091 1422 circumferuntur.
1150 1383 1368 1422 Alexander
1405 1384 1660 1437 quoque**),

219 1449 282 1480 aut
312 1442 476 1493 quisquis
514 1448 571 1478 est
601 1440 769 1478 Graecus
802 1441 886 1486 ille,
929 1441 989 1490 qui
1017 1439 1316 1477 Commentarios
1352 1441 1523 1491 scripsit,
1562 1441 1660 1478 nullo

218 1496 328 1535 modo
359 1510 403 1535 ea
441 1495 588 1534 videtur
624 1508 846 1545 agnoscere
908 1494 1018 1542 Quod
1058 1507 1114 1531 me
1146 1495 1285 1544 magis,
1332 1496 1437 1533 utin
1476 1496 1663 1534 sententia

217 1565 478 1604 permaneam,
512 1551 615 1588 facit.
677 1550 751 1588 Sed
781 1558 820 1587 et
848 1551 954 1600 paulo
984 1548 1190 1597 infia*⁴<”¹⁴⁶)
1228 1548 1358 1586 eodem
1392 1550 1499 1588 modo
1528 1564 1661 1602 pecca-

217 1615 294 1646 tum
326 1615 395 1645 est.
458 1606 532 1644 Ubi
573 1606 670 1642 enim
710 1606 820 1655 vulgo
854 1606 1014 1655 legiun
1055 1602 1132 1642 ε’στι
1161 1602 1202 1642 δὲ
1229 1600 1385 1660 ἀριθμῷ
1424 1601 1487 1645 ἶσα
1515 1604 1581 1645 καὶ
1616 1603 1663 1646 τὰ

217 1660 333 1713 αὐτὰ,
369 1662 407 1710 ἐξ
436 1663 490 1701 ὡν
531 1676 570 1700 τε
608 1660 647 1699 οἵ
673 1658 780 1713 λόγοι
818 1675 884 1699 και
911 1658 999 1711 περὶ
1034 1659 1089 1698 ὠν
1127 1658 1167 1697 οῖ
1203 1661 1454 1727 συλλογισμοί.
1492 1661 1662 1714 γίνονται

217 1717 287 1770 μὲν
314 1715 386 1772 γὰρ
418 1732 455 1756 οι
492 1713 603 1785 λόγοι
628 1715 670 1754 ἐκ
697 1719 773 1755 τῶν
799 1712 1037 1768 προτάσεων,
1077 1729 1125 1753 πε
1109 1713 1165 1766 ερὶ
1193 1714 1247 1754 ὠν
1274 1713 1315 1754 δὲ
1345 1716 1384 1755 οἱ
1407 1716 1659 1769 συλλογισμοι,

216 1772 264 1814 τὰ
301 1769 550 1827 προβληματά
586 1771 685 1811 ἐστιε
736 1772 788 1809 1111
820 1784 911 1822 eigo
933 1769 984 1823 T)
1024 1771 1233 1816 neminem,
1280 1771 1340 1820 qui
1379 1771 1659 1811 Aristotelicam

218 1830 367 1868 dicendi
408 1829 589 1866 rationem
625 1826 785 1872 calleat,
829 1825 1076 1864 dubitaturum
1114 1832 1253 1880 puto,
1273 1827 1359 1877 quin
1398 1834 1568 1895 praestet
1608 1828 1660 1866 ita

215 1886 314 1936 legi:
357 1883 433 1925 ε’στι
465 1881 505 1922 δὲ
532 1880 688 1935 ἀριθμῷ
717 1878 800 1932 ἶσα,
831 1881 898 1921 καὶ
923 1878 970 1921 τὰ
998 1876 1116 1928 αὐτὰ,
1156 1879 1194 1928 ἐξ
1223 1881 1277 1920 ὠν
1303 1896 1343 1921 τε
1370 1882 1410 1922 οἵ
1434 1879 1559 1937 λόγοι,
1593 1883 1660 1950 xa}

215 1956 303 1993 περι
332 1940 396 1980 ὠν.
435 1939 605 2008 γίνονται
632 1954 674 1989 μ
663 1938 700 1978 ὲν
736 1935 809 1992 γὰρ
842 1937 884 1977 ἐκ
925 1939 1001 1976 τῶν
1034 1932 1274 1988 προτάσεων,
1315 1937 1401 1990 περὶ
1436 1938 1491 1977 ὠν
1515 1936 1577 1987 δὲ,
1613 1935 1661 1978 τὰ

214 1975 463 2049 προβληματά
491 1994 578 2033 εστι.
617 1992 739 2047 λόγων
776 2001 899 2032 autem
933 1991 1082 2029 nomine
1118 1998 1155 2029 et
1192 1991 1428 2043 syllogismos
1466 1994 1656 2044 intelligit,

216 2059 256 2090 et
291 2050 542 2088 inductiones.
602 2048 746 2087 Eodem
781 2061 897 2100 prope
937 2046 1046 2085 modo
1081 2047 1233 2084 memini
1272 2056 1484 2087 correctum
1522 2062 1609 2087 esse
1635 2063 1659 2088 a

214 2119 274 2145 me
304 2107 375 2144 iam
405 2104 548 2156 pridem
585 2104 705 2143 10611111
742 2103 923 2154 quendam
954 2115 975 2140 e
1007 2102 1133 2169 quinto
1151 2103 1430 2167 Νικομαχείων
1444 2103 1554 2157 ††)‚
1596 2105 1659 2154 qui

213 2162 324 2212 vulgo
353 2162 404 2198 ita
442 2161 602 2210 legitur:
648 2157 670 2199 5
700 2155 733 2198 6
766 2156 899 2205 ἄδικος
928 2154 1000 2197 οὐκ
1035 2153 1094 2194 ἀεὶ
1121 2153 1164 2195 τὸ
1200 2157 1315 2196 πλέον
1343 2159 1522 2226 αιρεῖται,
1563 2155 1658 2198 ἀλλὰ

213 2216 281 2258 καὶ
305 2214 347 2256 τὸ
377 2214 530 2256 ελαττον
557 2213 712 2254 ἐπὶτῶν
740 2210 869 2259 ἅπλῶς
895 2214 1036 2252 κακῶν.
1066 2208 1146 2250 ἀλλ’
1180 2209 1238 2250 ότι
1257 2213 1366 2253 δοκεῖ
1388 2213 1454 2253 καὶ
1476 2211 1518 2253 τὸ
1548 2218 1656 2265 μεῖον

213 2269 336 2313 κακὸν
363 2267 516 2325 ἀγαθόν
542 2285 624 2316 πως
656 2266 779 2336 εἶναι,
811 2271 879 2308 τοῦ
908 2265 941 2307 6⁷
971 2264 1126 2336 ἀγαθοῦ
1154 2265 1254 2306 ἐστιν
1280 2266 1347 2319 ἡ
1335 2269 1552 2318 πλεονεξία,
1593 2267 1658 2310 διὰ

213 2331 327 2368 τοῦτο
356 2328 464 2367 δοκεῖ
488 2324 713 2376 πλεονέκτης
741 2339 850 2364 ειναι.
879 2322 956 2362 ε’στι
985 2319 1021 2361 δ’
1056 2319 1208 2368 ἄνισος·
1246 2327 1357 2364 τοῦτο
1384 2321 1456 2391 γὰρ
1484 2323 1656 2376 περιέχει,

213 2383 280 2425 καὶ
306 2380 450 2431 κοινὸν,
475 2381 541 2422 καὶ
564 2378 797 2448 παράνομος.
826 2381 938 2419 τοῦτο
966 2374 1057 2431 γὰο,
1084 2393 1109 2428 η
1139 2379 1379 2442 παρανομία,
1406 2377 1493 2431 η’τοι
1518 2378 1546 2432 ἦ
1575 2378 1657 2420 ἄνια

215 2436 353 2491 σότης,
394 2436 553 2491 περιέχει
587 2440 715 2476 πᾶσαν
744 2433 918 2486 ἀδικίαν,
958 2432 1024 2472 καὶ
1051 2447 1183 2472 κοινον
1217 2433 1295 2474 ἐστι
1331 2432 1458 2487 πάσης
1492 2432 1654 2484 ἀδικίας.

214 2494 301 2547 Ego
338 2501 460 2532 autem
498 2492 697 2543 legendnm
735 2503 897 2530 censeo:
940 2487 1017 2528 ἐστι
1055 2485 1089 2528 6'
1130 2485 1281 2539 ἄνισος,
1326 2489 1390 2531 καὶ
1422 2488 1654 2544 παράνομος.

292 2609 335 2646 ’Ὅ
356 2617 424 2644 cap.
444 2610 474 2638 3.
495 2608 666 2638 Bekkerus
685 2602 790 2636 τοῦτο
815 2599 851 2635 δ’
880 2599 956 2636 ἐστὶ
978 2597 1016 2633 τὸ
1039 2606 1098 2635 661.

287 2659 357 2695 5191)
378 2657 426 2688 ef.
445 2664 542 2692 supra
561 2657 615 2687 lib.
635 2658 689 2687 IV.
709 2665 779 2694 cap.
798 2658 830 2687 5.

288 2715 348 2740 91163
348 2713 383 2748 ’.1)
403 2719 472 2747 cap.
493 2711 523 2740 4.
543 2719 606 2741 11011
626 2713 720 2747 longe
742 2710 783 2741 ab
801 2710 870 2740 init.
891 2709 990 2740 scrib.
1019 2706 1080 2739 ἴσα
1105 2703 1167 2737 καὶ
1190 2700 1297 2737 ταύτὰ
1325 2717 1396 2741 cum
1416 2712 1519 2741 Bekk

289 2760 335 2798 1)
354 2759 579 2797 Ruhnkenius‚
602 2767 694 2795 quem
714 2762 842 2789 secutus
862 2762 912 2788 est
930 2759 976 2788 w*
979 2760 1087 2795 olfius,
1108 2759 1248 2789 correxit
1266 2767 1341 2798 690,
1369 2760 1550 2796 immemor,
1577 2760 1651 2788 Mu-

213 2801 440 2872 ἑὲὶυιιιωεειεῃθ
461 2797 508 2827 sic
534 2805 627 2828 usum
647 2805 719 2828 esse
744 2797 902 2835 particula
920 2797 996 2833 illa,
1027 2802 1060 2830 ut
1079 2797 1133 2828 lib.
1154 2798 1235 2828 xlv.
1256 2804 1326 2835 cap.
1332 2782 1367 2829 '8
1385 2800 1468 2830 extr.
1494 2797 1547 2827 lib.
1568 2797 1650 2827 ΧΠ.

291 2881 363 2922 γτ)
384 2889 453 2918 cap.
475 2883 494 2914 Ξ
515 2885 597 2914 extr.
