1778 3096
159 1784 224 1838 467

244 121 328 164 442
813 120 942 162 VAR.
971 118 1126 158 LECT.

246 240 371 272 sertos
402 233 608 283 scriptores
636 230 799 268 imitatus
828 228 991 267 videtur.
1037 228 1266 280 Principium
1297 230 1395 267 enim
1419 228 1565 268 divinae
1594 229 1692 268 illius

245 289 427 328 orationis
459 288 529 325 hoc
566 292 623 323 est
636 283 708 337 3·²‘):
740 281 924 335 ’Ἐμελλεν
962 281 1037 337 ἄρα
1076 281 1216 330 πολλὰς
1243 281 1336 335 ἡμῖν
1373 281 1581 331 ὑποθέσεις
1615 287 1692 324 τῶν

245 341 368 397 λόγων
388 340 448 382 ἀεὶ
467 339 667 394 προτιθεὶς
688 337 710 380 ὁ
731 339 846 392 μέγας
867 341 1079 388 Βασίλειος,
1108 348 1146 377 et
1165 352 1259 390 quae
1285 347 1497 391 sequuntur.
1546 339 1690 378 Eodem

243 407 366 439 autem
393 397 500 435 modo
519 409 676 434 exorsus
702 397 737 433 in
762 395 996 434 Demonacte
1022 394 1202 433 laudando
1223 393 1412 434 Lucianus
1428 393 1528 448 **):
1551 392 1691 446 ’Ἐμελ-

244 459 308 495 λεν
335 451 408 505 ἄρα
437 450 530 503 μηδὲ
561 448 583 491 ὁ
610 448 706 491 καθ’
746 448 848 502 ἡμᾶς
876 452 962 502 βίος
998 447 1040 491 τὸ
1079 446 1320 490 παντάπασιν
1349 447 1505 502 ἄμοιρος
1533 450 1691 490 ἔσεσθαι

245 508 398 561 ἀνδρῶν
433 505 548 560 λόγου
578 507 644 546 καὶ
672 503 823 558 μνήμης
861 504 998 555 ἇξίωνε
1040 515 1078 545 ut
1109 507 1270 544 fortasse
1301 519 1371 543 non
1408 507 1517 557 longe
1547 520 1567 544 a
1600 519 1690 544 vero

244 566 487 603 aberraturus
517 563 578 608 sit,
611 563 641 600 si
671 563 752 613 quis
785 564 1056 600 sanctissimum
1088 559 1320 612 eundemque
1349 561 1690 613 eloquentissimum

244 621 362 658 virum
395 633 415 657 a
444 630 584 656 summe
616 618 749 668 impio,
783 617 848 654 sed
880 619 978 656 culto
1007 625 1128 654 tamen
1160 629 1204 654 ac
1234 616 1347 667 polito
1376 618 1585 668 scriptore,
1624 617 1691 654 ali-

245 675 332 727 quid
373 675 576 725 sumpsisse
617 672 760 711 credat.
822 672 932 711 Alter
966 672 1112 724 quidem
1154 672 1282 717 locus,
1327 684 1433 722 quem
1473 685 1521 710 ex
1558 671 1689 710 eadem

245 732 414 769 oratione
439 729 648 775 subiiciam,
672 741 718 766 ex
738 727 992 779 Aristophane
1017 728 1214 765 manifesto
1243 739 1446 777 expressus
1469 735 1540 765 est.
1591 727 1690 765 Nam

245 800 326 825 cum
368 785 610 823 inveheretur
643 783 848 834 Gregorius
889 786 924 822 in
961 797 1109 835 pravam
1147 781 1327 834 quandam
1368 781 1690 828 consuetudinem,

245 854 340 894 quae
376 842 446 878 iam
488 848 562 877 tum
599 840 635 877 in
677 839 876 877 ecclesiam
918 841 1143 890 irrepserat,
1194 838 1404 888 utinamque
1441 836 1488 875 ad
1532 844 1690 876 aetatem

244 905 412 936 nostram
446 910 516 933 non
548 895 803 945 pervenisset,
846 902 883 932 ut
914 895 1082 932 homines
1112 895 1148 931 in
1179 893 1450 931 ecclesiasticis
1478 893 1691 931 muneribus

244 966 430 1003 nunquam
463 951 684 996 exercitati,
724 950 858 1001 quique
889 951 1023 988 nullum
1063 951 1098 987 in
1136 948 1378 986 inferioribus
1413 947 1606 986 ordinibus
1633 949 1691 986 sui

244 1008 449 1060 periculum
487 1007 691 1051 fecissent,
738 1006 856 1056 primo
896 1007 1017 1044 statim
1056 1004 1189 1056 pedatu
1209 1001 1310 1056 22:45⁵)
1354 1016 1421 1054 per
1455 1004 1614 1053 gratiam
1655 1010 1694 1041 et

243 1064 359 1102 malas
397 1071 499 1100 artes
529 1059 575 1099 ad
611 1075 789 1099 summum
829 1062 865 1098 in
904 1061 1067 1099 ecclesia
1098 1061 1355 1111 episcoporum
1384 1072 1515 1096 munus
1547 1072 1693 1110 promo-

243 1127 423 1157 verentur
439 1117 514 1171 †).
568 1117 717 1168 probari
758 1116 828 1153 sibi
867 1117 919 1154 ait
962 1117 1145 1154 nauticam
1186 1115 1330 1165 legem,
1374 1127 1468 1166 quae
1507 1114 1693 1165 guberna-

244 1183 348 1212 tores
389 1174 534 1211 futuros
566 1174 667 1224 prius
706 1171 767 1209 diu
797 1175 984 1223 remigare
1017 1185 1061 1211 ac
1091 1169 1227 1209 deinde
1257 1177 1428 1222 proretas
1459 1182 1545 1208 esse
1574 1170 1690 1216 iubet,

245 1244 351 1281 quam
383 1230 438 1266 cis
468 1230 505 1266 in
536 1229 647 1279 puppi
677 1227 812 1265 sedere
843 1235 879 1264 et
916 1228 1058 1265 clavum
1089 1234 1219 1264 tenere
1250 1226 1452 1277 permittat.
1508 1221 1694 1274 Ἐπαινῶ,

244 1286 364 1336 inquit
379 1284 486 1337 ††)‚
518 1280 586 1322 τὸν
614 1283 751 1333 νηΐτην
778 1279 911 1333 νόμον,
933 1280 977 1329 ὃς
1003 1279 1073 1333 τὴν
1103 1278 1238 1331 κώπην
1266 1277 1451 1333 πρότερον
1476 1277 1694 1333 ἐγχειρήσας

243 1344 297 1395 τῷ
324 1343 397 1379 νῦν
424 1335 660 1393 κυβερνήτῃ,
691 1335 875 1377 κάκεῖθεν
903 1337 966 1377 ε’πὶ
993 1334 1063 1388 τὴν
1087 1334 1244 1388 πρώραν
1274 1334 1427 1389 ἀγαγὼν
1452 1335 1516 1375 καὶ
1545 1332 1693 1374 πιστεύ-

245 1409 314 1442 σας
342 1392 388 1434 τὰ
416 1394 647 1445 ἔμπροσθεν,
676 1391 798 1440 οὕτως
824 1391 886 1432 ε’πὶ
913 1396 991 1432 τῶν
1019 1389 1162 1432 οἰάκων
1188 1392 1357 1439 καθίζει,
1386 1387 1477 1443 μετὰ
1505 1388 1576 1442 τὴν
1603 1394 1692 1431 πολ-

244 1448 315 1502 λὴν
342 1453 561 1500 τυφθεῖσαν
582 1445 785 1488 θάλασσαν
812 1448 878 1487 καὶ
905 1445 974 1499 τὴν
1003 1451 1078 1486 τῶν
1106 1444 1256 1497 ἀνέμων
1279 1444 1496 1497 διάσκεψιν.
1542 1446 1692 1485 Aristo-

244 1507 378 1560 phanis
408 1512 530 1542 autem
564 1510 650 1541 sunt
680 1503 772 1541 haec
804 1516 851 1541 ex
878 1503 1079 1554 Equitibus
1093 1501 1234 1555 †††)·

295 1580 456 1640 Ἐρέτην
485 1585 624 1633 χρῆναι
650 1583 782 1633 πρῶτα
809 1579 1011 1632 γενέσθαι,
1040 1578 1131 1632 πρὶν
1161 1578 1363 1630 πηδαλίοις
1388 1577 1600 1631 ἐπιχειρεῖν,

302 1636 398 1693 Κᾴτ’
434 1637 616 1677 ἐντεῦθεν
643 1639 929 1688 πρωρατεῦσαι,
958 1635 1025 1675 καὶ
1053 1631 1143 1682 τοὺς
1171 1631 1336 1686 ἀνέμους
1366 1634 1590 1688 διαθρῆσαι,

302 1689 414 1750 Κᾷτα
443 1693 635 1745 κυβερνᾶν
664 1687 783 1730 αὐτὸν
809 1691 945 1747 ἑαυτῷ.

248 1778 367 1816 Notat
410 1784 532 1815 autem
582 1782 619 1813 et
662 1775 793 1814 Theon
824 1771 870 1826 ii)
920 1774 958 1811 in
1005 1773 1157 1811 scholiis
1202 1771 1249 1810 ad
1295 1785 1376 1810 eum
1424 1771 1693 1824 Aristophanis

250 1835 394 1879 locum,
438 1845 484 1870 ex
516 1845 560 1868 eo
594 1831 658 1868 illa
687 1830 936 1880 Gregorium‚
979 1842 1085 1880 quem
1117 1837 1238 1867 tamen
1270 1828 1484 1865 nominatim
1525 1842 1598 1866 non
1629 1842 1694 1880 ap-

249 1890 386 1941 pellat,
429 1888 615 1925 hausisse.
678 1885 870 1923 Videlicet
905 1892 944 1922 ut
970 1898 1059 1935 apes
1091 1886 1200 1922 etiam
1241 1897 1288 1921 ex
1317 1884 1455 1921 amaris
1493 1883 1620 1922 herbis
1649 1897 1694 1922 ac

250 1945 405 1983 floribus
436 1943 597 1980 educunt
634 1941 798 1992 aliquid,
838 1954 909 1991 quo
938 1940 983 1978 ad
1013 1940 1085 1977 mel
1120 1938 1390 1979 conficiendum
1421 1946 1591 1977 utantur:
1638 1940 1693 1978 sic

251 2008 289 2039 ct
321 2001 406 2037 talia
434 1999 583 2048 ingenia
616 1999 726 2035 etiam
756 2010 803 2036 ex
834 1996 1118 2048 improbissimis
1147 1994 1391 2047 scriptoribus
1421 1994 1573 2047 aliquid,
1598 1994 1695 2047 quod

250 2056 392 2108 prosit,
430 2060 650 2104 excerpunt.

326 2204 369 2239 52³)
392 2210 463 2238 pag.
485 2201 556 2230 770.
577 2200 626 2228 ed.
646 2198 750 2229 Paris.
772 2199 864 2228 1778.

328 2252 399 2286 ³21--:::-)
422 2253 508 2279 Tom.
531 2252 567 2277 11.
589 2256 660 2283 pag.
682 2247 752 2276 374.
775 2248 823 2275 ed.
844 2245 947 2275 Reitz.

313 2299 421 2346 .³²³‘'³³³³³²')
443 2298 626 2328 Plautinum
647 2299 696 2325 est
713 2295 837 2324 dicendi
858 2302 957 2330 genus
972 2293 1095 2324 Cistell.
1111 2295 1149 2323 11.
1168 2295 1196 2332 1,
1214 2293 1264 2324 50.
1285 2294 1345 2323 m'si
1362 2294 1453 2323 tertio
1466 2292 1582 2329 pedatu
1593 2298 1697 2322 omnes

251 2338 574 2424 affll-'ssJO-Scmpmus
593 2385 722 2412 Rhetor.
742 2384 856 2411 Exere.
886 2387 958 2415 pag.
981 2379 1028 2408 17.
1060 2379 1115 2415 [cf.
1137 2379 1219 2408 idem
1241 2380 1279 2408 de
1300 2379 1377 2408 stilo
1397 2379 1507 2408 histor.
1532 2385 1604 2414 pag.
1626 2377 1696 2407 129.

254 2426 304 2454 ed.
323 2423 447 2459 Fabri]
470 2426 619 2457 tanquam
638 2428 753 2450 novum
769 2419 918 2454 loquendi
935 2425 1034 2451 getius
1054 2418 1264 2453 reprehendit,
1285 2419 1326 2445 ad
1339 2418 1476 2452 episcopi
1494 2424 1603 2445 munus
1617 2423 1697 2450 pro-

253 2463 381 2491 moveri.
415 2462 509 2489 Certe
531 2463 604 2488 ante
620 2459 756 2488 Plinium
777 2460 807 2485 et
827 2456 1008 2485 Suetonium
1031 2463 1120 2482 nemo
1142 2456 1188 2483 sic
1208 2459 1335 2485 locutus
1356 2456 1520 2490 reperitur.
1552 2456 1589 2482 υ.
1608 2455 1644 2482 R.
1659 2466 1696 2474 —

254 2501 327 2529 vid.
348 2501 469 2527 Nolten.
492 2505 561 2532 pag.
581 2498 670 2526 1675.
699 2498 732 2525 F.
749 2497 789 2524 A.
804 2493 905 2522 urolt.
926 2494 965 2522 ad
983 2493 1046 2522 Cic.
1067 2493 1134 2521 Orr.
1153 2495 1204 2522 lV.
1227 2494 1379 2528 nag.15S.
1412 2495 1641 2521 ΕκιΕῃΕΜΑΝΝ.
1659 2505 1694 2511 -

256 2538 346 2572 Quod
368 2539 539 2569 argenteae
560 2534 677 2564 aetatis
703 2534 876 2567 scriptores
896 2538 979 2559 novo
1000 2532 1090 2560 modo
1111 2531 1276 2565 dixerunt,
1301 2531 1334 2559 in
1353 2531 1508 2565 ordinem,
1530 2530 1570 2557 ad
1589 2535 1697 2557 unimus

255 2582 440 2610 promovere
455 2573 605 2608 aliquem,
616 2572 647 2600 id
666 2571 784 2599 nostris
796 2569 1001 2599 Ciceronibus
1016 2569 1059 2596 ita
1074 2569 1192 2603 placuit
1207 2569 1334 2605 imitari,
1347 2571 1379 2597 ut
1394 2575 1435 2596 ex
1449 2569 1560 2596 horum
1574 2567 1696 2595 ratione

256 2612 417 2642 candidati
446 2612 526 2640 adeo
555 2612 588 2639 in
613 2611 757 2638 doctores
783 2609 1037 2643 promoveantur.
1077 2606 1123 2635 Cf.
1153 2606 1313 2636 Eichstad.
1339 2607 1509 2641 Deprecat,
1534 2603 1696 2633 Latinitat.

256 2651 409 2682 Academ.
431 2656 502 2685 pag.
522 2648 551 2677 9.
591 2649 649 2677 1¹¹9..
671 2661 707 2668 -
747 2645 793 2675 Cf.
815 2645 942 2674 Krehsii
963 2643 1069 2672 Antih.
1091 2651 1162 2678 pag.
1182 2645 1253 2673 391.

335 2701 409 2741 ††)
436 2708 509 2737 pag.
531 2699 600 2730 791.
623 2699 657 2729 C.
686 2699 772 2727 Orat.
792 2699 901 2727 XLnl.
929 2697 990 2733 [al.
1012 2704 1082 2731 pag,
1103 2698 1173 2725 335.
1195 2699 1232 2726 B.
1258 2697 1343 2727 Orat.
1363 2696 1462 2733 XX.)
1499 2695 1546 2726 Ibi
1565 2694 1699 2725 Faesius

260 2746 341 2774 bene
361 2743 442 2773 vidit
461 2741 662 2772 scribendum
681 2748 755 2769 esse
776 2736 978 2781 ἐγχειρίσας
998 2747 1053 2774 pro
1078 2733 1300 2780 ἐγχειρήσας.

338 2796 440 2834 †††)
461 2803 492 2824 v.
512 2794 575 2824 542
596 2802 642 2829 sq.

341 2844 385 2880 ἴε)
405 2843 476 2873 vid.
497 2843 622 2873 Ruhnk.
644 2849 742 2878 supra
761 2841 801 2871 ad
821 2840 877 2870 lib.
897 2840 964 2869 XV.
985 2845 1053 2875 cap.
1074 2841 1104 2868 5.
