1726 3106
107 1618 148 1648 13

202 125 254 167 10
763 129 891 170 VAR.
923 131 1077 172 LECT.

198 238 338 276 homini
382 239 419 276 in
459 238 589 288 primis
637 237 782 278 erudito
799 239 846 288 ἢ
889 243 1088 293 explicanti
1134 248 1321 285 orationes
1359 246 1558 285 Ciceronis
1595 249 1631 285 in

196 295 375 335 Verrem.
448 296 546 334 Nam
589 309 671 335 cum
709 297 846 336 Cicero
891 300 1068 350 impurum
1117 302 1216 340 illum
1260 302 1443 340 hominem
1486 309 1630 340 aestate

196 364 361 399 summa,
402 365 474 403 quo
511 360 678 403 tempore
716 354 832 391 ceteri
860 362 1052 405 praetores
1084 356 1188 394 obire
1219 359 1443 407 provinciam
1474 364 1512 395 et
1542 370 1630 395 eon-

196 420 350 446 cursare
386 415 683 455 eonsueverant,
729 415 842 447 totum
881 423 922 448 se
959 409 1003 447 ad
1045 413 1243 462 nequitiam
1284 420 1322 451 et
1357 412 1403 450 ad
1440 412 1629 451 libidinem

195 464 400 501 contulisse
441 463 609 510 diceret,
652 472 691 502 et
716 464 955 503 tabernacula
986 466 1177 505 carbaseis
1207 469 1347 506 intenta
1376 468 1469 506 velis
1501 468 1537 505 in
1569 469 1627 506 lit-

193 525 275 555 tore
311 519 489 557 collocari
523 520 704 566 iussisse,
742 521 804 557 ubi
833 527 929 558 totos
960 520 1041 558 dies
1072 535 1151 560 cum
1183 523 1378 573 impudicis
1410 523 1625 561 mulieribus

190 581 429 624 perpotaret:
462 574 556 613 haud
584 576 635 612 ita
668 575 790 613 multis
820 576 1026 614 interiectis
1057 578 1209 623 verbis,
1242 580 1292 616 ita
1321 585 1451 629 postea
1481 579 1625 616 locutus

191 629 361 680 est**):
403 632 474 669 Illo
507 638 630 669 aulem
658 638 821 682 tempore
851 634 944 678 isle,
987 634 1139 670 tametsi
1162 647 1207 671 ea
1236 641 1295 671 est
1321 635 1481 672 lzome'm's
1507 636 1624 685 impu-

189 684 342 731 dentia,
377 700 486 737 qaam
510 688 652 732 nostis,
685 689 762 738 ipse
791 694 931 732 tamen,
963 700 1043 724 eam
1073 689 1132 725 vir
1159 696 1256 727 esset
1281 691 1499 739 Syracusis,
1530 702 1624 726 aaz-o-

188 751 266 777 rem
303 743 383 779 ez'as
414 755 551 792 param
575 749 731 792 poterat
758 743 879 780 animo
908 744 1029 780 solato
1060 756 1105 780 ae
1135 743 1252 781 libero
1284 751 1341 782 loc
1363 745 1399 781 z‘n
1429 751 1515 782 aeta
1545 745 1624 781 dies

184 807 311 833 seeum
341 797 494 836 habere.
555 796 721 844 Quorum
750 797 944 835 verborum
969 798 1048 843 ille,
1082 799 1246 850 quisquis
1271 806 1342 845 est,
1375 811 1523 837 sensum
1549 813 1622 836 non

182 849 313 889 vidore
343 865 384 890 se
414 852 536 899 dixit,
577 853 649 890 nisi
678 866 745 903 pro
775 854 811 890 in
843 860 928 890 aeta
960 853 1106 901 legatur
1135 856 1171 892 z'n
1203 856 1325 892 lecto.-
1366 867 1485 905 neque
1513 854 1621 892 intel-

180 904 298 952 lexit,
336 907 583 954 Ciceronem,
621 908 718 957 quod
756 914 864 944 antea
895 907 1065 945 Romano
1101 922 1204 946 inore
1239 910 1345 947 le‘llas
1371 909 1543 955 dixerat,
1581 908 1620 947 id

177 968 312 1011 postea
347 970 470 1000 aetam
506 976 599 1001 voce
625 963 795 1007 Graeca,
839 969 878 999 ut
915 961 1091 1001 videlicet
1126 965 1163 1002 in
1195 963 1324 1002 Sicilia
1362 964 1618 1015 loquerentur,

179 1017 411 1054 nominasse.
480 1017 617 1056 Notum
658 1025 718 1055 est
758 1025 907 1063 autem,
955 1018 1101 1056 Siculos
1143 1032 1187 1057 eo
1226 1017 1406 1070 quondam
1446 1031 1618 1057 sermone

177 1083 293 1119 usos,
334 1073 395 1123 qui
424 1086 445 1112 e
476 1073 634 1112 Graecis
660 1072 879 1124 Latinisque
903 1074 1054 1111 vocibus
1085 1076 1283 1124 permistus
1312 1081 1424 1113 esset.
1481 1077 1618 1113 Aetam

178 1139 269 1164 vero
305 1128 433 1166 solitos
471 1142 537 1166 eos
570 1129 697 1167 dicere
726 1142 794 1180 pro
822 1130 970 1175 littore,
1012 1130 1119 1166 ctiam
1149 1130 1333 1181 Virgilius
1371 1129 1509 1169 indicio
1540 1136 1612 1177 est,

178 1183 241 1233 qui
270 1182 359 1221 illud
387 1185 508 1236 ipsum
537 1184 639 1222 littus
671 1197 715 1223 eo
746 1186 894 1223 nomine
926 1185 1071 1224 vocavit
1085 1184 1214 1235 ***):

396 1264 454 1301 At
474 1264 616 1312 procul
641 1264 678 1302 z'n
707 1265 788 1302 sola
817 1270 987 1301 secretae
1024 1263 1190 1303 Troades
1219 1269 1305 1302 aeta

395 1319 585 1356 Amissum
616 1320 808 1358 Aneln'sen
825 1319 988 1371 flebant.

175 1391 232 1429 Ita
265 1393 380 1443 igitur
415 1402 536 1433 aetam
577 1402 757 1448 uterque,
797 1403 838 1433 ut
869 1395 1156 1448 Terentiusffff,
1198 1402 1235 1434 et
1265 1394 1402 1434 Cicero
1432 1395 1512 1446 ipse
1528 1393 1611 1447 ἦῆ)

174 1448 305 1485 urbem
335 1449 623 1488 Atheniensium
664 1459 762 1490 asta.
821 1451 899 1489 Sed
942 1459 979 1489 et
1013 1453 1054 1490 S.
1087 1451 1310 1489 Ambrosius
1355 1450 1484 1489 cadem
1516 1463 1610 1488 voce

172 1515 263 1540 usus
284 1510 343 1541 est
364 1505 459 1543 libro
483 1507 609 1557 quinto
628 1507 866 1546 Hexameron
878 1506 993 1560 ††ff)
1012 1523 1022 1544 ε
1049 1510 1166 1557 Quae,
1193 1507 1323 1556 inquit,
1346 1520 1418 1544 non
1444 1508 1482 1543 z'n
1503 1513 1606 1551 aeta,

170 1571 240 1596 nec
276 1560 313 1597 in
343 1561 558 1606 latoribus,
597 1564 666 1600 sed
702 1565 739 1600 in
768 1564 963 1602 Allante'ez'
991 1565 1108 1600 maris
1125 1560 1321 1612 profundo
1338 1562 1528 1613 seruntur
1558 1562 1610 1598 υἰ-

171 1614 267 1651 deri.
337 1614 470 1667 Neque
510 1616 683 1655 dissimili
722 1617 829 1655 modo
874 1617 921 1654 C.
963 1617 1109 1656 Plinius
1143 1617 1237 1655 libro
1273 1627 1351 1654 V11.
1415 1616 1609 1654 Naturalis

168 1668 408 1723 historiast)
452 1673 616 1722 probata
661 1686 729 1723 pro
773 1672 979 1724 pecudibus
1027 1673 1133 1711 dixit.
1210 1671 1304 1709 Eius
1342 1671 1458 1710 verba
1496 1678 1606 1708 sunt:

168 1727 212 1763 In
250 1727 378 1763 eadem
414 1728 557 1779 Asre'ea
585 1728 763 1779 familias
799 1730 980 1779 quasdam
1017 1728 1320 1781 effascinantium
1360 1729 1534 1777 Isegvnas
1570 1733 1610 1764 ec

167 1782 458 1832 Nymphodorus
497 1784 681 1821 tradunt.-
731 1797 889 1834 quaram
941 1785 1158 1823 laudatione
1199 1785 1391 1820 intereant
1420 1782 1605 1833 probata,

168 1844 348 1875 arescant
374 1838 545 1884 arbores,
577 1840 813 1877 emoriantur
843 1839 1022 1891 infantes.
1083 1838 1168 1876 Non
1198 1838 1296 1875 enim
1326 1850 1418 1888 quae
1442 1837 1605 1875 familiae

167 1891 252 1930 illae
282 1892 521 1944 probassent,
551 1905 597 1931 ea
625 1894 782 1934 interire
811 1895 1021 1944 affirmavit,
1054 1894 1138 1941 sed,
1170 1901 1211 1932 ut
1230 1893 1322 1940 dixi,
1354 1889 1400 1933 τὰ
1421 1890 1602 1946 πρόβατα.

675 2027 961 2066 CAPUT
1015 2027 1099 2068 IV.

477 2104 634 2142 Horatii
658 2106 760 2143 loeas
787 2119 836 2143 eoe
861 2105 1046 2156 Euripide
1073 2117 1287 2156 expressas.

164 2180 299 2246 QUOD
321 2201 501 2240 Horatius
523 2203 618 2241 libro
642 2205 760 2255 primo
781 2204 1032 2256 Epistolarum
1044 2203 1118 2255 *ἢῆ
1143 2204 1408 2255 pereleganter
1429 2203 1597 2254 scripsit,

163 2270 250 2295 esse
282 2258 395 2295 verba
431 2265 469 2296 et
508 2272 619 2296 voees
650 2259 848 2310 quasdam,
890 2260 1021 2310 quibus
1062 2261 1175 2298 animi
1219 2260 1367 2297 morbos
1405 2258 1524 2296 lenire
1553 2272 1597 2296 ac

162 2314 333 2364 mitigare
365 2314 422 2351 fas
453 2321 576 2361 esset,
607 2317 821 2366 respexisse
850 2316 968 2368 ipsum
996 2316 1159 2354 arbitror
1186 2314 1233 2353 ad
1262 2315 1383 2353 locum
1414 2313 1597 2365 quendam

234 2472 640 2510 -:::-)1‹*ranc.110ttomano,
669 2474 722 2509 qui
750 2476 855 2504 tamen
881 2476 994 2508 postea
1020 2473 1208 2504 sententiam
1233 2480 1324 2503 suam
1351 2472 1536 2504 retractavit
1564 2476 1594 2504 et

159 2511 275 2540 Mureti
294 2510 586 2545 interpretationem
607 2513 765 2547 probavit.
803 2515 915 2542 FAEsi.

231 2558 301 2593 {ez—22³)
320 2559 373 2587 lib.
394 2559 432 2587 V.
452 2566 519 2595 cap.
540 2561 591 2589 31.
613 2561 646 2596 §-
666 2562 719 2591 82.

231 2607 325 2643 ςὶεεῑέ-ῑῑε)
345 2608 427 2636 Aen.
448 2608 485 2637 V.
506 2608 578 2637 613.

232 2655 278 2692 ἐς)
299 2657 437 2684 Eunuch.
457 2657 495 2685 V.
516 2656 555 2692 6,
579 2656 630 2685 17.

231 2704 306 2741 -'s†]
326 2706 374 2732 De
395 2705 492 2739 Legg.
512 2705 566 2733 lin.
588 2707 626 2732 11.
647 2712 714 2740 cap.
735 2704 764 2733 2.
786 2705 817 2740 εξ.
838 2706 867 2733 .3
908 2705 969 2733 Sed
990 2705 1077 2735 addit
1096 2707 1177 2741 qnod
1195 2706 1377 2742 appellatur.

232 2751 332 2790 †††)
354 2759 421 2787 cap.
444 2753 492 2782 11.
531 2752 669 2782 Vv'olfius
688 2753 816 2789 scripsit
834 2751 1061 2783 Ilexaemerdn.

233 2800 276 2833 ΞΕ)
298 2806 366 2833 cap.
388 2801 416 2828 2.
437 2800 468 2835 §-
492 2799 542 2830 16.

231 2847 300 2882 θιεκε)
321 2847 420 2882 Epist.
446 2850 473 2878 1.
494 2855 524 2877 v.
544 2847 585 2877 34
605 2854 672 2883 sqq.
