1726 3106
545 133 644 176 LIB.
676 134 749 174 XI.
811 132 930 173 CAP.
962 132 994 172 Ι.
1412 131 1494 174 239

53 255 191 287 tantam
229 247 400 286 extitisse
437 257 580 282 mecum
621 244 679 282 his
715 256 859 295 quoque
898 243 935 280 in
972 241 1085 280 rebus
1124 240 1410 281 consensionem
1448 254 1493 279 ae

51 303 182 341 iudicii
212 301 516 340 similitudinem:
549 307 588 337 et
617 306 739 337 tamen
769 311 884 349 pauca
914 296 1117 348 quaedam,
1151 298 1190 334 in
1215 308 1368 346 quorum
1401 309 1494 333 non-
1522 306 1585 337 250

53 359 164 396 nullis
189 372 260 395 non
293 368 447 407 prorsus
481 354 570 405 milii
601 367 683 391 cum
710 354 771 391 illo
802 353 994 397 convenit,
1028 351 1258 389 subiicienda
1285 350 1389 396 duxi,
1421 365 1494 389 nou

53 420 127 450 tam
159 410 326 450 certandi
356 408 494 454 studio,
528 422 633 459 quam
667 415 817 459 propter
843 419 1024 451 amorem,
1057 415 1096 443 ut
1115 408 1166 444 ait
1183 414 1289 444 vetus
1307 409 1416 457 poe'ta
1431 407 1493 458 a),

52 468 217 505 Primum
246 467 359 517 igitur
388 464 454 501 sub
487 464 704 514 principium
737 462 820 500 libri
850 463 958 512 primi
987 461 1186 499 Annalium
1218 462 1326 512 lego:
1367 463 1496 500 Donec

51 524 238 572 gliscente
273 521 490 559 adulatione
519 520 805 563 deleret-entur,
851 523 890 553 ut
918 517 1103 553 Aemilius
1118 516 1223 569 **),
1269 530 1339 554 non
1372 517 1497 555 deter-

49 584 257 621 reremzlr,
297 582 337 611 nt
366 574 531 624 Lipsius.
593 573 787 610 Libertate
826 572 924 608 enim
957 572 1106 608 aluntur
1135 578 1172 608 et
1199 572 1360 621 gliscunt
1389 573 1498 622 inge-

54 632 139 669 nia:
171 630 410 676 adulatione,
443 642 512 679 qua
544 629 635 665 nihil
666 628 836 664 servilius
868 633 947 671 est,
991 625 1224 675 degenerant
1253 633 1290 663 et
1321 626 1498 664 deterun-

37 693 128 724 >tur.
187 685 258 722 Est
294 691 417 721 autem
455 685 574 720 oratio
613 683 806 720 venustior
833 682 895 719 illa
924 681 1197 718 contrariorum
1229 683 1494 719 contentione:

51 742 217 791 gliscere
257 740 355 776 enim
390 745 447 775 est
484 750 684 783 crescere,
735 738 874 786 deteri,
915 735 1091 773 deminui.
1161 734 1280 781 Illud,
1321 737 1498 786 pluribus

54 796 291 834 munimentis
331 791 663 844 zbzsz·steret***)‚
711 793 780 829 iam
826 790 966 842 pridem
1013 803 1035 828 a
1074 802 1132 827 me
1176 790 1228 827 ita
1263 790 1498 828 emendatum

55 857 158 897 erat,
192 848 397 900 eodemque
429 847 536 885 modo
564 861 696 885 versus
724 846 917 884 Ennianus
947 844 1043 896 apud
1075 844 1299 883 Ciceronem
1319 845 1396 899 †):

276 928 375 966 Nam
412 925 484 963 tibi
509 926 736 962 munimenta
766 926 841 962 mei
861 936 1044 974 peperere
1075 922 1237 961 labores.

55 1004 174 1043 Paulo
204 1010 324 1040 autem
357 1003 452 1039 infra
483 1015 564 1040 eum
597 1003 717 1039 locum
731 1001 814 1054 ††)
845 1002 895 1038 ita
924 1001 1033 1051 lego:
1079 1001 1205 1050 Igitur
1233 1013 1341 1039 verso
1369 1001 1501 1038 civita·

58 1062 107 1099 tis
137 1066 241 1097 statu
280 1060 379 1096 m‘lu‘l
412 1070 566 1108 usquam
596 1059 722 1108 prisci
755 1065 795 1094 et
827 1058 975 1106 integri
1009 1057 1150 1093 moris:
1190 1069 1338 1102 omnes,
1382 1063 1500 1093 emata

57 1116 312 1165 aequalitate,
353 1114 453 1149 iussa
487 1114 672 1163 principis
708 1119 928 1163 aspectare.-
971 1124 1066 1157 non,
1110 1117 1149 1147 ut
1188 1111 1323 1160 vulgo,
1366 1112 1498 1150 omm's.

57 1170 110 1207 Et
142 1169 188 1205 de
218 1168 376 1205 Tiberio
391 1166 532 1218 †††):
564 1169 624 1205 Ne
647 1169 694 1204 iis
725 1169 870 1218 quidem
904 1167 1036 1211 amzz'S,
1078 1165 1212 1216 quibus
1238 1167 1380 1211 Rhodi,
1418 1179 1501 1216 spe-

58 1226 114 1263 cz'e
150 1236 319 1261 Secessus
349 1225 443 1259 exul
468 1223 613 1271 eget‘l‘c:
656 1222 718 1259 ubi
754 1222 865 1271 vulgo
900 1222 1047 1257 exulem
1078 1222 1216 1269 egerit.
1276 1221 1351 1258 Iam
1384 1220 1499 1257 illud:

58 1279 291 1318 serviendum
312 1276 488 1327 feminae
519 1277 735 1327 duobusque
764 1279 916 1325 estsuper
946 1275 1269 1321 adolescentibus,
1313 1277 1382 1325 qui
1403 1288 1502 1312 rem-

53 1334 246 1386 publicam
276 1333 423 1369 interim
448 1338 649 1382 premant,
681 1332 904 1381 quandoque
938 1330 1181 1367 de'stralzant:
1222 1343 1376 1380 prorsus
1406 1331 1503 1368 intc-

59 1402 164 1440 grum
196 1400 280 1425 esse
309 1399 447 1423 censeo
466 1384 538 1437 ἕξ),
584 1386 653 1423 hoc
685 1398 822 1423 sensu:
871 1386 952 1422 fore
990 1391 1029 1421 ut
1058 1384 1129 1421 duo
1159 1385 1209 1422 illi
1239 1385 1502 1423 adolescentes

60 1445 236 1488 interim,
276 1441 358 1479 dum
400 1442 647 1492 imperaturus
682 1448 738 1478 est
769 1441 971 1485 Tiberius,
1012 1440 1274 1489 rempublicam
1315 1448 1500 1492 premant,

61 1511 155 1551 quae
193 1511 259 1536 eos
288 1509 432 1548 quoque
463 1497 586 1548 aliqua
614 1509 660 1534 ex
692 1503 797 1547 parte
830 1495 999 1532 dominos
1035 1495 1204 1533 habitura
1230 1498 1298 1533 sit:
1339 1496 1504 1546 quando-

61 1567 133 1606 que
171 1560 315 1598 autem,
357 1564 488 1602 nempe
527 1552 684 1589 Tiberio
723 1557 893 1596 mortuo,
934 1549 1238 1601 quandocumque
1278 1552 1426 1590 tandem
1466 1551 1504 1589 id

62 1611 224 1648 futurum
255 1608 328 1653 sit,
370 1607 523 1644 eandem
556 1606 768 1644 distracturi
799 1607 898 1643 sint:
942 1618 1023 1642 cum
1054 1607 1258 1644 verisimile
1287 1608 1360 1653 sit,
1403 1608 1501 1654 fore,

61 1672 102 1704 ut
137 1673 294 1714 uterque
325 1663 489 1699 fautores
521 1668 558 1699 et
586 1669 794 1699 sectatores
826 1660 984 1706 habeat,
1028 1673 1095 1710 per
1125 1674 1215 1711 quos
1242 1675 1391 1713 operam
1423 1662 1502 1708 det,

62 1727 103 1759 ut
132 1724 312 1757 summoto
342 1717 459 1754 altero
487 1717 566 1767 ipse
596 1717 634 1754 in
666 1717 858 1767 imperium
894 1714 1082 1752 succedat.
1143 1717 1250 1754 Tunc
1273 1718 1387 1767 igitur
1407 1731 1504 1755 rem-

62 1775 244 1827 publicam
285 1773 320 1810 in
357 1779 483 1822 partes
520 1785 563 1809 ac
596 1772 780 1809 factiones
808 1771 1024 1808 distractum
1058 1771 1116 1807 iri.
1180 1774 1410 1824 Quandoque
1440 1786 1505 1810 au·

62 1837 137 1868 tem
167 1830 217 1867 ita
245 1828 403 1879 positum
437 1834 510 1872 est,
542 1834 581 1864 ut
610 1828 648 1865 in
679 1828 742 1865 illo
768 1827 849 1864 loco
880 1827 962 1863 libri
994 1827 1109 1876 quinti
1122 1823 1220 1877 **):
1252 1830 1303 1866 Ec
1324 1835 1363 1866 lu
1384 1828 1505 1867 Galba

64 1886 286 1937 quandoque
323 1883 541 1932 degustabis
582 1885 790 1934 imperium.
864 1881 940 1918 Sed
980 1881 1069 1918 nihil
1111 1882 1199 1918 mihi
1243 1889 1315 1919 tam
1353 1891 1505 1934 praeter

63 1942 273 1991 opinionem
305 1938 467 1985 accidit,
506 1950 611 1988 quam
643 1951 723 1976 eam
754 1937 1028 1981 coniecturam,
1072 1949 1141 1986 qua
1173 1938 1253 1987 ipse
1286 1938 1372 1974 mihi
1398 1951 1505 1989 prae-

63 1997 171 2047 cipue
201 1993 414 2046 placebam,
458 2006 562 2043 quam
594 1993 854 2031 eruditissimis
886 1991 1093 2028 hominibus
1130 1993 1347 2043 saepissime
1379 2002 1506 2031 osten-

61 2057 244 2098 taveram,
276 2062 382 2100 quam
412 2055 450 2085 ut
471 2048 620 2086 filiolam
639 2047 878 2100 amplexabar
901 2060 1034 2092 meam,
1067 2047 1261 2098 legendum
1287 2046 1503 2102 esse***)‚

139 2191 182 2227 κε)
202 2191 372 2221 Lucretius
393 2192 431 2219 de
451 2192 525 2219 ner.
545 2191 616 2218 Nat.
638 2192 689 2219 ΠΙ.
710 2191 739 2220 5.
779 2192 849 2218 Non
867 2191 911 2218 ila
930 2191 1071 2219 certandi
1089 2191 1236 2227 cupidus,
1265 2198 1355 2226 quam
1372 2193 1506 2228 propter

62 2236 207 2271 autorem.
246 2230 384 2258 Mutavit
404 2232 546 2258 Muretus
568 2231 681 2262 poetae
703 2230 819 2265 verba,
843 2236 904 2255 non
924 2228 998 2257 item
1022 2236 1134 2257 versus
1155 2237 1327 2258 numerum.

74 2275 97 2306 ’θ’
139 2278 206 2313 ³:2³³)
229 2280 259 2306 1s
280 2282 329 2307 est
350 2277 507 2306 Aemilius
528 2279 690 2305 Ferrettus
711 2278 733 2305 1.
756 2277 790 2305 C.
820 2276 873 2311 qui
902 2277 999 2306 edidit
1020 2278 1307 2306 Annotatiunculas
1329 2278 1359 2306 in
1381 2279 1414 2307 C.
1437 2280 1504 2307 Τει-

64 2315 119 2346 citi
145 2316 381 2349 Anna1.Lugd.
408 2323 458 2349 ap.
481 2316 552 2342 Sel).
575 2317 689 2348 Grynh.
722 2315 811 2342 1541.
840 2322 909 2349 pag.
930 2318 958 2343 5.
988 2317 1077 2343 cuius
1106 2317 1355 2345 emendationem
1375 2317 1504 2351 Lipsius

65 2362 189 2389 quoque
217 2355 381 2388 postmodo
412 2352 543 2386 recepit.
590 2353 635 2380 cf.
662 2355 742 2381 Mur.
770 2354 887 2380 comni.
920 2353 950 2380 in
977 2355 1050 2381 Tac.
1080 2355 1197 2382 Annal.
1229 2355 1307 2389 Opp.
1335 2356 1423 2384 Tum.
1450 2356 1504 2384 lV.

64 2399 136 2427 pag.
160 2393 207 2419 13.
249 2392 365 2420 Contra
385 2392 542 2418 Muretum
563 2394 653 2418 acute
674 2391 808 2424 disputat
833 2391 968 2418 &Vettius
988 2393 1027 2418 ad
1049 2393 1078 2419 h.
1102 2394 1124 2419 1.

140 2439 233 2503 '340
253 2440 371 2468 Annal.
390 2439 443 2467 lib.
465 2441 487 2466 1.
509 2445 575 2473 cap.
597 2440 625 2466 3.
667 2440 753 2473 Quod
773 2447 853 2467 nunc
873 2443 1043 2473 receptum.
1083 2439 1130 2469 Cf.
1151 2442 1231 2469 Mur.
1248 2441 1327 2475 ΟΜ).
1344 2441 1432 2469 Tom.
1450 2440 1503 2469 IV.

64 2484 136 2512 pag.
157 2480 165 2503 ὃ
182 2488 183 2491 ¹
201 2498 207 2504 .

141 2524 186 2562 †)
209 2525 247 2552 de
267 2524 335 2552 Fin.
355 2524 410 2552 lib.
431 2526 468 2552 Π.
489 2531 557 2560 cap.
579 2525 629 2553 32.
652 2524 684 2560 S.
706 2524 774 2553 106.
802 2525 872 2554 vid.
893 2525 986 2554 Ennii
1006 2527 1089 2555 Ann.
1111 2528 1236 2562 Fragm.
1257 2527 1307 2556 ed.
1324 2529 1358 2556 E.
1378 2526 1504 2562 S(pan-

66 2562 226 2598 genberg)
248 2568 318 2596 pag.
338 2564 396 2590 133
415 2570 461 2597 sq.

141 2610 214 2648 ἦῆ)
235 2611 289 2638 lib.
310 2612 332 2638 1.
354 2617 423 2644 cap.
445 2610 473 2638 4.
495 2609 563 2638 init.
585 2615 688 2637 omnes
707 2617 789 2639 nunc
809 2619 918 2639 omnes
939 2614 1057 2641 liabent
1079 2613 1248 2642 editiones.

141 2657 240 2697 {ul->w
267 2658 343 2685 lbid.
381 2658 427 2687 Cf.
451 2657 556 2701 §Volfi
587 2658 626 2685 ad
655 2659 685 2685 h.
713 2660 734 2687 l.
769 2662 798 2687 et
827 2661 972 2688 Brennus
1008 2662 1047 2689 ad
1076 2664 1205 2690 sueton.
1232 2661 1336 2690 Tiber.
1361 2666 1429 2697 cap.
1454 2661 1503 2690 12.

65 2703 138 2732 pag.
160 2698 228 2725 255.
251 2697 298 2724 ed.
320 2697 377 2724 alt.
400 2697 480 2724 Gull.
502 2696 694 2723 Boetticheri
715 2697 854 2724 Lexicon
876 2699 974 2727 Tacit.
997 2705 1067 2734 pag.
1088 2701 1126 2727 51
1150 2707 1199 2735 sq.

141 2743 182 2780 *J
204 2743 250 2774 cf.
273 2744 390 2773 Comm.
414 2743 445 2771 in
466 2745 540 2771 Tac.
562 2743 639 2777 Opp.
661 2744 746 2773 Tom.
768 2746 820 2773 IV.
842 2752 912 2779 pag.
933 2747 985 2776 37.

139 2794 206 2828 *et-J
228 2795 296 2821 Non
316 2794 353 2821 V.
374 2793 430 2820 sed
451 2792 504 2820 VI.
525 2797 593 2826 cal)-
617 2791 666 2821 ²⁰·
706 2792 820 2822 ”⁷⁰¹¹ss

139 2841 230 2878 ιῑε-ἥε-κέ)
251 2848 319 2878 cap.
341 2842 371 2871 5.
418 2841 510 2870 Hauc
538 2843 644 2870 tamen
671 2841 884 2871 coniecturam
911 2843 945 2872 ut
972 2849 1064 2873 suam
1092 2842 1189 2873 etiam
1216 2843 1345 2880 Lipsius
1372 2844 1502 2873 strenue
