1726 3106
535 142 639 181 LIB.
675 141 743 182 VI.
803 140 922 181 CAP.
954 141 1062 182 XVI.
1443 142 1516 185 131

78 253 218 304 giliano
248 253 356 303 Iopas
371 249 433 303 ³5⁵).
496 250 573 289 Sed
602 251 696 291 haec
726 253 888 290 fortasse
916 251 1048 302 aliquis
1076 251 1400 302 intemperantium
1431 266 1516 304 pro·

80 321 229 354 corum,
267 315 304 345 et
332 308 510 344 luxuriosi
537 309 663 370 regis,
703 314 741 345 et
769 306 922 355 reginae
953 307 1023 343 iam
1054 313 1129 343 tum
1159 306 1297 345 amoris
1327 308 1402 346 telo
1432 321 1517 359 per-

80 375 213 400 cussae
241 362 378 399 dixerit
403 375 489 399 esse
511 363 696 401 convivia.
758 360 873 409 Quid,
906 360 1001 410 quod
1021 361 1254 411 epulantibus
1283 360 1353 400 diis
1379 375 1518 401 canere

76 417 287 480 Apollinem
310 424 346 453 et
364 416 495 454 Musas
515 417 668 455 ferunt?
711 416 806 454 Nam
828 415 998 479 Euiipidi
1029 415 1175 466 quidem
1204 418 1426 455 sententiam
1441 416 1515 470 *ἢ

77 472 206 509 mirari
237 485 348 522 saepe
391 472 514 509 soleo:
559 473 620 523 qui
653 485 726 510 non
758 471 795 508 in
836 471 1042 516 conviviis,
1084 470 1151 508 sed
1189 471 1226 508 in
1264 472 1364 510 luctu
1396 473 1518 523 potius

75 525 262 563 Musicam
298 526 541 564 adhibendam
574 539 657 565 esse
695 531 846 564 censet·
886 524 983 574 quod
1013 525 1183 562 convivia
1215 527 1306 563 satis
1342 527 1421 577 ipsa
1451 540 1520 578 per

76 592 120 617 se
149 579 246 617 laeta
283 581 377 617 sint.
422 581 458 616 in
492 580 590 617 luctu
623 586 746 617 autem
777 577 1027 641 quaerendum
1068 578 1118 614 sit
1146 578 1308 629 aliquid,
1348 593 1420 631 quo
1451 581 1519 618 mi-

75 641 212 671 nuatur
240 633 360 673 dolor.
421 633 505 684 Ego
536 647 625 671 vero
651 635 681 672 si
709 647 891 696 usquam,
929 633 1028 670 inter
1056 633 1187 682 pocula
1216 634 1396 680 maxime,
1435 635 1518 673 tali-

73 688 141 726 hus
170 688 433 726 blandimentis
458 698 495 727 et
520 689 809 727 relaxationibus
833 688 944 725 animi
970 687 1089 725 locum
1119 700 1204 726 esse
1225 686 1343 726 duco:
1377 701 1515 740 neque,

74 742 159 781 dum
190 757 234 781 ea
266 744 469 782 moderatio
501 746 729 790 retineatur,
770 751 810 781 ut
842 741 1028 793 turpitudo
1060 743 1178 780 omnis
1209 751 1247 781 et
1277 744 1517 782 obscoenitas

74 798 195 844 absit,
240 812 410 837 caussam
445 799 552 837 video
582 800 717 846 ullam,
759 812 826 836 cur
855 799 892 835 in
923 810 1052 835 mensa
1066 796 1167 850 ³⁸**)
1205 805 1268 836 aut
1298 799 1517 837 comoedum

75 855 268 901 aversari,
322 862 385 891 aut
424 854 616 892 aulocduni
669 854 903 901 fidicincmve
946 853 1123 902 refugere
1167 855 1316 905 sapiens
1364 854 1514 893 debeat.

74 907 172 946 Nam
206 910 238 946 si
279 922 428 959 semper
467 917 538 947 tam
579 909 729 947 facundi
770 922 813 946 ac
854 907 985 945 diserti
1021 908 1200 946 convivae
1239 910 1515 960 contingerent,

76 976 182 1014 quam
213 964 264 1002 illi
299 973 383 1002 sunt
414 965 621 1002 Platonici:
662 973 735 1001 tum
765 965 927 1001 fortasse
958 977 1029 1000 non
1059 964 1243 1001 immerito
1275 966 1363 1003 talia
1393 966 1518 1003 omnia

76 1018 382 1057 excluderentur.
444 1019 554 1066 Quod
593 1020 690 1056 enim
729 1031 814 1056 esse
851 1025 976 1068 potest
1011 1025 1082 1055 tam
1122 1019 1292 1057 mirabile
1326 1033 1515 1066 acroama,

76 1072 173 1123 quod
201 1088 273 1111 non
307 1075 476 1111 collatum
507 1088 585 1112 cum
612 1075 756 1111 illorum
787 1073 1022 1110 sermonibus
1052 1072 1231 1110 sordeat?
1279 1074 1383 1122 Quos
1414 1077 1518 1126 cqui-

75 1127 160 1165 dem
197 1129 383 1174 arbitror,
422 1130 454 1166 si
481 1129 691 1179 Apollinem
725 1127 905 1166 vidissent
935 1128 1052 1178 ipsum
1085 1141 1167 1165 cum
1198 1129 1278 1179 lyra
1309 1137 1346 1167 et
1374 1131 1519 1180 plectro

75 1182 365 1232 ingredientem,
397 1197 471 1221 uno
500 1197 565 1221 ore
595 1196 723 1221 omnes
752 1190 925 1220 oraturos
952 1183 1084 1228 fuisse,
1118 1189 1157 1219 ut
1186 1190 1249 1220 aut
1276 1183 1516 1231 abscederet,

75 1244 139 1275 aut
178 1250 225 1276 ne
263 1246 372 1276 cantu
410 1251 476 1276 suo
516 1251 709 1276 sermones
750 1238 988 1287 abrumperet
1024 1237 1226 1275 institutos.
1286 1237 1339 1276 Et
1377 1247 1516 1286 tamen,

75 1293 114 1330 ni
154 1292 259 1331 valde
296 1293 430 1340 fallor,
481 1307 553 1331 non
596 1293 708 1330 multo
747 1293 891 1343 turpius
936 1292 1093 1337 fuisset,
1145 1292 1321 1332 tibicinae
1361 1295 1519 1332 alicuius

78 1355 224 1385 cantum
255 1347 411 1394 audire,
451 1361 557 1398 quam
589 1348 647 1386 vel
677 1348 880 1385 orationem
911 1345 1204 1397 Aristophanis,
1232 1349 1289 1386 vel
1320 1361 1387 1395 ea,
1424 1362 1519 1400 quae

75 1401 122 1441 de
143 1403 311 1443 Socratis
332 1404 577 1455 temperantia
595 1403 721 1442 ebrius
738 1400 956 1441 Alcibiades
979 1402 1357 1454 intemperantissime
1374 1411 1517 1444 narrat.

567 1565 598 1604 C
629 1566 667 1604 A
695 1565 729 1605 P
754 1567 791 1606 U
819 1566 854 1605 T
908 1565 1033 1604 XVI.

340 1646 544 1682 Correctus
571 1645 674 1682 locus
701 1658 721 1682 e
749 1644 912 1681 secundo
941 1644 987 1681 de
1013 1645 1264 1684 Divinatione.

86 1736 243 1792 Toms
272 1759 401 1791 noctes
423 1754 670 1791 somm'amus:
697 1766 816 1804 neque
844 1752 1028 1803 allusero
1056 1760 1126 1799 est,
1159 1767 1232 1804 qua
1259 1767 1332 1792 non
1356 1754 1521 1793 dormia-

79 1823 180 1848 mus.-
219 1816 255 1846 et
288 1810 491 1853 miramur,
532 1809 736 1858 aliquando
772 1809 835 1854 id,
877 1809 977 1859 quod
1004 1809 1286 1854 somniavimus,
1331 1810 1521 1848 evadere?

81 1864 281 1902 Ciceronis
321 1863 412 1900 haec
449 1862 563 1900 verba
598 1870 683 1900 sunt
721 1876 742 1902 e
781 1862 946 1901 seeundo
977 1863 1071 1901 libro
1115 1862 1160 1901 (le
1190 1863 1431 1902 Divinatione
1447 1863 1518 1917 †),

81 1919 308 1969 exagitantis
338 1918 536 1955 vanitatem
563 1919 806 1963 somniorum,
839 1925 876 1956 et
898 1918 1085 1968 negantis,
1118 1919 1148 1955 si
1176 1918 1355 1969 quaedam
1377 1920 1520 1957 somnia

81 1981 238 2012 eventus
271 1973 509 2023 comprobet,
543 1986 588 2010 ex
620 1986 665 2011 eo
695 1973 812 2018 effici,
853 1980 891 2010 ut
920 1986 966 2010 ne
998 1973 1140 2010 somnia
1170 1987 1237 2024 pro
1270 1975 1422 2012 somniis
1456 1974 1522 2012 ha-

81 2028 205 2067 benda
238 2029 324 2066 sint.
370 2026 465 2064 Nam
493 2028 527 2064 in
559 2035 658 2065 tanta
689 2029 795 2079 copia
824 2034 860 2065 et
887 2029 1064 2065 varietate
1094 2029 1212 2078 magis
1242 2030 1371 2066 mirum
1404 2029 1517 2075 foret,

82 2085 116 2122 si
156 2083 246 2120 nibil
277 2095 434 2132 unquam
465 2095 615 2128 eorum,
662 2096 755 2133 quae
789 2095 858 2133 per
895 2084 1057 2133 quietem
1087 2082 1283 2128 videntur,
1331 2085 1516 2122 eveniret.

82 2139 300 2189 Quanquam
331 2144 469 2183 autem,
503 2144 542 2173 ut
573 2150 644 2188 ego
676 2137 873 2175 Ciceronis
901 2138 1015 2175 verba
1044 2138 1226 2184 recitavi,
1259 2139 1309 2176 ita
1335 2139 1372 2176 in
1402 2140 1521 2176 omni—

82 2193 176 2238 bus,
217 2205 307 2244 quos
348 2191 449 2239 vidi,
494 2192 599 2230 libris
638 2193 833 2243 legunturz
885 2200 1006 2231 tamen
1050 2193 1175 2231 excuti
1215 2193 1284 2231 hoc
1321 2194 1409 2231 mihi
1446 2207 1520 2232 non

82 2255 227 2300 potest,
268 2248 352 2299 quin
383 2246 582 2297 depravata
612 2248 672 2284 illa
712 2255 749 2286 et
778 2247 823 2286 ad
856 2247 953 2286 hunc
990 2247 1136 2285 modum
1167 2248 1389 2299 corrigenda
1420 2249 1516 2287 sint:

89 2306 201 2342 Totas
217 2312 345 2341 noctes
374 2303 597 2340 dor-mimus.-
629 2317 746 2353 neque
773 2305 849 2342 ulla
865 2303 960 2355 sere
988 2310 1056 2348 est,
1079 2316 1152 2353 qua
1178 2317 1254 2342 non
1274 2305 1518 2342 somniamus.-

84 2365 121 2396 et
149 2359 350 2403 miramur,
385 2358 588 2408 aliquando
621 2359 683 2403 id,
723 2360 823 2409 quod
847 2360 1131 2404 sommavimus,
1165 2359 1354 2396 evadere?
1410 2357 1521 2407 Quod

86 2411 231 2463 quidem
262 2414 313 2450 ita
343 2412 431 2449 mihi
461 2413 695 2463 perspicuum
727 2413 888 2459 videtur,
920 2421 960 2451 ut
988 2426 1035 2451 ne
1064 2414 1342 2454 confirmatione
1374 2413 1521 2466 quidem

87 2474 212 2518 egeat.
269 2467 440 2505 Aliorum
472 2474 593 2506 tamen
624 2467 800 2507 iudicium
830 2469 930 2507 facio
948 2467 1046 2522 ††).

162 2613 206 2648 ts)
226 2613 312 2647 virg.
334 2614 415 2643 Aen.
435 2615 458 2643 1.
479 2613 541 2643 740
560 2622 628 2650 sqq.

164 2659 232 2695 zm)
252 2661 335 2689 Med.
356 2668 387 2690 v.
410 2661 468 2691 19⁰
488 2669 555 2697 sqq.

165 2708 257 2744 *³:210
278 2708 437 2738 Usitatius
457 2709 515 2738 fuit
534 2710 625 2745 apud,
648 2716 741 2743 super·
759 2716 905 2739 mensam.

169 2755 215 2794 †)
245 2763 313 2791 cap.
333 2757 384 2785 59.
410 2756 442 2791 S.
465 2757 533 2785 12¹.
579 2758 750 2792 vulgatam
779 2761 904 2786 tuentur
932 2757 1137 2790 nottingerus
1161 2758 1256 2794 atque
1280 2754 1438 2794 oremus,
1463 2754 1527 2785 nlsi

90 2794 174 2830 quod
196 2797 326 2829 uterque
346 2801 444 2829 neque
463 2796 527 2823 uua
546 2797 591 2823 est
607 2795 697 2832 fere,
719 2795 831 2824 deinde
851 2796 1076 2824 somniarimus.

167 2839 241 2878 ἦ)
261 2840 310 2872 Cf.
331 2843 445 2871 Mutet.
466 2842 564 2877 Epist.
585 2844 623 2871 11.
644 2845 674 2872 8.
708 2843 787 2879 opp.
809 2843 896 2872 Tom.
916 2843 938 2871 1.
960 2848 1032 2879 pag.
1051 2841 1123 2872 540.
1162 2845 1248 2920 1³⁸5*

1545 695 1605 724 137
