1726 3106
156 122 210 164 36
721 125 848 164 VAR.
875 123 1028 163 LECT.

657 234 687 271 C
719 234 755 272 A
783 234 815 273 P
842 236 879 274 U
906 236 940 274 T
995 236 1097 275 vll.

339 302 530 339 Ciceronis
559 301 662 338 locas
691 314 711 339 c
739 303 932 341 Dt'narcleo
963 315 1163 352 expressus
1193 303 1416 340 ostenditur.

159 368 239 424 M·
274 387 465 426 Tunmmt
505 389 539 425 iu
586 388 828 427 Orationibus
867 391 944 427 suis
984 390 1094 427 multa
1129 402 1149 428 e
1188 390 1347 428 Graecis
1385 386 1597 427 oratoribus

161 451 358 482 mutuatum
394 457 478 481 esse
507 451 674 481 constat:
709 457 828 494 neque
859 452 998 481 tantum
1029 446 1202 491 artificii,
1234 460 1304 496 quo
1336 446 1415 482 illos
1447 445 1483 481 in
1514 455 1598 481 vet·-

160 499 288 537 santlis
308 512 351 535 ac
372 498 548 547 regendis
578 499 784 536 auditorum
809 501 941 536 animis
967 496 1053 537 usos
1081 513 1164 538 csse
1191 501 1440 551 perspiceret,
1471 511 1597 536 acrem

161 568 204 592 ac
236 554 450 603 diligentem
483 555 704 591 imitatorem
734 556 866 601 fuisse,
896 567 1023 593 verum
1049 556 1159 592 etiam
1191 557 1336 606 integra
1367 568 1439 592 non
1468 566 1598 605 parum

162 622 273 660 saepe
304 609 576 660 enthymemata
608 610 751 647 illorum
784 610 817 646 in
848 611 1038 647 orationes
1073 623 1158 647 suas
1188 611 1435 648 transtulisse.
1495 608 1600 645 Iuvat

162 672 283 701 autem
315 677 395 709 me,
441 672 620 715 quatenns
653 666 765 710 licet,
813 664 848 702 id
878 666 1102 702 observare:
1149 666 1424 716 prolitcorque,
1463 675 1520 701 me
1551 675 1600 701 ex

162 718 345 756 eiusmodi
383 719 543 756 locorum
577 721 814 757 contentione
853 721 1076 771 singularem
1115 720 1294 770 quandam
1336 731 1517 770 eamque,
1559 724 1600 755 ut

161 776 315 825 opinor,
349 787 467 824 neque
495 776 739 821 illiberalem,
780 787 899 825 neque
933 777 1052 825 frugis
1084 783 1274 826 expertem
1307 787 1445 826 capere
1476 774 1599 811 animo

161 831 400 879 voluptatem.
469 829 520 866 Et
557 831 640 879 quia
681 843 726 867 ex
770 843 852 867 mco
894 844 1005 867 sensu
1046 830 1090 866 «le
1127 831 1210 868 aliis
1247 829 1369 868 iudico
1386 830 1454 880 *)‚
1510 836 1598 880 puto

160 886 297 922 ceteris
328 898 470 935 quoque
497 884 593 921 itlem
624 898 662 921 us
670 898 690 920 u
712 883 873 922 venire³u
865 883 952 935 ’5553)
986 898 1094 922 nemo
1123 893 1163 922 ut
1186 886 1233 923 sit
1257 887 1363 937 paulo
1385 885 1597 930 humanior,

159 940 218 977 cui
258 953 330 976 non
371 947 514 989 gwttum
556 953 598 977 ac
639 939 833 976 iucundum
874 941 920 977 sit
961 953 1217 991 cognoscere,
1268 939 1356 991 quid
1395 952 1416 976 a
1455 951 1600 990 quoque

161 994 300 1031 Cicero
336 995 556 1045 sumpserit,
600 1008 744 1045 quoque
777 995 904 1041 modo,
943 1009 1036 1046 quae
1067 996 1210 1033 illorum
1249 1002 1379 1040 erant,
1423 994 1600 1032 imitando

160 1050 296 1087 fecerit
328 1063 407 1089 sua.
472 1049 660 1096 Quocirca
700 1051 786 1087 talia
824 1050 1002 1100 quaedam
1044 1051 1100 1088 bis
1141 1051 1245 1088 libris
1284 1051 1505 1101 inspergere
1544 1055 1603 1087 cst

160 1106 330 1142 animus:
376 1118 446 1141 non
480 1105 551 1141 ullo
581 1104 726 1155 quidem
763 1113 867 1143 certo
898 1105 1055 1150 ordine,
1102 1119 1222 1158 neque
1254 1106 1349 1143 enim
1382 1118 1501 1155 genus
1530 1104 1600 1141 hoe

161 1160 374 1210 scriptionis
405 1159 572 1197 ordinem
606 1161 787 1210 postulat3
824 1159 889 1198 sed
920 1168 959 1198 ut
987 1163 1144 1212 quicque
1177 1163 1212 1199 in
1247 1167 1406 1198 mentem
1437 1160 1599 1198 venerit.

159 1215 270 1253 Nunc
309 1222 430 1253 autem
462 1217 626 1253 occurrit
655 1215 765 1261 illud,
804 1216 900 1267 quod
932 1219 1108 1267 scriptum
1136 1224 1194 1254 cst
1223 1217 1259 1253 in
1288 1216 1412 1266 priore
1451 1216 1601 1252 actione

160 1271 197 1308 in
227 1271 389 1308 Verrem
404 1267 521 1324 *effi
578 1270 674 1308 Nam
705 1285 786 1308 cum
816 1271 974 1308 iudicum
1012 1272 1120 1309 iidem
1159 1286 1230 1309 non
1261 1271 1353 1308 nibil
1389 1277 1600 1321 suspectam

160 1325 318 1363 baberet
347 1332 496 1372 orator,
538 1334 644 1364 acute
676 1326 791 1374 vidit,
835 1327 1016 1377 quomodo
1048 1341 1112 1365 cos
1143 1328 1308 1364 excitare
1341 1339 1384 1363 ac
1413 1333 1603 1377 perterre-

160 1381 313 1429 facere,
355 1394 400 1418 ne
441 1394 481 1418 se
513 1383 699 1432 corrumpi
738 1383 927 1428 sinerent,
974 1390 1177 1432 oporteret.
1238 1382 1446 1419 Allirmavit
1483 1381 1600 1427 enim,

160 1443 273 1473 totam
313 1437 496 1473 civitatem
539 1449 625 1473 esse
662 1438 698 1474 in
741 1438 923 1488 speculis,
972 1439 1256 1483 observantem,
1303 1450 1408 1487 quam
1446 1437 1601 1487 quisque

160 1491 390 1542 reipublicae
425 1498 635 1542 praestaret
664 1491 792 1529 tidem:
841 1500 900 1536 et,
940 1500 978 1529 ut
1015 1494 1086 1544 ipsi
1123 1492 1167 1530 de
1198 1492 1324 1531 Verre
1351 1491 1598 1537 iudicassent,

160 1548 211 1584 ita
250 1546 294 1584 de
333 1547 424 1597 ipsis
463 1548 634 1598 populum
673 1547 722 1584 R.
760 1547 1019 1585 iudicaturum.
1090 1547 1190 1585 Idem
1231 1555 1352 1584 autem
1395 1554 1433 1585 et
1468 1545 1602 1585 iisdem

159 1615 274 1653 prope
310 1602 434 1639 verbis
472 1602 617 1639 dixerat
653 1604 814 1653 antiquis
846 1603 1072 1653 temporibus
1103 1602 1315 1640 Dinarchus
1357 1603 1392 1639 in
1432 1602 1602 1640 acerbis-

97 1663 139 1694 40
162 1658 253 1694 sima
292 1658 484 1703 oratione,
528 1671 598 1708 qua
636 1658 840 1695 insectatus
884 1665 942 1695 est
976 1657 1290 1695 Demosthenem:
1333 1665 1373 1695 ut
1406 1671 1479 1695 non
1519 1653 1624 1695 sine'

161 1725 293 1750 caussa
328 1711 450 1750 videri
481 1713 619 1762 possit,
663 1712 912 1757 Ciceronem,
956 1726 1037 1750 cum
1078 1714 1139 1750 illa
1171 1713 1377 1758 scriberet,
1415 1712 1601 1750 Dinarchi

161 1768 280 1805 locum
321 1768 390 1804 sibi
433 1769 685 1818 propositum,
734 1781 841 1819 quem
879 1769 1104 1814 imitaretur,
1157 1768 1343 1813 babuisse.
1413 1767 1523 1815 Quod
1562 1775 1603 1805 ut

162 1825 279 1872 magis
317 1823 571 1871 intelligatur,
624 1822 824 1861 Ciceronis
859 1825 1041 1874 primum,
1089 1823 1224 1861 deinde
1262 1822 1447 1860 Dinarchi
1485 1823 1602 1861 verba

162 1879 368 1915 subiiciam.
431 1877 590 1915 Cicero:
632 1881 742 1917 Nunc
771 1886 892 1917 autem
924 1881 1088 1916 homines
1125 1881 1162 1916 in
1197 1880 1359 1929 speculis
1387 1886 1499 1917 sunt:
1537 1879 1602 1917 ob-

161 1940 338 1979 servant,
388 1934 693 1982 queamdmodum
727 1948 767 1972 sc
803 1936 1053 1985 unusquisque
1093 1941 1252 1972 vestrum
1289 1940 1403 1984 gerat
1437 1936 1476 1972 in
1510 1935 1601 1972 reti-

163 1990 286 2027 nenda
326 1989 416 2037 r'gclz
408 1990 507 2026 rz'onc
543 1990 880 2039 conserv'candesqae
917 1990 1073 2039 legibus.
1134 1988 1185 2025 Et
1218 1992 1327 2039 paulo
1364 1996 1466 2039 post:
1518 1992 1600 2028 Hoc

164 2051 220 2081 est
249 2044 453 2088 ἰηιιᾶιειιιηι,
483 2044 520 2080 2'12
549 2056 620 2092 quo
649 2057 713 2080 vos·
741 2045 785 2080 dc
815 2057 905 2089 reo,
939 2046 1118 2109 polmoetlas
1126 2047 1169 2082 R.
1203 2046 1248 2080 cle
1274 2044 1378 2081 vobis
1407 2045 1600 2085 ιιιτῐίᾈοαὸιῑ

163 2098 377 2136 Dinarchus
395 2097 471 2149 βε
509 2094 641 2148 Οοατε
668 2094 759 2150 γὰο,
790 2099 819 2136 ὠ
843 2096 1067 2149 Ἀθηναῖοι,
1097 2096 1154 2137 ότι
1181 2095 1286 2149 παρὰ
1311 2096 1378 2149 μὲν
1405 2095 1498 2149 ὑμῖν
1522 2102 1600 2150 Δη-

164 2152 357 2206 μοσθένης
384 2151 512 2192 οὖτοσι
532 2153 711 2204 κρίνεται,
738 2150 842 2206 noco&
871 2152 911 2193 δὲ
935 2158 1015 2201 τοῖς
1038 2151 1164 2200 ἄλλοις
1191 2150 1310 2204 ὑμεῖς,
1339 2154 1376 2193 οἳ
1401 2157 1600 2204 σκοποῦσι,

241 2278 285 2314 ἓξ)
306 2278 371 2307 Cic
391 2280 482 2307 Vm·
503 2278 618 2310 11.ss
645 2279 711 2307 183
732 2279 843 2308 habet:
873 2281 911 2308 de
930 2281 1040 2308 ederis
1059 2287 1101 2307 ea:
1127 2280 1230 2313 aliquo
1248 2278 1354 2313 facere
1381 2281 1597 2320 coniecturam,

166 2317 200 2346 et
219 2317 258 2345 de
279 2317 364 2345 Orat.
385 2319 423 2345 11.
445 2316 494 2352 74,
516 2316 584 2344 299.
604 2316 684 2351 facit
702 2318 779 2345 <nim
799 2320 837 2346 dc
855 2326 888 2346 se
908 2319 1122 2345 coriitctham
1161 2319 1283 2345 Knatmr

259 2364 311 2399 '>'·<)
338 2365 405 2393 Hoc
424 2364 572 2399 loquendi
593 2371 692 2397 genus
719 2366 811 2394 unice
831 2373 941 2394 verum
963 2373 1035 2393 esse
1056 2366 1246 2393 ‹outendunt
1266 2365 1410 2394 Bremius
1430 2367 1470 2394 ad
1489 2368 1600 2401 Nepot.

169 2375 302 2431 namna.
324 2410 391 2437 cap.
412 2403 458 2430 12.
480 2403 510 2436 §.
528 2403 557 2430 3.
587 2404 787 2431 Gerntiardus
809 2404 847 2432 att
870 2404 931 2432 Cic.
947 2403 1102 2431 (at.)1ai.
1123 2409 1191 2437 cap.
1206 2405 1235 2431 3.
1256 2403 1319 2438 5.
1307 2414 1329 2431 a.
1353 2411 1423 2437 pag.
1443 2405 1489 2433 17.
1518 2407 1601 2433 Gue-

170 2440 297 2468 renzius
318 2440 348 2468 in
369 2440 475 2468 Jatmii
496 2441 610 2468 Annat.
630 2440 710 2468 liter.
726 2442 796 2469 Vol.
814 2443 835 2468 Ι.
858 2443 945 2469 Fas-c.
965 2443 991 2468 2.
1008 2448 1076 2475 pau.
1095 2442 1165 2468 316.
1188 2441 1259 2474 (ubi
1280 2443 1498 2477 retractantur,
1519 2450 1601 2476 quae

171 2480 245 2506 ante
264 2478 303 2505 ab
324 2478 432 2506 eodem
453 2478 625 2505 observata
644 2481 735 2506 erant
761 2479 800 2506 ad
823 2478 885 2507 Cic.
906 2480 945 2506 de
965 2479 1032 2506 Fin.
1053 2480 1104 2505 tib.
1123 2479 1159 2505 V.
1181 2485 1250 2512 cap.
1267 2478 1294 2505 2.
1316 2480 1346 2512 5.
1368 2479 1396 2506 4.
1418 2486 1488 2513 pag.
1509 2481 1599 2515 5:34).

173 2515 311 2543 Oreuius
339 2515 379 2543 ad
401 2515 462 2543 Cic.
485 2515 612 2543 Tuscul.
641 2522 713 2549 pag.
733 2517 804 2544 354.
826 2517 872 2544 ed.
895 2516 967 2544 mai.
1003 2516 1147 2543 Klotzius
1173 2516 1212 2543 ad
1235 2515 1394 2543 sintcuisii
1415 2518 1601 2548 Exercitatt.

173 2559 245 2587 pag.
270 2552 339 2581 100.
366 2554 501 2580 atterum
528 2559 586 2579 usu
605 2554 728 2580 evenire
754 2554 814 2581 soli
835 2554 1032 2582 librariorum
1061 2553 1272 2586 negligentiae
1294 2553 1475 2582 tribuentes.
1516 2556 1602 2584 Con-

173 2590 305 2618 tratium
325 2591 458 2625 probare
478 2590 585 2617 studet
605 2590 838 2618 Limtemannus
858 2592 888 2618 in
903 2591 1048 2619 scetmuii
1068 2591 1139 2618 A.‹·t
1160 2598 1232 2618 nov.
1254 2590 1326 2617 atui
1347 2591 1438 2624 primi
1457 2592 1562 2621 fascic.
1581 2594 1602 2622 5

174 2630 204 2656 et
225 2628 253 2655 6.
275 2635 346 2662 pag
368 2626 549 2656 135—140.
579 2626 653 2655 item
672 2628 711 2655 ad
733 2628 796 2656 Cic
818 2630 963 2657 Rtietorr.
984 2635 1055 2663 pag.
1075 2628 1146 2656 699.
1185 2627 1327 2661 Denione
1355 2629 1516 2664 uniusque
1536 2630 1603 2658 for-

174 2666 279 2693 mulae
308 2665 475 2694 discrimen
500 2664 627 2699 aliquod
658 2668 801 2693 statuunt
826 2666 989 2694 Daelinius
1022 2666 1062 2693 ati
1093 2667 1203 2698 Nepet.
1234 2655 1336 2693 Astii».
1366 2672 1433 2700 cap
1459 2669 1487 2694 4.
1514 2669 1544 2703 5.
1571 2668 1601 2697 5.

175 2709 246 2736 pag.
270 2703 338 2731 114.
366 2703 821 2737 ed.Helmstad.}1erzogius
847 2705 887 2731 au
908 2705 1000 2732 Caes.
1022 2705 1057 2730 B.
1080 2704 1114 2730 G.
1135 2703 1187 2731 tib
1208 2703 1602 2740 511.can.9.pag.442.

176 2740 224 2768 ed.
247 2741 299 2767 alt.
340 2741 429 2768 Unde
450 2740 559 2774 xideS,
580 2739 672 2768 unica
691 2740 816 2770 literula
837 2744 971 2775 quantas
990 2741 1147 2769 concitare
1168 2740 1267 2775 possit
1287 2741 1404 2770 turbas.

250 2788 322 2813 *³3*
325 2787 342 2822 ]
362 2795 431 2823 cap.
452 2789 500 2819 16.
522 2788 589 2817 init.

251 2835 296 2873 †]
315 2836 370 2865 Or.
390 2837 463 2866 adv.
485 2838 573 2867 Dem.
595 2837 627 2873 §-
647 2837 676 2866 3.
697 2844 769 2874 pag.
789 2837 818 2866 4.
839 2837 947 2867 Reisk.
