1726 3106
540 120 641 159 Lm.
677 120 728 160 X.
789 120 907 160 CAP.
940 119 1053 162 XVI.
1435 118 1514 161 231

80 232 249 270 hebetem
286 229 497 270 arbitrabar
525 230 626 277 foi-o,
666 231 750 282 quin
781 229 818 268 id
854 243 921 282 per
949 244 990 269 se
1020 229 1188 269 videret:
1231 229 1399 281 maleque
1427 229 1514 266 mibi

79 288 234 325 videbar
272 286 499 323 iudicaturus
539 285 584 323 de
622 293 831 324 ceterorum
869 287 1053 336 ingeniis,
1094 287 1125 324 si
1168 298 1213 323 ne
1250 286 1312 322 illa
1347 283 1513 335 quidem,

78 357 173 393 quae
204 344 240 379 in
271 342 395 378 oculos
426 341 683 387 incurrerent,
727 342 797 378 nisi
827 348 1001 379 monente
1031 355 1113 386 me,
1142 340 1438 379 animadversum
1466 339 1514 376 iri

79 399 345 435 existimarem.
405 395 540 441 Nunc,
573 409 653 433 cum
686 397 793 434 huius
818 397 970 446 generis
1000 397 1175 447 pleraque
1206 396 1277 433 illis
1305 406 1449 446 quoque
1474 393 1512 431 in

78 453 184 490 libris
225 451 380 488 haerere
418 463 460 487 ac
502 451 669 489 residere
711 451 881 496 videam,
936 452 997 502 qui
1038 451 1202 502 quotidie
1240 449 1426 488 emendati
1466 448 1512 485 ab

78 507 288 544 hominibus
320 504 546 543 doctissimis
574 506 771 557 prodeunt,
794 506 1098 543 dissimulandum
1120 506 1276 557 amplius
1306 519 1379 542 non
1400 510 1511 555 puto:

77 575 158 599 cum
200 562 416 611 praesertim
452 562 487 597 in
505 559 550 613 ³³¹⁶)
589 563 650 599 illa
692 569 791 599 tanta
831 562 1017 599 hominum
1054 562 1166 598 multo
1207 561 1360 606 maiori,
1405 572 1514 610 quam

76 630 148 667 ego
187 630 287 661 sum,
334 615 523 654 doctrinae
561 618 668 667 copia
704 618 886 668 multoque
926 617 1063 654 acriori
1096 615 1235 653 iudicio
1263 613 1513 666 praeditorum

77 672 277 709 consensio
303 671 488 708 interdum
520 672 735 710 addubitare
766 685 822 709 me
857 679 990 722 cogat,
1024 684 1070 709 ne
1100 671 1187 708 mihi
1216 671 1325 708 nimis
1357 670 1515 720 ipsemet

76 726 267 772 blandiar,
296 739 388 764 neve
421 727 521 764 solus
550 728 596 764 iis
623 728 712 777 ipsis
741 728 778 764 in
808 727 902 765 locis
931 727 1158 772 caecutiam,
1191 726 1228 763 in
1260 725 1390 776 quibus
1420 725 1513 762 alios

76 795 202 832 parum
237 794 322 819 esse
352 781 515 820 arbitror
544 783 793 833 perspicaceS.
853 783 947 820 Tale
978 789 1057 828 est,
1096 780 1191 833 quod
1224 794 1320 818 nunc
1349 792 1369 817 e
1399 780 1513 817 tertio

76 837 171 874 libro
189 834 262 889 Η)
302 838 649 875 commentariorum
689 837 866 875 Caesaris
903 837 949 875 de
983 838 1081 875 hello
1121 837 1265 874 Gallico
1309 835 1510 884 proferam.

77 892 152 929 Ubi
188 905 267 928 cum
310 891 467 929 dixisset
504 892 671 939 Caesar,
713 894 750 930 in
787 894 869 931 vico
901 893 1157 943 Veragrorum
1190 890 1407 934 Octodoro,
1453 890 1515 939 qui

76 948 218 998 positus
248 948 284 984 in
314 948 408 984 valle
438 948 627 985 altissimis
658 947 817 998 undique
847 949 1030 985 montibus
1054 947 1326 992 contineretur,
1359 944 1515 982 Galbam

78 1016 159 1039 cum
198 1003 337 1052 aliquot
373 1002 587 1040 cohortibus
627 1002 671 1040 ad
710 1003 942 1040 hiemandum
978 1001 1218 1040 consedisse:
1263 1008 1323 1046 ct,
1367 1001 1451 1051 quia
1482 1000 1515 1036 is

78 1058 181 1095 vicus
221 1058 256 1093 in
293 1056 384 1094 duas
421 1065 547 1108 partes
584 1059 733 1095 flumine
771 1057 1027 1103 divideretur,
1072 1057 1224 1095 alteram
1255 1063 1396 1107 partem
1427 1067 1516 1092 con-

77 1113 243 1149 cessisse
274 1112 413 1157 Gallis,
447 1113 598 1150 alteram
630 1113 846 1150 attribuisse
875 1113 1113 1151 cohortibus:
1158 1119 1231 1149 tum
1262 1110 1398 1149 deinde
1431 1122 1514 1147 cum

77 1167 156 1204 (lies
201 1167 409 1217 complures
444 1167 682 1205 hibernorum
716 1169 978 1214 transiissent,
1022 1168 1144 1205 subito
1175 1173 1319 1217 captum
1350 1179 1370 1202 a
1401 1164 1516 1202 Gallis

76 1222 271 1259 consilium
304 1222 507 1259 renovandi
547 1223 632 1259 belli
668 1222 1006 1273 opprimendaeque
1042 1223 1222 1270 legionis,
1263 1221 1417 1270 eiusque
1459 1219 1516 1256 rci

75 1289 205 1314 caussa
238 1283 403 1322 montes,
435 1278 495 1327 qui
528 1277 808 1328 impenderent,
847 1284 956 1315 noctu
987 1276 1032 1313 ab
1064 1277 1118 1313 eis
1149 1283 1375 1326 occupatos,
1419 1272 1517 1311 haud

76 1333 127 1369 ita
159 1333 268 1368 multo
305 1339 388 1383 post
418 1332 590 1369 subiicit:
629 1335 764 1370 Hostes
793 1346 844 1369 ex
873 1332 1042 1370 omnibus
1068 1332 1244 1382 partibus
1281 1332 1390 1380 signo
1427 1330 1516 1366 dato

75 1389 307 1432 decurrere,
348 1388 491 1437 lapides
521 1401 709 1437 gessaque
730 1384 831 1439 ἥηζᾴᾗ)
870 1388 908 1425 in
947 1388 1084 1424 vallum
1125 1388 1324 1424 coniecere.
1384 1384 1522 1423 Nostri

71 1444 194 1493 primo
227 1445 389 1492 integris
429 1443 571 1480 viribus
598 1443 768 1494 sortiter
804 1455 1023 1493 repugnare
1062 1455 1181 1493 neque
1215 1443 1328 1479 ullum
1354 1439 1517 1491 frustra

78 1499 189 1536 telum
229 1512 278 1534 ew
317 1499 396 1535 loco
434 1500 630 1547 superiore
671 1500 842 1535 mz'ttere:
893 1505 936 1536 uc
973 1510 1141 1548 quaeque
1173 1510 1270 1547 pars
1304 1501 1517 1533 castrorum

76 1554 221 1591 nudata
250 1551 512 1603 defensoribus
545 1554 671 1603 premi
695 1553 915 1598 videbatur,
958 1566 1000 1589 eo
1031 1565 1232 1590 occurrere
1260 1557 1298 1588 et
1333 1551 1518 1588 auxilium

65 1608 199 1660 serre.
262 1606 338 1645 Sed
377 1608 545 1657 profecto
584 1614 646 1645 aut
686 1620 757 1657 ego
797 1607 903 1656 plane
941 1606 1108 1657 desipio,
1154 1614 1216 1643 aut
1254 1613 1369 1643 totum
1409 1603 1515 1649 illud,

75 1676 194 1713 neque
219 1663 331 1700 ullum
350 1662 511 1713 frustra
541 1664 651 1700 telum
682 1676 731 1699 ear,-
760 1663 841 1699 loco
871 1663 1065 1712 superiore
1093 1663 1255 1706 mittere,
1286 1660 1408 1698 alieno
1435 1659 1517 1696 loco

78 1719 236 1768 positum
263 1724 334 1754 est.
377 1716 512 1767 Neque
533 1718 631 1754 enim
658 1718 692 1754 in
707 1716 756 1769 †)
783 1716 973 1754 Romanos
996 1717 1186 1761 convenit,
1202 1716 1278 1766 qui,
1294 1722 1333 1753 ut
1353 1720 1514 1759 constat,

78 1774 114 1810 in
143 1773 239 1811 valle
270 1772 403 1809 inclusi
433 1772 720 1810 obsidebantur:
752 1771 818 1809 scd
844 1773 880 1809 in
901 1771 1045 1817 Gallos,
1074 1773 1133 1821 qui
1160 1778 1285 1816 noctu,
1318 1777 1357 1807 ut
1378 1769 1516 1806 dictum

78 1835 153 1873 est,
177 1829 263 1877 iuga
292 1827 581 1877 impendentium
608 1828 782 1864 montium
814 1834 1040 1877 occuparant
1054 1826 1154 1879 ἦῆ.)
1209 1825 1357 1863 Censeo
1383 1825 1514 1875 igitur,

76 1883 190 1921 verba
222 1883 284 1919 illa
322 1884 444 1919 statim
477 1882 706 1920 subiicienda
746 1889 829 1933 post
861 1883 1011 1920 verbum
1042 1884 1249 1919 eom‘t'cere:
1288 1880 1397 1930 idque
1427 1879 1515 1917 mihi

77 1939 129 1976 ita
163 1945 305 1976 certum
346 1937 517 1984 videtur,
558 1945 598 1976 ut
636 1939 673 1975 in
715 1950 756 1975 re
795 1938 992 1989 perspicua
1028 1936 1256 1988 argumentis
1292 1934 1514 1973 abutendum

74 2007 147 2032 non
179 2000 316 2045 putem.

559 2099 591 2139 C
621 2100 658 2139 A
691 2101 846 2140 PUT
899 2101 1030 2141 XVI..

143 2180 268 2218 Ovidii
296 2179 414 2217 locum
444 2180 625 2230 quendam
652 2192 703 2217 εει,-
732 2181 937 2231 Apollonio
967 2180 1109 2220 Rhodio
1137 2187 1320 2230 sumptum
1351 2190 1443 2215 esse.
1479 2232 1482 2235 s

76 2260 275 2315 TERRAM
313 2276 481 2315 Africam
525 2278 761 2329 serpentibus
798 2279 965 2330 plurimis
1006 2280 1179 2317 infestam
1220 2291 1305 2316 esse
1342 2283 1510 2314 constat:

77 2335 159 2372 eius
190 2341 313 2371 autem
342 2333 398 2370 rei
417 2332 574 2371 Ovidius
591 2333 706 2387 †††)
739 2335 835 2373 hanc
864 2348 1035 2373 caussam
1057 2334 1196 2381 adfert,
1230 2331 1326 2386 quod
1348 2332 1514 2371 Perseus

150 2467 194 2502 κε)
213 2467 336 2496 Vocula
355 2467 388 2495 in
407 2466 544 2497 delenda
563 2467 699 2498 videtur.
737 2470 850 2500 mesi.

150 2515 218 2549 *³:¹0
240 2521 308 2549 cap.
329 2515 358 2544 4.

150 2562 243 2598 *mx-J
264 2565 314 2591 Ex
332 2563 483 2592 librorum
504 2564 692 2594 auctoritate
711 2573 794 2595 nunc
812 2565 961 2596 scribitur
979 2573 1082 2603 gaesa.

151 2608 197 2648 ἦ)
218 2611 420 2645 Praepositio
440 2613 533 2641 abest
552 2614 591 2641 ab
612 2613 748 2643 editione
768 2614 889 2645 Wolfii.

153 2657 226 2696 ††)
255 2658 370 2686 Mureti
396 2661 574 2689 coniectura
594 2668 613 2689 a
634 2662 793 2698 plerisque
820 2662 993 2691 editoribus
1019 2662 1088 2691 iure
1114 2662 1231 2691 reiecta
1251 2662 1310 2690 est.
1348 2661 1460 2689 FAesi.
1481 2671 1516 2679 -

78 2699 115 2726 In
135 2703 272 2724 errorem
290 2697 432 2725 inductus
454 2700 505 2727 est
518 2701 671 2734 MuretuS‚
692 2701 775 2734 quod
796 2708 858 2728 non
873 2701 954 2729 satis
974 2700 1186 2735 cogitaverat,
1203 2702 1364 2728 Romanos
1382 2698 1413 2725 in
1430 2697 1517 2724 vallo

79 2737 411 2799 cast-rorumKsuorum
439 2736 629 2765 constitutos
648 2738 715 2767 tela
741 2746 784 2767 ea:
809 2738 866 2767 hoc
885 2739 955 2767 loco
975 2739 1138 2773 superiore
1165 2738 1196 2766 iu
1221 2738 1381 2766 irruentes
1409 2737 1518 2764 nostes

80 2779 218 2802 1111δί858.
287 2779 377 2799 RAFT.

161 2817 262 2856 †††)
282 2821 409 2849 Metam.
428 2822 483 2851 lv.
502 2821 565 2852 614
584 2828 631 2857 sq,

1539 455 1601 485 242
