1778 3096
174 1093 237 1123 353

269 142 352 186 338
828 145 956 186 VAR.
990 143 1144 185 LECT.

270 254 453 294 solebant
481 263 602 294 autem
633 257 731 294 inter
758 262 886 294 cetera
916 255 1048 294 donari
1082 258 1231 296 coronis
1258 258 1404 295 aureis:
1437 254 1534 295 unde
1564 263 1601 296 et
1621 256 1710 296 Pin-

271 310 383 350 darus
399 310 445 365 ἤ)
478 312 689 363 Olympiam
726 319 834 350 vocat
863 311 1003 364 μητέρα
1030 310 1344 363 χρυσοστεφάνων
1372 310 1534 352 ἀέθλων.
1592 313 1712 364 Impe-

270 375 417 404 ratores
448 379 593 417 quoquc
630 379 671 404 re
701 366 799 405 bene
837 375 875 405 et
904 368 1066 404 feliciter
1103 375 1209 417 gesta
1240 367 1450 415 interdum,
1494 380 1712 419 quamquam

270 420 466 459 admodum
502 434 610 467 rai-0,
656 421 788 460 eodem
818 422 970 460 honoris
1009 435 1151 472 genere
1185 422 1452 461 afficiebantur.
1512 423 1577 460 Sic
1608 423 1711 474 Cyro

268 483 353 526 post
395 483 470 514 tam
514 477 647 514 multas
687 485 833 529 tamque
880 479 1047 528 insignes
1088 478 1265 515 victorias
1306 479 1341 515 in
1380 480 1516 516 avitum
1555 491 1712 528 regnum

269 530 443 568 redeunti
471 530 656 583 Cyaxaris
693 533 791 579 lilia,
837 546 931 584 qnae
963 534 1080 584 ipsius
1116 540 1244 583 postea
1283 546 1376 571 uxou
1405 535 1496 578 suit,
1535 546 1711 571 coronam

267 599 420 626 auream
451 587 574 625 offert.
624 587 836 639 Xenophon
861 589 954 626 libio
977 595 1108 626 octavo
1124 586 1220 634 **):
1255 584 1277 626 ὁ
1303 586 1343 627 δὲ
1364 586 1569 652 Κυαξάρης
1595 591 1714 628 ταῦτα

265 639 335 692 μὲν
362 640 525 691 ἐδέξατο,
553 657 665 696 προςε
650 642 796 694 έπεμψε
825 641 867 682 δὲ
895 641 999 697 αὐτῷ
1026 658 1095 694 την
1124 641 1318 696 θυγατέρα
1347 641 1534 694 στέφανόν
1561 658 1600 683 τε
1626 659 1713 696 χρυ-

266 699 363 737 σοῦν
389 697 454 736 καὶ
482 697 619 749 ψέλλια
648 697 853 751 φέρουσαν.
897 684 1058 736 Habitus
1089 705 1147 735 est
1177 699 1236 736 hic
1266 698 1381 736 honos
1405 698 1593 737 Alcibiadi
1623 713 1715 751 quo-

266 765 363 803 que,
396 766 478 791 cum
509 754 644 791 domita
673 753 1059 799 Lacedaemoniorum
1090 754 1264 804 superbia
1293 755 1330 791 in
1360 755 1515 805 patriam
1546 753 1711 793 rediret:

265 821 337 858 qua
356 806 402 846 de
433 821 474 848 re
505 810 555 846 ita
580 808 729 847 Probus
745 807 872 861 ***):
903 812 974 848 llic
1003 816 1044 847 ut
1071 811 1355 859 naec'egressus
1383 819 1455 855 est,
1489 822 1714 860 quamquam

270 865 521 902 Theramenes
551 871 589 902 el
628 866 886 915 Thrasybulus
923 866 1060 902 eisdem
1097 864 1209 902 rebus
1244 863 1499 915 praefuerant
1531 866 1712 916 simulque

264 927 447 958 venerant
476 921 513 958 in
538 921 750 966 Piraeeum,
784 928 910 958 tamen
940 921 1043 958 illum
1073 932 1183 957 unum
1213 933 1338 957 omnes
1360 920 1710 970 prosequebantur.-

265 981 317 1019 et,
350 975 391 1011 id
413 975 515 1025 quod
536 989 735 1026 numquam
765 984 878 1013 antea
899 989 969 1013 usu
991 981 1150 1013 venerat
1176 976 1254 1013 nisi
1272 976 1463 1025 Olympiae
1488 974 1710 1021 victoribus,

264 1031 416 1068 coronis
445 1032 572 1068 aureis
600 1033 801 1082 aeneisque
828 1032 942 1081 vulgo
971 1030 1199 1068 donabatur.
1260 1029 1337 1067 Sed
1363 1043 1430 1067 cur
1459 1043 1594 1068 aeneas
1622 1042 1713 1081 quo-

265 1097 336 1134 que
366 1097 526 1123 coronas
558 1085 683 1131 addat,
714 1100 787 1124 non
817 1086 1002 1124 immerito
1031 1086 1161 1136 quaeri
1193 1092 1330 1136 potest.
1390 1084 1487 1123 Nam
1517 1092 1558 1122 ut
1580 1084 1715 1124 Glauci

263 1140 461 1178 Homerici
477 1140 528 1193 -Ῑ-)
571 1140 748 1179 vecordia
781 1140 927 1179 ridetur
962 1142 1207 1192 pei-mutantis
1244 1137 1383 1192 χρύσεα
1417 1140 1621 1192 χαλκείων,
1659 1141 1714 1178 ita

262 1194 421 1233 ridicula
449 1195 570 1234 videri
600 1204 723 1248 potest
753 1197 847 1235 haee
875 1195 1044 1249 χρυσέων
1069 1195 1135 1237 καὶ
1160 1196 1342 1248 χαλκείων
1368 1196 1574 1247 permistio.
1625 1195 1712 1246 Ego

262 1263 354 1289 vero
384 1265 455 1288 non
483 1250 629 1298 dubito,
661 1253 749 1302 quin
780 1251 896 1289 Probi
926 1252 1040 1289 verba
1070 1258 1246 1302 corrupta
1278 1252 1365 1297 sint,
1399 1252 1450 1289 ita
1479 1258 1532 1297 ut,
1562 1249 1625 1288 ubi
1654 1257 1713 1288 est

262 1308 486 1357 aeneisque,
541 1306 740 1357 legendum
787 1307 836 1343 sit
877 1309 1084 1357 taeniisque
1100 1305 1199 1358 ††).
1269 1306 1451 1344 Solebant
1489 1306 1588 1344 enim
1629 1306 1712 1344 sere

261 1362 411 1400 taeniae
441 1374 523 1399 cum
554 1363 703 1400 coronis
734 1362 925 1412 coniungi.
986 1361 1238 1412 Empedocles
1256 1360 1395 1413 ffffmzf)

438 1426 610 1473 Ταινίαις
639 1441 678 1466 τε
705 1427 952 1487 περίστεπτος
981 1426 1133 1477 στέφεσί
1161 1441 1199 1465 τε
1231 1427 1415 1473 θαλείοις.

260 1491 379 1543 quue
409 1493 608 1529 manifesto
649 1493 870 1540 confirmat,
915 1492 1011 1543 quod
1049 1491 1145 1543 apud
1174 1491 1433 1543 Thucydidem
1472 1490 1519 1529 de
1549 1491 1712 1530 Brasida

261 1548 422 1597 legitur:
461 1560 568 1597 quem
600 1546 777 1585 Scionaei
817 1560 857 1585 re
887 1547 1082 1599 praeclare
1124 1554 1232 1596 gesta
1261 1553 1301 1583 ut
1329 1546 1616 1598 Olympionicen
1647 1560 1714 1586 ex-

262 1603 410 1666 cepisse
448 1609 487 1640 et
519 1609 558 1639 ut
586 1602 774 1640 Graeciae
805 1603 1044 1640 liberatorem
1082 1614 1221 1639 corona
1259 1614 1374 1640 aurea
1406 1608 1444 1639 et
1480 1604 1617 1640 taeniis
1650 1615 1713 1640 re-

260 1658 429 1696 vinxisse
470 1656 657 1696 dicuntur.
715 1657 949 1724 Thucydidis
985 1657 1101 1696 verba
1139 1657 1232 1695 haec
1271 1655 1440 1708 sunt*)=
1484 1673 1550 1697 και
1579 1657 1619 1697 οἱ
1643 1655 1714 1708 μὲν

262 1715 475 1752 Σκιωναῖοι
520 1710 750 1771 ἐπήρθησάν
795 1728 834 1752 τε
879 1717 958 1760 τοῖς
992 1710 1145 1779 λόγοις
1158 1711 1224 1751 καὶ
1269 1709 1533 1778 θαρσησαντες
1573 1710 1713 1760 πάντες

261 1765 427 1819 ομοίως,
468 1767 534 1808 καὶ
562 1771 621 1816 οἱς
651 1766 702 1820 μὴ
731 1765 917 1835 πρότερον
943 1764 1081 1821 ἤρεσκε
1106 1763 1153 1807 τὰ
1179 1765 1445 1834 πρασσόμενα,
1482 1765 1550 1808 τόν
1575 1783 1614 1808 τε
1641 1765 1713 1808 πό-

261 1828 376 1875 λεμον
405 1824 625 1863 διενοοῦντο
653 1821 869 1893 προθύμως
897 1824 1035 1873 οἴσειν,
1063 1822 1130 1862 καὶ
1155 1819 1224 1862 τὸν
1254 1823 1448 1888 Βρασίδαν
1476 1820 1522 1862 τά
1550 1820 1584 1863 τ’
1617 1820 1712 1863 ἄλλα

262 1882 389 1926 καλῶς
424 1878 596 1927 ἐδέξαντο
635 1879 701 1918 καὶ
730 1880 896 1934 δημοσία
933 1878 1002 1930 μὲν
1035 1881 1161 1933 χρυσῷ
1177 1875 1372 1947 στεφάνῳ
1407 1875 1619 1930 ανέδησαν,
1659 1894 1712 1926 ως

261 1933 542 2002 ἐλευθεροῦντα
569 1950 640 1985 την
668 1931 852 1986 Ελλάδα,
892 1935 972 1974 ἰδία
999 1950 1038 1974 τε
1067 1933 1257 1974 ἐταινίουν
1284 1948 1323 1973 τε
1351 1933 1416 1973 καὶ
1442 1949 1711 1987 προςηρχοντο,

262 1987 386 2043 ὥςπερ
410 1987 573 2046 ἀθλητῇ.
620 1990 812 2030 Athletam
832 1976 960 2029 autem‘
978 2003 1062 2028 cum
1087 1989 1193 2037 dicit,
1213 1990 1501 2042 Olympionicen
1521 1990 1707 2042 intelligit.

753 2091 784 2130 C
814 2091 852 2128 A
877 2090 912 2128 P
939 2090 977 2129 U
1004 2089 1039 2128 T
1096 2089 1228 2129 VIII.

327 2155 540 2194 Emendate
569 2157 751 2208 quaedam
782 2171 803 2195 e
832 2157 930 2195 libro
959 2162 1069 2194 sexto
1098 2156 1357 2206 Epistolarum
1387 2155 1439 2193 ad
1467 2155 1653 2193 Atticum.

263 2225 323 2282 IN
361 2243 432 2282 hoc
464 2244 652 2282 scribendi
686 2257 827 2296 genere
856 2257 929 2281 non
957 2241 1067 2280 modo
1109 2243 1211 2293 exigi
1250 2241 1342 2280 ordo
1377 2255 1449 2280 non
1479 2242 1599 2288 solet,
1645 2241 1710 2280 sed

263 2301 347 2352 ipsa
382 2301 505 2351 potius
541 2296 674 2348 ἀταξία
714 2307 752 2339 et
783 2299 914 2338 melius
939 2298 1150 2347 variarum,
1178 2299 1380 2336 lectionum
1419 2310 1554 2336 nomen
1594 2298 1708 2344 tueri,

339 2403 384 2439 *J
405 2403 528 2439 olymp.
548 2403 631 2431 Vlll.
653 2402 683 2432 1.
722 2403 771 2432 De
792 2409 852 2432 usu
872 2400 1008 2431 nominis
1027 2393 1144 2442 μήτηρ
1171 2400 1210 2431 ef.
1230 2400 1314 2431 infra
1332 2399 1389 2430 lib.
1409 2400 1502 2430 xvii.
1523 2406 1590 2436 cap.
1611 2400 1642 2430 2.

338 2453 409 2489 ζέε)
430 2460 500 2488 cap.
519 2453 549 2482 5.
570 2453 602 2488 S.
624 2453 674 2482 18.

338 2501 432 2537 κεῖσθε)
452 2508 521 2536 cap.
541 2501 571 2530 6.
592 2499 624 2536 §—
644 2501 675 2530 3.

339 2549 386 2588 ἦ)
407 2549 497 2578 Iliad.
518 2549 570 2578 vl.
593 2548 655 2578 234
674 2555 721 2584 sq.

339 2609 364 2636 Τ
396 2598 414 2633 )
438 2598 564 2627 Laudat
584 2599 666 2625 hanc
684 2596 800 2626 Mureti
819 2595 1030 2626 coniecturam
1049 2596 1260 2626 Rulinkenius
1279 2596 1320 2625 ad
1342 2594 1464 2624 Timaei
1483 2595 1562 2624 Lex
1583 2594 1708 2623 Platon.

263 2643 336 2673 pag.
357 2637 418 2665 247
437 2637 529 2672 (pag
550 2635 620 2665 206.
642 2634 689 2663 ed.
710 2635 839 2670 Rom).
860 2635 899 2664 ef.
918 2636 1046 2663 Jacobs.
1067 2636 1106 2663 ad
1127 2634 1321 2664 Philostrati
1340 2635 1459 2669 lmagg.
1481 2640 1553 2668 pag.
1576 2632 1646 2660 225.

338 2685 391 2725 Η-
395 2686 441 2726 l)
462 2687 584 2715 versus
605 2686 655 2714 est
675 2692 717 2714 ex
733 2687 858 2720 Fragm
878 2679 951 2713 τῶν
975 2679 1193 2723 καθαραῶν,
1214 2690 1247 2712 v.
1261 2682 1332 2712 369.
1350 2689 1421 2716 pag.
1441 2681 1513 2711 646.
1535 2681 1582 2709 ed.
1602 2681 1707 2708 Sturz.

262 2731 397 2759 Omnino
418 2729 618 2758 scribendum
639 2727 811 2768 στέφεσίν
832 2736 880 2758 τε.
913 2728 1063 2757 Servavit
1080 2729 1241 2763 Diogenes
1255 2728 1362 2755 Laert.
1382 2727 1436 2755 lib.
1456 2726 1538 2755 vill.
1556 2727 1636 2754 sect.
1655 2724 1708 2754 62.

260 2775 485 2809 v01.11.1›ag
508 2773 579 2802 294.
602 2773 650 2801 ed.
672 2774 792 2803 Huehn.
815 2775 869 2804 ubi
888 2775 992 2803 editur
1009 2770 1118 2802 θ-αλεί
1119 2780 1166 2812 η.ς
1205 2770 1337 2806 Recepit
1365 2770 1462 2799 etiam
1486 2768 1654 2798 Jacobsius
1675 2768 1707 2796 in

260 2815 390 2844 Anthol.
404 2816 457 2843 Gr.
473 2812 667 2847 paralipom.
689 2814 777 2843 Toiu.
793 2814 875 2843 Xlll.
894 2783 1136 2850 (commentata
1147 2813 1218 2843 Vol.
1235 2812 1289 2840 111.
1304 2810 1393 2840 Part.
1407 2807 1482 2844 ΠΙ.)
1497 2815 1570 2844 pag.
1582 2808 1647 2838 665
1657 2814 1705 2842 sq.

334 2861 377 2897 ³¹]
400 2861 709 2897 lin.1v.cap.121.
