1778 3096
475 154 576 193 Llss.
609 154 717 195 XIV.
779 153 896 193 CAP.
925 154 1017 195 XV.
1383 153 1466 195 319

31 266 246 310 retulimus,
282 263 403 301 hieme
435 276 520 301 esse
548 271 716 315 oportet:
760 263 825 302 sed
856 279 927 302 non
957 264 1107 311 dubito,
1137 265 1248 315 quin,
1279 263 1341 302 ubi
1371 264 1464 314 legi-

32 328 91 358 tur
120 317 342 372 εὐχείμεροι,
381 319 577 368 legendum
610 321 656 356 sit
686 316 933 372 ezidieooaffi:
974 319 1070 371 quod
1100 333 1180 358 eum
1212 332 1279 370 per
1312 332 1370 357 me
1400 333 1463 357 su-

32 377 194 427 spicatus
224 387 370 419 essem,
409 375 525 424 magis
556 376 663 411 etiam
695 375 932 411 confirmatus
962 388 1039 412 sum
1071 376 1107 412 in
1137 376 1342 421 sententia,
1380 388 1462 412 cum

31 438 195 469 veterem
236 430 475 478 interpretem
517 429 645 467 eodem
687 429 793 466 inodo
837 430 973 479 legisse
1015 429 1274 468 animadverti.
1334 430 1462 470 Vertit

31 486 125 523 enim
163 485 405 522 recentiores·
467 483 563 521 Sunt
604 491 722 522 autem
764 481 927 535 εὗδίεροι
955 487 1115 534 μᾶλλον,
1152 487 1305 524 altiores
1337 492 1375 524 et
1404 499 1464 524 sa-

29 541 234 578 lubriores:
278 539 404 589 quales
431 552 514 576 esse
548 553 642 590 quae
677 540 885 590 aquilonem
917 540 1118 590 excipiunt.
1180 541 1220 578 Si
1256 542 1338 593 quis
1366 542 1462 580 forte

28 595 183 640 dubitat,
216 593 342 631 audiat.
371 595 484 632 verba
509 595 696 633 Varronis
726 608 745 632 e
778 595 870 632 libro
900 595 1016 645 primo
1045 595 1090 632 de
1118 595 1177 633 Re
1207 598 1348 634 rustica
1361 595 1460 648 mv:

27 652 233 699 Permugni
263 651 439 696 inseres-t,
483 651 549 688 ubi
578 652 654 688 sint
685 651 833 701 positae
871 652 1002 696 villae,
1048 658 1211 701 quantae
1246 654 1344 697 sint,
1391 665 1463 702 quo

25 712 195 756 spectent
215 706 444 756 porticibus,
489 707 593 743 ostiis
622 718 668 743 ac
692 704 898 756 fenestris.
958 708 1094 744 Annon
1124 707 1187 744 ille
1215 708 1464 757 Hippocrates

27 762 189 799 medicus
226 762 263 798 in
296 773 436 810 magna
467 763 682 810 pestilentia
710 774 783 799 non
815 774 925 798 unum
954 774 1113 811 agrum,
1156 763 1223 799 sed
1250 763 1366 799 multa
1399 775 1464 812 op-

19 817 114 867 pida
151 817 309 854 scicntia
346 817 540 853 servavit?
597 817 673 854 Sed
708 817 799 867 quid
834 829 903 865 ego
942 818 1045 854 illam
1081 830 1171 854 voco
1210 818 1261 854 ad
1299 818 1464 854 testimo-

25 871 153 909 ninm?
201 872 286 910 Non
315 872 376 908 liic
408 873 533 909 Varro
560 878 703 916 noster,
736 885 816 909 cum
849 874 1041 921 Corcyrae
1069 879 1169 911 esset
1197 873 1387 909 eoeercitns
1415 884 1462 909 ae

26 928 180 972 classis,
222 933 263 964 et
288 939 413 963 omnes
444 927 573 963 domus
609 928 774 976 repletae
810 933 932 965 essent
959 928 1127 976 aegrotis
1164 940 1211 965 ae
1236 927 1461 978 funeribus,

26 983 186 1019 immisso
205 981 393 1032 fenestris
424 983 528 1019 novis
557 983 754 1032 aquilone,
789 989 827 1020 et
854 982 1057 1020 obslructis
1080 982 1364 1032 pestilentibus,
1405 983 1463 1019 ia-

26 1049 176 1086 nuaque
198 1043 438 1086 permutata,
470 1043 667 1087 ceteraque
696 1039 776 1074 eius
800 1039 956 1087 generis
986 1038 1206 1088 diligentia,
1234 1051 1321 1076 suos
1350 1037 1463 1076 comi·-

27 1098 82 1129 tes
110 1104 157 1129 ac
176 1092 370 1143 scmziliam
398 1093 601 1130 incolumes
626 1093 810 1131 reduxit?

517 1234 808 1275 CAPUT
862 1235 960 1275 XV.

24 1324 243 1362 Himeraeae
275 1322 445 1360 mulieris
479 1322 525 1359 de
553 1324 733 1373 Dionysio
772 1330 937 1372 tyranno
967 1325 1147 1363 somnium
1186 1323 1312 1361 codem
1341 1336 1463 1375 prope

123 1378 230 1416 modo
264 1380 407 1415 Graece
435 1391 458 1416 a
493 1379 651 1417 Timesia
681 1392 752 1429 quo
781 1381 919 1418 Latine
947 1393 971 1418 a
1004 1381 1158 1418 Valerio
1187 1380 1364 1418 relatam.

22 1467 129 1525 NoN
169 1488 335 1525 inutilem
376 1487 551 1526 studiosis
602 1489 846 1540 elegantioris
891 1489 1084 1528 doctrinae
1125 1489 1274 1527 navavit
1311 1502 1463 1540 operam

25 1543 269 1581 Sebastianus
291 1542 480 1580 Corradus
497 1543 601 1595 ir²²³³)
616 1572 628 1589 ‚
660 1546 721 1595 qui
742 1545 917 1583 brevibus
942 1547 1040 1582 notis
1068 1543 1114 1582 ad
1133 1544 1281 1583 Valerii
1303 1545 1465 1583 Maximi

25 1599 139 1636 libros
165 1597 300 1635 additis
323 1599 477 1635 aliorum
499 1599 718 1649 scriptorum
742 1601 860 1646 loeos,
883 1600 979 1638 unde
1003 1600 1065 1638 itte
1089 1600 1238 1650 singula
1259 1601 1463 1651 sumpsisse

25 1652 236 1698 videretur,
277 1660 339 1689 aut
377 1660 480 1690 certe
513 1655 549 1690 in
589 1655 719 1704 quibus
757 1655 885 1693 eadem
917 1655 1074 1693 historia
1112 1655 1328 1706 legeretur,
1368 1654 1465 1693 indi-

25 1709 135 1746 cavit.
183 1708 308 1745 Pauca
339 1715 459 1745 autem
490 1709 668 1759 quaedam
701 1711 866 1761 reliquit,
893 1723 987 1761 quae
1017 1709 1114 1748 unde
1145 1718 1289 1761 sumpta
1318 1718 1461 1756 essent,

24 1763 281 1814 pervestigare
321 1777 392 1800 non
431 1771 622 1814 potuerat:
673 1766 778 1815 quale
820 1766 908 1803 iilud
949 1774 1028 1811 est,
1076 1765 1172 1816 quod
1211 1766 1307 1803 libro
1345 1767 1463 1816 primo

25 1819 162 1869 legitur
201 1817 247 1854 de
287 1819 429 1856 somnio
469 1820 696 1858 Himeraeae
738 1821 924 1867 mulieris,
966 1834 1037 1872 quo
1076 1820 1253 1872 Dionysii
1293 1823 1462 1872 tyrannis

25 1874 324 1925 praesignificata
370 1881 441 1912 est.
528 1874 611 1924 Ego
660 1876 774 1925 igitur
821 1889 902 1914 cum
962 1875 1274 1927 deprehenderim
1322 1877 1464 1927 antiqui

26 1929 220 1979 scriptoris
257 1928 445 1966 Timesiae
460 1928 510 1982 ᾧ)
552 1930 670 1967 locum
712 1944 732 1969 e
765 1932 857 1968 libro
891 1938 995 1968 sexto
1034 1931 1310 1977 Historiarum,
1354 1944 1463 1982 quein

26 1997 140 2035 prope
168 1982 212 2020 ad
242 1983 392 2021 verbum
425 1985 688 2035 interpretatus
715 1993 772 2023 est
796 1987 986 2032 Valerius,
1015 1987 1205 2037 utriusque
1233 1987 1346 2024 verba
1376 2000 1463 2037 pro-

24 2036 194 2090 ponenda
234 2037 344 2084 duxi,
385 2046 424 2076 ut
462 2041 626 2077 conferri
667 2048 817 2092 queant.
889 2041 1034 2079 Valerii
1071 2042 1186 2090 igitur
1223 2041 1315 2079 haee
1353 2049 1459 2080 sunt·

25 2097 133 2133 Intra
158 2094 346 2144 privatum
371 2095 537 2133 habitam
558 2098 737 2145 Dionysio
759 2100 1005 2147 Syracusano
1036 2098 1159 2135 adhuc
1183 2110 1224 2134 se
1249 2099 1463 2135 continenle

24 2151 224 2188 Himeraea
249 2150 455 2200 quaedum,
497 2164 570 2189 non
601 2151 757 2190 obscuri
785 2153 939 2202 generis
957 2151 1132 2205 semina,
1172 2153 1274 2190 inter
1304 2154 1463 2204 quietem

100 2294 144 2331 *J
166 2297 201 2324 In
224 2297 329 2324 mente
346 2295 482 2323 habebat
504 2297 648 2326 Muretus
667 2290 792 2334 εὔδιοι,
812 2298 870 2328 sed
886 2298 969 2328 iusto
987 2298 1191 2328 festinantius
1209 2304 1325 2327 novam
1342 2298 1463 2328 effinxit

27 2346 138 2369 vocem
159 2334 325 2381 εὗὸίεροι,
344 2349 435 2375 quam
447 2343 656 2373 Sclineiderus
672 2348 830 2381 tamquam
846 2349 976 2381 probam
991 2348 1143 2375 memorat
1158 2346 1232 2374 inv.
1244 2337 1461 2384 wysiam&-

27 2385 116 2420 Quod
143 2386 256 2414 Faesio
278 2388 420 2414 Muretus
446 2388 585 2416 scribere
609 2391 752 2420 voluisse
784 2392 926 2431 videtur,
958 2386 1187 2432 εὐδιέσετροι
1210 2391 1263 2419 vel
1283 2385 1462 2420 εὐδιαίτε-

26 2438 113 2471 ροι,
133 2432 187 2458 vel
208 2434 335 2466 propter
355 2438 493 2474 sequeus
514 2421 618 2462 αὗται
638 2436 851 2467 reiiciendum.

99 2481 167 2516 Ξὲὲῑε)
187 2489 255 2516 cap.
275 2482 304 2511 4.
326 2482 357 2517 S.
377 2483 397 2511 4
416 2491 464 2518 sq.

100 2528 191 2564 εἏ--ΐ-Ξ-ῑίε)
210 2529 306 2558 cuius
321 2538 417 2566 opera
428 2533 594 2561 vat.Max.
612 2533 744 2568 primum
763 2535 877 2570 prodiit
897 2535 985 2564 1545.
1002 2535 1114 2564 iterum
1134 2536 1223 2565 1564.
1254 2537 1333 2564 Eum
1352 2535 1462 2565 laudat

24 2568 166 2597 Muretus
189 2567 362 2598 comment.
382 2569 414 2598 in
435 2570 499 2598 Cic.
522 2571 614 2599 Catil.
637 2573 673 2600 ΙΙ.
697 2574 774 2608 Opp.
796 2575 883 2602 Toni.
904 2576 942 2601 11.
965 2580 1035 2608 pag.
1055 2575 1126 2602 541.
1166 2576 1278 2603 ΕΔΗ-ει.

100 2613 145 2652 ᾧ)
175 2616 240 2643 Imo
269 2617 394 2644 Timaei.
449 2617 553 2645 Locus
590 2621 733 2653 sumptus
770 2623 819 2649 est
850 2628 867 2647 e
897 2621 1073 2650 Setioliaste
1110 2621 1281 2650 Aeschinis
1317 2621 1355 2649 de
1389 2621 1462 2649 fais-

23 2655 122 2688 legat.
153 2659 223 2686 pag.
246 2653 315 2680 751.
345 2661 435 2687 quem
464 2662 564 2689 nuper
592 2657 688 2684 edidit
714 2659 736 2685 I.
758 2659 782 2686 L
802 2658 954 2687 Reiskius
985 2659 1103 2694 [Oratt.
1131 2662 1257 2687 Graece.
1288 2660 1356 2687 Vol.
1377 2658 1460 2694 111.].

23 2697 62 2724 D.
84 2697 121 2724 R.
142 2710 178 2716 —
217 2696 411 2724 scholiastes
433 2697 549 2726 diserte
570 2699 658 2727 dicit:
694 2697 889 2741 Τιμαῖος
912 2694 982 2740 γὰρ
1012 2696 1051 2730 ἓν
1075 2697 1116 2742 τῇ
1140 2696 1220 2742 ἕκτῃ
1246 2697 1384 2740 ἱστορεῖ
1401 2707 1463 2734 cet,

24 2735 144 2764 Eadem
164 2735 230 2763 fere
255 2736 403 2769 leguntur
422 2737 535 2773 etiam,
566 2740 623 2766 sed
644 2738 760 2767 omisso
781 2740 922 2769 auctoris
951 2741 1092 2777 nomine,
1124 2743 1207 2776 apud
1228 2741 1357 2769 Sumam
1377 2741 1408 2770 in
1428 2749 1461 2772 v.

22 2771 163 2817 Ἱερείας
186 2772 379 2814 ἐνύπνιον,
410 2781 440 2806 et
461 2781 543 2816 apud
563 2783 712 2811 Piiotium
732 2784 811 2812 Lex.
832 2791 904 2818 pag.
926 2784 975 2812 79.
1014 2785 1199 2818 Neglectum
1220 2786 1268 2813 est
1295 2787 1355 2814 hoc
1374 2785 1462 2821 frag-

23 2820 162 2893 ιιῃθῗιιδιιᾶἷι
181 2824 202 2848 a
220 2820 272 2848 Fr.
293 2819 458 2856 numero,
487 2820 552 2851 vid.
573 2822 712 2852 Meinek.
738 2823 776 2852 de
796 2825 934 2860 Euphor.
956 2823 1023 2854 vita
1042 2827 1075 2855 et
1093 2824 1232 2861 scriptis.
1253 2831 1326 2861 pag.
1347 2825 1405 2856 101
1428 2828 1461 2857 et

1489 1827 1552 1858 333
