1726 3106
99 1885 162 1916 175

173 117 255 160 166
738 116 862 156 VAR.
897 116 1050 157 LECT.

175 242 304 269 menus
338 229 473 267 tradit.
532 228 629 267 Nam
670 228 814 266 homini
846 240 953 266 servo
988 240 1076 265 suos
1112 228 1270 266 domt‘los
1307 228 1447 267 habere
1476 235 1624 280 oportet

178 287 305 324 oculos
332 291 371 323 et
405 296 536 322 manus
571 285 866 334 orationemque.
924 282 1032 321 llaec
1068 282 1284 330 Victorius3
1324 297 1418 335 quae
1450 296 1497 321 au
1532 297 1624 323 vera

181 341 277 386 sint,
319 340 462 378 nescio.
521 338 620 376 Mihi
660 337 806 388 quidem
840 351 913 376 non
954 337 1142 378 videntur.
1203 338 1329 377 Credo
1359 347 1507 386 autem,
1551 339 1622 377 hoc

179 395 422 434 Aristotelem
450 393 599 431 dicere:
645 392 738 432 Cum
772 406 903 445 reapse
941 394 1072 444 punire
1101 394 1257 444 aliquem
1290 395 1478 440 volumus,
1518 395 1622 446 prius

181 463 265 488 eum
294 450 462 487 oratione
493 461 578 486 esse
608 449 885 500 castigandum,
918 456 1028 499 atquc
1056 448 1304 497 efficiendum,
1337 457 1375 488 ut
1402 451 1482 501 ipse
1512 450 1622 501 plane

181 505 367 555 intelligat
396 504 576 556 quasique
607 505 724 543 oculis
756 511 911 552 cernat,
944 517 984 541 se
1014 506 1267 543 commeritum
1299 518 1469 556 poenam.
1525 503 1622 543 Nam

181 567 220 598 et
249 561 347 597 servi
378 560 498 598 minus
528 559 681 611 indigne
711 561 836 598 ferunt
863 559 1063 611 supplicia,
1088 572 1182 611 quae
1213 558 1259 599 de
1289 560 1382 612 ipsis
1411 567 1621 607 sumuntur,

181 616 215 654 si
243 615 313 653 hoc
343 614 451 653 modo
481 628 563 654 cum
594 616 650 654 eis
679 628 848 666 agamus.

689 725 1167 825 οΑΡυτιηἊ

242 837 405 876 Collatzo
435 838 511 876 loez
535 837 728 875 cuzusdam
754 826 777 875 e
786 817 977 877 Phaedro
1004 838 1171 876 Platonis
1197 850 1278 876 eum
1306 837 1471 876 emsdem
1499 837 1576 876 locz

596 894 911 944 interpretatione
939 894 1203 932 Cecerom'ana.

181 974 390 1033 Nominum
425 996 526 1034 illum
561 996 728 1035 Platonis
760 1009 781 1035 e
814 996 991 1036 Phaedro
1028 997 1176 1044 locum,
1215 996 1278 1035 ubi
1315 997 1520 1035 animorum
1558 995 1628 1033 im-

183 1051 389 1089 mortalitas
419 1053 636 1090 necessaria
666 1053 811 1090 ratione
837 1053 987 1105 probari
1016 1053 1202 1099 creditur,
1236 1052 1398 1099 Cicero,
1430 1058 1471 1089 ut
1502 1058 1627 1089 notum

184 1113 263 1152 est,
304 1113 341 1143 et
372 1107 409 1144 in
440 1107 545 1144 libris
576 1107 622 1146 de
652 1108 751 1159 Rep.
770 1107 815 1157 7ξέ)
855 1116 893 1146 et
922 1109 959 1146 in
989 1110 1109 1159 primo
1140 1108 1434 1146 Tusculanarum
1466 1106 1628 1158 disputa-

183 1163 324 1199 tionum
341 1159 418 1214 *ἢ
463 1163 733 1214 interpretatus
769 1171 842 1202 est.
902 1163 1000 1201 Mihi
1041 1171 1162 1202 autem
1202 1164 1271 1201 hoc
1313 1164 1396 1201 loco
1436 1161 1625 1200 decretum

185 1224 267 1262 est,
306 1230 387 1254 cum
415 1217 581 1255 Platonis
610 1219 737 1256 verbis
767 1218 963 1258 Ciceronis
997 1219 1370 1269 interpretationem,
1411 1231 1516 1269 quam
1545 1216 1628 1254 dili—

184 1272 404 1322 gentissime
434 1280 581 1323 potero,
613 1273 857 1312 contendere.
918 1274 1014 1311 Puto
1045 1277 1166 1320 enim,
1197 1288 1277 1312 cum
1309 1271 1405 1324 apud
1433 1281 1629 1323 utrumque

183 1327 359 1366 nonnulla
389 1327 486 1365 haud
518 1329 608 1366 satis
638 1329 832 1367 emendate
863 1330 1054 1395 legantur,
1086 1343 1133 1366 ex
1165 1330 1232 1367 hac
1261 1329 1462 1367 collatione
1491 1324 1630 1378 aliquid

185 1395 431 1420 emersurum.
492 1383 599 1421 Plato
617 1383 745 1433 ***).
779 1387 897 1423 Πᾶσα
924 1381 1030 1436 ψυχὴ
1051 1381 1259 1431 ἀθάνατος.
1288 1381 1332 1423 τὸ
1361 1380 1433 1437 γὰο
1462 1380 1629 1434 ἄεικίνη·

183 1452 251 1477 τον
279 1434 490 1477 ἀθάνατον.
549 1438 710 1485 Cicero,
742 1442 880 1478 omissa
909 1441 1187 1491 propositione:
1228 1442 1289 1478 Na
1268 1453 1326 1477 am
1357 1439 1458 1489 quod
1483 1451 1630 1488 semper

184 1500 376 1540 movetur,
408 1500 601 1531 netemum
630 1501 699 1532 est.
761 1496 801 1533 In
833 1509 904 1546 quo
925 1494 1011 1532 illud
1044 1495 1307 1532 observatione
1341 1493 1490 1544 dignum
1522 1500 1627 1543 puto,

185 1547 283 1599 quod
326 1545 526 1588 ἀθάνατον
557 1550 669 1586 vertit
707 1558 917 1588 aeternum.
990 1550 1171 1596 Quamvis
1211 1550 1307 1587 enim
1340 1549 1447 1586 Plato
1485 1549 1629 1586 animos

185 1617 258 1641 non
299 1603 526 1641 immortales
567 1603 675 1641 modo
714 1605 901 1651 faciebat,
943 1618 1071 1642 verum
1112 1606 1222 1642 etiam
1259 1611 1459 1649 aeternos3
1507 1616 1631 1654 neque

186 1659 380 1710 quicquam
422 1658 519 1710 apud
555 1659 794 1711 philosophos
834 1661 1040 1698 immortale
1071 1661 1143 1706 sit,
1184 1659 1281 1711 quod
1320 1673 1392 1697 non
1433 1660 1482 1696 sit
1519 1659 1630 1697 etiam

185 1721 404 1751 aeternum.
454 1721 576 1752 tamen
620 1715 713 1753 haec
750 1716 929 1754 vocabula
977 1716 1086 1765 vulgo
1130 1715 1308 1764 distingui
1352 1715 1500 1760 solent,
1547 1727 1631 1752 cum

186 1769 324 1807 Cicero
358 1769 468 1819 plane
497 1783 564 1821 pro
594 1770 725 1808 eodem
756 1772 931 1821 accipiat.
992 1770 1124 1808 Plato:
1156 1767 1197 1810 τὸ
1222 1745 1267 1810 6?
1291 1767 1380 1809 ἄλλο
1404 1771 1539 1808 κινοῦν
1565 1768 1634 1808 καὶ

185 1820 256 1863 ’ὕπ’
289 1821 406 1864 ἄλλου
433 1822 678 1876 κινούμενον,
707 1829 859 1866 παῦλαν
888 1826 971 1877 ἕχον
1000 1837 1131 1877 κινησε
1115 1842 1206 1876 cmg,
1244 1829 1397 1864 παῦλαν
1421 1824 1494 1876 ἔχει
1522 1826 1632 1875 ζωῆς.

189 1879 351 1918 Cicero:
388 1882 496 1931 Quod
521 1888 645 1919 autem
676 1889 812 1919 motum
843 1882 961 1934 offert
987 1883 1126 1928 eli‘cuz,
1160 1883 1332 1933 quodque
1359 1883 1477 1931 ipsum
1507 1882 1633 1930 agitu-

190 1942 254 1974 tur
280 1937 456 1982 aliunde,
495 1938 645 1988 quando
667 1937 790 1987 finem
823 1938 940 1976 habet
976 1945 1117 1980 motus,
1158 1937 1309 1975 vivendi
1341 1949 1485 1987 quoque
1508 1936 1634 1985 finem

188 1990 327 2028 habeat
349 2004 498 2029 necesse
523 1999 592 2029 est.
647 1991 848 2030 Praeclare
878 1993 1027 2030 omnino
1059 1991 1201 2030 reddita
1230 1992 1322 2029 haec
1353 2004 1439 2042 pars
1467 1990 1630 2028 videtur.

189 2045 283 2083 Cum
314 2052 436 2083 autem
467 2047 530 2083 illa
557 2046 722 2085 eiusdem
752 2048 856 2086 verbi
886 2049 1076 2099 repetitio,
1102 2061 1197 2098 quae
1228 2048 1264 2084 in
1287 2047 1435 2084 Graeca
1462 2047 1633 2084 oratione

188 2101 282 2138 nihil
310 2100 423 2138 habet
451 2101 703 2148 insuavitatis,
737 2103 774 2140 in
805 2102 940 2141 Latino
966 2116 1138 2140 sermone
1168 2115 1294 2152 parum
1328 2102 1481 2149 elegans
1512 2114 1633 2152 neque

191 2157 285 2193 satis
325 2155 482 2193 dilucida
522 2157 603 2194 sore
644 2157 859 2203 videretur,
901 2159 1080 2195 varietate
1117 2158 1249 2195 vitavit
1283 2157 1352 2194 hoc
1389 2155 1631 2205 incommodi,

190 2219 329 2250 motum
373 2211 519 2263 afferre
567 2210 697 2250 dicens
758 2226 825 2263 pro
875 2226 1042 2259 movele,
1095 2220 1134 2250 et
1175 2226 1219 2262 ag
1221 2214 1324 2250 ''¹'ztarz
1367 2224 1434 2263 pro
1475 2225 1630 2250 movere.

192 2266 269 2306 Sed
308 2273 345 2305 ct
379 2265 465 2304 illud
505 2265 610 2318 ἕχον,
651 2268 687 2305 in
721 2280 792 2318 quo
832 2267 1030 2317 colligendi
1061 2269 1116 2305 vis
1156 2269 1276 2313 inest,
1323 2268 1374 2305 ita
1413 2279 1633 2317 expressum

193 2328 271 2367 est,
316 2329 356 2359 ut
398 2322 491 2360 nihil
530 2324 661 2360 me'ius
699 2324 819 2373 optari
854 2331 977 2390 queat
1049 2323 1180 2361 Plato:
1222 2320 1341 2374 μόνον
1377 2319 1425 2373 δὴ
1459 2319 1502 2362 τὸ
1539 2319 1633 2362 αὐτὸ

191 2379 347 2425 κινοῦν,
376 2374 440 2416 ἅτε
468 2374 541 2417 οὐκ
571 2375 780 2418 ἀπολεῖπον
808 2375 941 2427 ἑαυτὸ,
971 2375 1110 2418 οὔποτε
1136 2376 1241 2447 ληγει
1267 2374 1513 2428 κινούμενον,
1540 2374 1636 2417 ἀλλὰ

191 2431 258 2471 καὶ
280 2437 360 2480 τοῖς
388 2429 515 2480 ἄλλοις
540 2431 613 2472 όσα
639 2438 797 2473 κινεῖται
824 2438 936 2474 τοῦτο
962 2431 1065 2487 πηγὴ
1092 2433 1158 2474 καὶ
1188 2431 1283 2486 ἇοχὴ
1312 2446 1507 2484 κινησεως.
1566 2433 1633 2471 Ci-

192 2501 307 2526 cero:
351 2491 479 2528 Solum
510 2490 630 2538 1⁶3⁸·2t1c1
667 2491 767 2540 quod
801 2503 882 2528 sese
916 2497 1056 2536 movet,
1096 2492 1184 2540 quia
1217 2503 1415 2541 numquam
1445 2490 1635 2527 deseritur

193 2556 218 2581 a
241 2557 304 2590 se,
347 2557 546 2595 numquam
575 2559 621 2582 ne
649 2546 794 2583 moveri
816 2547 960 2596 quidem
991 2547 1142 2585 desiuit.
1205 2547 1300 2596 Quin
1339 2546 1450 2583 etium
1481 2546 1630 2590 ceteris,

193 2612 291 2650 quae
318 2606 528 2646 moventur,
552 2601 613 2638 lu'c
629 2599 740 2651 sons,
765 2601 836 2639 hoe
860 2603 1087 2653 principium
1116 2607 1173 2640 est
1200 2601 1380 2640 movendi.
1429 2599 1470 2638 In
1500 2599 1632 2652 quibus

267 2731 311 2766 εῐε)
330 2730 386 2761 lib.
406 2732 459 2761 VI.
480 2739 549 2767 cap.
569 2732 619 2761 25.
641 2732 672 2768 5.
696 2732 748 2762 2⁷.

267 2780 335 2815 ³:2³³)
357 2787 425 2816 cap.
446 2781 496 2809 23.
518 2780 550 2817 S.
569 2781 612 2809 53
630 2788 678 2817 sq.

269 2836 365 2873 *ze-2:³3
387 2843 460 2873 pag.
477 2835 539 2866 245
556 2843 624 2873 sqq.
639 2836 674 2867 c.
690 2838 735 2868 St.
775 2837 945 2868 Bekkerus
967 2839 1000 2868 et
1018 2837 1204 2869 Stallbaum.
1225 2827 1326 2876 ψυχὴ
1349 2830 1451 2866 πᾶσα
1469 2837 1530 2866 cet.
