1778 3096
155 845 218 876 342

235 114 317 157 32⁶3
796 115 924 155 VAR.
959 114 1113 155 LECT.

238 233 359 264 tecum
390 224 690 276 colloquebatur,
730 237 844 264 voces
872 224 1047 277 quasdam
1080 226 1200 265 minus
1227 225 1404 273 Latinas,
1446 225 1578 278 quibus
1607 226 1673 266 ille

239 288 441 333 perpetuus
467 281 610 318 subitae
633 281 811 318 orationis
837 282 935 319 nitor
961 281 1066 332 quasi
1089 283 1241 320 maculis
1270 281 1486 334 quibusdam
1509 283 1674 320 infusca-

240 344 357 375 rctur.
418 335 521 382 Quas
553 334 720 386 quaeso?
762 337 931 388 inquam:
971 350 1053 374 nam
1086 349 1142 374 me
1171 337 1317 388 quidem
1349 339 1419 376 alia
1447 338 1675 387 cogitantem

240 392 575 443 praetervolarunt.
647 391 801 438 Caelos,
848 392 987 442 inquit,
1032 399 1070 429 ct
1105 394 1293 430 caelorum
1332 394 1441 431 orbes
1478 393 1676 443 aliquoties

241 447 355 491 dixit,
396 453 434 482 et
466 458 547 483 eam
578 446 788 484 doctrinam
819 460 913 498 quae
944 448 1103 485 caelitus
1140 448 1190 485 ad
1219 449 1385 487 homines
1421 450 1527 499 lapsa
1564 454 1674 485 esset.

240 500 341 548 Quid
367 499 436 537 tu?
464 507 567 538 recte
597 500 688 539 haec
719 501 790 539 dici
820 516 890 539 non
919 501 1055 552 putas?
1106 503 1304 548 Caelestia,
1333 504 1465 554 iuquit,
1497 515 1677 553 corpora,

242 563 281 594 et
311 556 420 593 orbes
449 557 644 601 caelestes,
677 563 714 593 ct
741 559 845 595 caelo
872 559 1014 607 lamam
1045 558 1252 595 doctrinam
1275 557 1448 596 dixissem
1476 558 1678 596 lubentius.

241 611 330 648 Non
365 611 458 649 male
496 618 535 648 tu
565 611 735 661 quidem:
781 612 847 650 scd
882 620 1002 649 tamen
1036 625 1082 649 nc
1119 612 1178 648 illa
1211 612 1356 662 quidem
1387 626 1473 651 suos
1505 620 1679 650 auctores

243 679 314 704 non
347 666 498 704 habent.
562 666 663 703 Citat
690 667 782 704 haec
813 668 968 705 Servius
983 666 1029 714 ³³)
1063 679 1083 703 c
1116 666 1313 705 Ciceronis
1339 668 1560 714 Hortensio,
1592 669 1683 718 Epi-

242 723 353 759 curei
378 723 511 772 plures
539 723 667 760 volunt
701 735 780 759 csse
808 724 945 762 caelos.
1005 721 1057 760 Et
1084 722 1253 760 Lucretii
1289 731 1374 761 sunt
1413 723 1505 762 haec
1536 736 1557 762 e
1587 723 1682 761 libro

242 775 406 815 secundo
424 776 505 830 ΊῚΗΕ)
522 792 530 814 :

358 844 447 892 Quis
477 854 616 892 regere
645 843 816 881 immensi
839 856 1039 889 summam,
1072 844 1155 893 queis
1184 843 1324 881 habere
1350 842 1538 894 profundi

352 899 463 936 Endo
492 911 604 935 manu
632 899 778 937 validas
807 901 908 949 polis
936 906 991 936 est
1021 899 1262 937 moderanter
1291 898 1484 937 habenas?

360 954 450 1002 Quis
471 954 625 1004 pariter
654 956 778 992 caelos
809 956 925 992 ommis·
955 954 1200 991 convenere?

245 1018 424 1066 Quamvis
456 1025 577 1056 autem
609 1020 734 1058 caelos
774 1020 826 1057 illi
857 1020 1028 1058 dicebaut
1060 1018 1235 1065 mundos,
1277 1032 1367 1069 quos
1397 1017 1574 1070 putabant
1601 1031 1687 1057 esse

244 1074 560 1112 innumerabiles:
594 1081 717 1112 tamen
746 1088 868 1114 exeo
900 1076 990 1113 satis
1016 1082 1175 1119 constat,
1208 1076 1315 1125 caeli?
1334 1088 1465 1112 nomen
1497 1073 1590 1125 apud
1614 1074 1687 1112 La-

244 1129 344 1166 tinos
368 1136 406 1166 et
427 1129 617 1179 singulare
642 1142 728 1168 esse
758 1137 796 1168 et
824 1130 1080 1168 multitudinis.
1134 1129 1229 1167 Nam
1257 1129 1300 1167 de
1323 1130 1384 1167 illo
1413 1131 1567 1168 caelitus
1582 1128 1685 1181 ***)

243 1196 303 1222 me
331 1197 476 1235 quoque
512 1185 598 1222 olim
629 1185 898 1236 reprehensum
940 1186 1087 1223 memini
1119 1199 1140 1222 a
1170 1184 1347 1237 quodam,
1392 1186 1453 1236 qui
1485 1186 1556 1222 nisi
1591 1184 1688 1236 quod

243 1237 445 1277 Ciceronis
474 1247 595 1285 esset,
629 1241 719 1277 nihil
749 1241 883 1278 Latine
913 1241 986 1279 dici
1015 1241 1179 1291 putabat.
1241 1240 1370 1291 Itaque
1400 1240 1580 1278 irridebat
1611 1253 1685 1285 me,

245 1307 319 1332 non
357 1294 465 1331 modo
509 1308 592 1332 cum
637 1296 790 1334 citarem
830 1296 1026 1342 Servium,
1075 1296 1136 1347 qui
1175 1309 1322 1334 versum
1362 1296 1463 1333 illum
1505 1308 1526 1334 e
1566 1296 1687 1348 primo

247 1348 463 1400 Georgicon
483 1349 552 1402 †),

466 1417 517 1454 Si
540 1423 576 1454 te
604 1417 722 1466 digna
751 1424 876 1456 manet
902 1419 1022 1456 dt‘oc'm‘
1044 1417 1173 1468 gloria
1203 1417 1333 1463 ruris,-

247 1479 299 1517 ita
328 1481 501 1530 exponit,
542 1483 580 1519 .ςὶ
603 1482 644 1518 id
677 1483 749 1520 tibi
773 1496 986 1521 conoessum
1019 1490 1075 1521 est
1100 1485 1277 1528 caelitus,
1321 1488 1362 1519 uc
1388 1482 1556 1531 gloriam
1585 1482 1690 1519 ruris

247 1534 411 1573 habeas.-
445 1535 510 1574 sed
539 1536 672 1581 etiam,
704 1550 785 1574 cum
818 1538 931 1575 multo
962 1539 1153 1575 meliorem
1184 1538 1264 1574 istis
1295 1537 1463 1574 omnibus
1493 1535 1689 1573 Ciceronis

247 1590 496 1637 imitatorem,
529 1591 790 1638 Lactantium,
831 1594 935 1630 cuius
967 1593 1059 1630 haec
1090 1599 1174 1629 sunt
1204 1605 1224 1629 e
1253 1592 1348 1630 libro
1381 1598 1510 1643 quarto
1539 1590 1692 1628 Institu-

247 1644 510 1698 tionum††):
556 1648 710 1685 Nemini
743 1648 893 1686 (labium
928 1655 1055 1699 potest
1090 1661 1188 1693 csse,
1232 1649 1318 1698 quin
1357 1648 1390 1684 is
1428 1648 1585 1693 doctor,
1627 1648 1695 1697 qui

249 1702 409 1738 caelitus
439 1703 628 1747 mittitur,
673 1710 747 1741 tam
777 1705 933 1742 scientia
969 1705 1018 1741 sil
1053 1716 1180 1742 reram
1216 1704 1373 1740 onmium
1412 1715 1520 1752 quam
1551 1703 1691 1739 virtute

245 1756 454 1807 perfectus.
517 1756 616 1804 Quid
647 1764 684 1794 tu
716 1759 857 1809 igitur?
898 1760 1038 1810 inquit:
1084 1759 1224 1796 satisne
1256 1759 1347 1795 istos
1378 1757 1534 1794 idoneos
1563 1764 1691 1794 aucto-

249 1824 313 1848 res
342 1811 553 1849 Latinitatis
585 1813 722 1862 putas‘?
778 1814 861 1864 Ego
893 1814 1013 1851 dicam
1043 1814 1130 1860 tibi,
1171 1814 1340 1863 inquam,
1372 1811 1482 1850 Dari.
1544 1811 1620 1849 Diu
1652 1818 1691 1850 et

249 1865 330 1916 ipsc
368 1867 403 1904 in
445 1880 490 1904 co
532 1880 661 1905 errore
701 1878 870 1907 versatus
913 1884 1016 1915 suni,
1066 1877 1128 1915 ut,
1173 1869 1245 1906 nisi
1284 1869 1343 1919 qui
1389 1875 1452 1905 aut
1490 1866 1690 1905 Ciceronis

250 1928 373 1958 aetate
389 1921 504 1975 ††1-)
536 1930 598 1961 aut
629 1925 736 1974 paulo
767 1933 851 1963 ante
877 1926 1056 1963 vixissent
1080 1931 1142 1961 aut
1171 1932 1275 1961 certe
1300 1924 1350 1961 illi
1379 1923 1492 1961 aetati
1511 1935 1690 1974 suppares

251 1976 434 2022 fuissent,
467 1992 539 2015 non
571 1981 660 2015 satis
693 1980 823 2030 dignos
856 1993 940 2017 esse
970 1981 1198 2024 arbitrarer,
1228 1992 1381 2030 quorum
1409 1979 1602 2028 exemplo,
1629 1978 1691 2028 qui
1743 2022 1747 2029 x

250 2030 386 2068 Latine
428 2040 490 2068 aut
529 2035 696 2071 scribere
735 2043 795 2072 aut
827 2036 925 2086 loqui
958 2037 1120 2081 vellent,
1162 2036 1383 2072 niterentur.
1446 2033 1523 2072 Sed
1561 2040 1691 2084 postea

252 2099 294 2123 rc
324 2093 396 2123 tota
428 2100 569 2124 mecum
610 2092 818 2127 accuratius
850 2091 1086 2129 considerata
1113 2091 1211 2127 visus
1244 2091 1312 2140 ipsi
1346 2088 1433 2126 mihi
1466 2102 1544 2126 sum
1577 2089 1691 2126 nimio

253 2141 334 2191 plus
380 2142 467 2178 mihi
504 2155 674 2189 sumere,
723 2146 784 2193 qui
830 2145 875 2183 de
918 2146 1088 2190 Seneca,
1139 2144 1271 2190 Livio,
1318 2144 1496 2189 Valerio,
1552 2142 1687 2189 Celso,

254 2195 526 2243 Quinctiliano,
561 2197 789 2244 Columella,
822 2208 978 2250 utroque
1008 2200 1156 2244 Plinio,
1187 2200 1339 2245 Tacito,
1372 2199 1567 2244 Suetonio,
1599 2198 1690 2236 Vel-

254 2251 351 2297 leio,
385 2251 434 2299 Q.
469 2251 621 2298 Curtio,
661 2253 859 2291 Lactantio
891 2256 1046 2305 aliisque
1079 2253 1259 2291 eiusmodi
1291 2254 1556 2304 scriptoribus,
1597 2266 1688 2304 quos

254 2314 293 2345 et
318 2307 362 2344 ab
393 2308 441 2343 iis
469 2308 558 2358 ipsis
588 2310 839 2359 temporibus,
870 2310 999 2360 quibus
1028 2310 1160 2347 Latina
1188 2310 1310 2359 lingua
1340 2309 1512 2348 floruisse
1545 2308 1691 2347 dicere-

255 2368 329 2408 tur,
357 2364 506 2414 propius
536 2363 678 2401 afuisse
706 2372 744 2402 et
767 2378 834 2402 suo
865 2378 1046 2417 quemque
1078 2366 1226 2403 saeculo
1253 2365 1519 2403 disertissimos
1542 2364 1688 2403 habitos

327 2472 370 2506 *J
392 2473 432 2501 ad
452 2473 539 2508 Yirg.
560 2475 642 2505 Aen.
662 2477 686 2504 Ι.
706 2476 777 2504 335.
803 2476 868 2505 Cic.
891 2475 969 2510 Opp.
990 2475 1038 2504 ed.
1060 2475 1156 2504 Orell.
1176 2475 1247 2504 Vol.
1269 2476 1321 2505 IV.
1341 2476 1377 2505 Ρ.
1395 2475 1433 2505 Π.
1453 2481 1524 2510 pag.
1544 2474 1617 2512 450,
1640 2474 1688 2505 19.

327 2520 396 2555 -::÷³:÷)
416 2529 449 2550 v,
470 2522 550 2551 1094
570 2530 616 2558 sq.

328 2569 421 2604 *23³2ss
443 2570 512 2599 Vid.
534 2572 661 2601 Krebsii
681 2572 848 2602 Antibarb.
869 2579 939 2608 pag.
962 2572 1032 2602 1⁴4.

329 2616 374 2655 ἦ)
396 2626 426 2647 v.
450 2620 518 2649 168.

329 2664 402 2704 ἢ)
422 2674 490 2702 cap.
512 2668 561 2696 24.
582 2668 614 2703 S.
636 2670 664 2697 2.
685 2675 757 2703 pag.
778 2669 849 2698 526.
871 2669 919 2697 ed.
941 2669 1155 2697 Buenemann.
1195 2668 1390 2703 Quamquam
1415 2668 1485 2703 ipse
1504 2666 1689 2697 Lactantius

253 2705 361 2738 paullo
382 2708 456 2732 ante
476 2706 663 2740 scripserat:
693 2708 844 2744 firmamus
863 2707 994 2741 aliquem
1022 2708 1065 2734 de
1092 2707 1202 2735 coelo
1231 2714 1298 2735 esse
1324 2709 1508 2736 mittendum.
1548 2706 1636 2741 Quod
1657 2705 1689 2734 in

255 2741 341 2771 editt.
362 2743 541 2781 legebatur,
563 2751 580 2772 e
599 2745 679 2772 libro
700 2745 833 2779 quincto,
855 2745 993 2772 correxit
1012 2744 1158 2773 u'ollius.

329 2789 429 2828 ††-l-)
451 2791 498 2822 ef.
517 2792 637 2822 similia
655 2792 863 2823 disserentem
882 2795 1038 2823 muretum
1057 2793 1090 2823 in
1110 2794 1207 2823 orant.
1229 2793 1307 2830 opp.
1327 2794 1416 2823 Tom.
1432 2794 1457 2822 1.
1478 2798 1550 2829 pag.
1562 2791 1633 2822 293.
1653 2791 1686 2820 et

254 2833 327 2862 pag.
346 2830 409 2859 309
427 2837 475 2866 sq.
513 2831 625 2860 Fami.
