1778 3096
521 144 622 185 LIB.
655 143 767 184 XIX.
827 143 945 184 CAP.
980 143 1046 183 VI.
1421 143 1502 186 457

67 254 214 295 tandem
237 255 493 295 construxisse
521 254 716 294 dicuntur:
748 268 903 306 cumque
932 253 979 293 ad
1009 253 1167 293 fovenda
1195 266 1352 304 corpora
1382 253 1503 292 oleum

67 311 238 358 deesset,
284 311 408 349 multis
448 323 488 349 se
525 324 569 349 ae
610 312 722 349 variis
761 311 993 357 chrismatis,
1040 309 1136 362 quod
1177 309 1227 347 ibi
1265 316 1501 359 repererant,

67 367 269 418 generibus
297 366 531 431 perunxisse.
592 367 762 404 Clzrisma
791 372 911 402 autem
940 365 1029 403 illud
1061 366 1179 403 fuisse
1210 365 1265 402 ait
1289 364 1504 414 Xenophon

67 419 215 470 σύειον,
243 420 308 460 καὶ
335 417 562 472 σησαμινον,
604 419 669 460 καὶ
697 417 998 473 ἀμυγδάλινον’
981 436 1023 459 εκ
1051 423 1127 460 τῶν
1153 422 1324 471 πικοῶν,
1359 418 1426 458 καὶ
1448 433 1505 458 τε-

67 477 300 528 ρεβίνθινον.
345 475 398 514 At
421 483 548 514 cetera
573 476 718 528 quidem
746 488 885 526 genera
909 489 979 512 non
1002 476 1128 525 ignota
1153 483 1260 512 sunt.
1295 487 1316 512 e
1340 487 1503 520 sesamo,

67 544 115 569 ex
154 531 360 583 amygdalis
399 532 558 578 amalis,
600 544 647 569 ex
682 530 919 575 terebintlio3
970 543 1101 576 unum,
1145 529 1240 581 quod
1277 531 1394 580 primo
1421 530 1505 567 loco

65 587 240 638 ponitur,
281 588 389 637 plane
426 587 623 624 absurdum
654 585 821 631 videtur,
860 582 1007 634 σύειον,
1047 584 1143 636 quod
1174 584 1355 622 Romulus
1393 585 1507 623 vertit

66 643 217 679 sacellam
251 642 460 692 lequamen,
505 654 659 692 eumque
696 648 845 678 secutus
881 653 976 677 unus
1013 653 1059 678 ex
1095 640 1358 678 eruditissimis
1397 640 1506 677 huius

67 697 202 734 aetatis
221 694 289 748 *),
330 698 399 735 hoe
428 710 523 742 uno,
566 704 602 734 ut
629 696 785 746 opinor,
823 696 904 732 loco
935 697 1074 741 fretus,
1114 695 1325 733 chrismatis
1355 696 1506 733 nomine

67 752 175 789 etiam
204 753 413 790 animalium
443 751 589 803 adipem
611 751 815 801 significari
844 750 1008 789 tradidit.
1059 749 1159 798 Quid
1187 758 1323 796 autem,
1349 763 1505 801 quaeso,

67 819 263 844 commune
308 808 419 845 habet
458 807 572 858 adeps
616 807 745 845 suillus
782 819 865 844 eum
910 807 1119 851 sesamino,
1167 805 1404 857 aniygdalino
1443 812 1508 843 aut·

67 862 320 900 terebintllino
355 861 583 901 chrismate?
637 861 734 900 Nam
773 874 904 899 ocreas
945 861 1092 911 quidem
1134 873 1219 898 suas
1260 861 1311 913 (si
1340 874 1429 911 quas
1460 874 1509 898 ex

67 918 172 954 corio
203 930 335 956 ocreas
365 916 569 969 habebant)
606 924 644 955 et
673 917 926 954 calceamenta
960 917 1069 967 adipe
1102 917 1209 953 suillo
1246 916 1431 966 inungere
1461 914 1509 954 ad

67 972 217 1022 ignem,
251 979 289 1009 ut
317 986 360 1011 ea
386 973 593 1019 mollirent,
625 979 816 1024 poterant:
862 979 965 1009 artus
997 985 1085 1009 vero
1113 984 1223 1017 suos,
1262 985 1343 1008 eum
1374 984 1510 1022 suppe-

66 1033 166 1064 teret
194 1027 348 1065 aliorum
382 1029 516 1079 eopia,
552 1035 625 1065 tam
667 1035 764 1065 tetro
795 1034 832 1064 et
871 1034 942 1063 tam
984 1040 1119 1077 spurco
1159 1028 1322 1076 unguine
1361 1027 1510 1064 illinere

67 1083 172 1119 euius
202 1082 438 1133 turpitudinis
467 1082 630 1121 fuisset?
684 1081 869 1133 Equidem
901 1081 1083 1120 affirmare
1114 1083 1256 1127 ausim,
1290 1082 1409 1119 locum
1443 1081 1511 1119 de·-

66 1144 257 1188 pravatum
290 1152 398 1185 esse,
434 1145 471 1176 et
500 1153 567 1189 pro
596 1134 725 1177 σύειον
757 1136 954 1187 legendum
985 1145 1047 1174 aut
1085 1133 1284 1184 σούσινον,
1328 1137 1379 1174 ita
1409 1138 1510 1175 enim

65 1193 250 1230 vocabant
277 1194 455 1245 liquorem
486 1207 532 1231 ex
558 1194 633 1231 lilio
665 1206 898 1243 expressum,
932 1205 1039 1243 quem
1071 1199 1108 1229 et
1137 1193 1318 1230 anthinon
1343 1191 1510 1230 Galenus

66 1247 291 1297 voeat**):
325 1256 388 1286 aut
418 1250 448 1285 si
480 1249 539 1286 eui
571 1249 686 1286 libeat
717 1249 868 1299 propius
898 1248 1071 1297 vulgatae
1103 1247 1311 1297 scripturae
1337 1248 1511 1297 vestigiis

67 1302 265 1349 insistere,
316 1317 389 1341 una
426 1303 588 1340 litterula
636 1310 773 1340 mutata
816 1299 954 1341 θύειον
979 1301 1098 1353 ***),
1144 1314 1166 1338 a
1204 1301 1313 1353 thyia
1355 1302 1508 1348 arbore,

67 1370 174 1407 quam
208 1358 255 1395 ob
286 1359 458 1396 eximiam
487 1357 666 1409 quandam
697 1357 824 1394 odoris
856 1357 1072 1394 suavitatem
1105 1369 1246 1394 summe
1276 1370 1297 1395 a
1320 1357 1510 1396 veteribus

67 1413 318 1452 commendari
347 1414 470 1452 notius
498 1420 579 1460 est,
610 1426 715 1464 quam
744 1420 786 1450 ut
814 1412 1027 1450 confirmari
1059 1410 1208 1450 debeat.

578 1523 869 1563 CAPUT
923 1522 1002 1563 VI.

160 1603 408 1652 Quinc-ciliani
433 1602 531 1640 libro
559 1608 668 1640 sexto
698 1603 744 1639 de
772 1602 853 1639 risu
884 1601 964 1639 loci
980 1601 1143 1652 plurimi
1167 1606 1205 1638 et
1231 1600 1421 1639 emendati

656 1664 694 1695 el
723 1657 918 1708 eoeplc'catz’.

68 1723 340 1784 MAGULOSUS
379 1752 438 1783 est
473 1745 601 1796 procul
641 1744 753 1782 dubio
783 1744 893 1781 Fabii
934 1744 1037 1781 loeus
1069 1755 1089 1780 e
1119 1744 1241 1792 eapite
1272 1743 1384 1781 tertio
1427 1744 1513 1782 libri

71 1802 168 1838 sexti
181 1799 258 1853 †),
289 1801 352 1839 ubi
383 1801 429 1839 de
459 1800 569 1839 dictis
598 1800 798 1838 Ciceronis
831 1801 882 1837 ita
912 1799 1064 1837 scribit:
1111 1800 1259 1836 Utinam
1291 1801 1449 1848 Qm'nlus
1477 1808 1515 1839 et

70 1856 229 1894 libertus
257 1858 336 1894 eins
369 1859 480 1902 Tiro,
524 1863 593 1894 aut
617 1858 714 1894 allus
743 1857 910 1906 quisquis
936 1854 1046 1906 ficit,
1093 1854 1162 1903 que·
1187 1860 1265 1891 tres
1293 1855 1366 1892 leae
1398 1856 1443 1892 de
1470 1869 1514 1893 re
1539 1862 1602 1892 482

72 1912 191 1949 libros
239 1913 357 1950 edidit
367 1939 381 1959 ,
424 1913 583 1962 parcius
626 1912 810 1949 dictorum
853 1923 1007 1948 numero
1051 1909 1305 1946 indulsetvsent.
1379 1909 1514 1960 Neque

72 1965 220 2003 dubium
265 1975 344 2013 est,
394 1968 479 2015 quin
518 1966 714 2017 legendum
757 1966 831 2012 sit,
878 1972 919 2003 ut
959 1965 996 2001 in
1035 1963 1248 2009 veteribus,
1295 1965 1515 2016 Ule‘uamque

72 2021 230 2060 libertus
266 2024 346 2060 eius
382 2024 484 2061 Τιίὀ.
543 2022 678 2072 Neque
716 2022 813 2058 enim
847 2021 963 2058 libros
1003 2019 1087 2057 illos
1126 2019 1316 2069 quisquam
1354 2033 1514 2071 unquam

71 2075 119 2114 ad
140 2077 190 2124 Q.
216 2075 438 2116 Ciceronem
467 2078 606 2115 retulit.
657 2076 774 2114 Paulo
800 2077 896 2114 infra
921 2088 1004 2113 eum
1035 2075 1155 2112 locum
1184 2074 1278 2112 haee
1307 2075 1343 2111 in
1375 2077 1517 2113 veteri-

72 2131 140 2169 bus
173 2132 279 2170 libris
316 2134 366 2170 ita
398 2133 571 2183 leguntur
586 2132 696 2184 ††)·
737 2132 872 2184 Affert
898 2138 1020 2168 autem
1056 2142 1233 2167 summam
1265 2132 1328 2167 νεῖ
1360 2131 1516 2180 dffezcl-

73 2194 210 2233 tatem,
245 2189 431 2238 primum,
475 2190 575 2239 quod
608 2189 808 2226 ridiculam
842 2188 979 2224 dietum
1012 2186 1235 2236 plermnque
1263 2185 1411 2236 salsum
1442 2194 1513 2233 est,

71 2256 217 2293 semper
245 2245 405 2290 lzzcmz'le,
447 2257 558 2294 saepe
588 2257 637 2281 ear:
665 2244 854 2281 mclustrm
884 2243 1142 2291 depravatum.
1204 2240 1381 2285 Falsum,
1424 2255 1513 2287 non,

73 2304 112 2334 ut
139 2299 264 2348 vulgo,
295 2301 459 2337 salsum.-
489 2312 607 2350 neque
637 2297 831 2349 quidquam
860 2298 1001 2341 verius,
1033 2309 1138 2346 quam
1169 2295 1245 2331 illie
1264 2296 1412 2344 salsum
1442 2297 1517 2346 legi

73 2359 271 2403 oportere3
313 2361 353 2391 ut
382 2360 420 2391 et
450 2354 537 2392 illud
570 2354 639 2391 hoc
670 2353 778 2391 modo
794 2352 935 2406 †††):
976 2353 1108 2401 Neque
1135 2350 1206 2387 lzoe
1237 2351 1283 2387 ab
1315 2352 1390 2388 ullo
1423 2354 1519 2390 satis

148 2456 193 2491 ³2³]
216 2457 381 2485 Turnebus
401 2457 441 2485 ad
462 2457 617 2491 Tneonhr.
637 2456 689 2484 lib.
706 2456 744 2483 de
760 2455 846 2483 odor.
864 2462 935 2489 pag.
952 2453 1002 2483 20.
1023 2453 1109 2481 1.38.
1133 2453 1212 2487 Opn.
1230 2454 1318 2481 Tom.
1339 2454 1377 2482 11.
1405 2455 1519 2483 FAEsn

149 2509 217 2576 ῗεεῖε)
239 2509 269 2537 in
290 2509 438 2543 Hippocr.
461 2509 564 2536 Gloss.
585 2507 617 2536 in
637 2516 667 2536 v.
690 2501 856 2545 ἁνθινόν,
885 2508 973 2534 Tum.
994 2506 1032 2534 V.
1054 2511 1124 2538 pag.
1146 2505 1218 2532 708.
1235 2506 1274 2533 A.
1297 2505 1344 2532 ed.
1366 2506 1442 2534 Bas.

189 2566 244 2600 ἑἦέ)
264 2567 296 2594 A
316 2558 404 2594 θυΐα
426 2563 538 2591 Graeci
558 2563 732 2592 formarunt
752 2556 899 2599 θύινος,
928 2560 1043 2589 Mureti
1065 2552 1188 2593 άύειος
1208 2560 1297 2588 nihili
1319 2563 1377 2590 est.

150 2581 196 2655 —l-‘j
217 2617 248 2651 5.
269 2616 526 2658 5.{!ina²›1que
545 2615 675 2643 libertus
695 2615 760 2642 eius
782 2615 856 2642 Tiro
885 2620 903 2641 a
925 2612 1112 2646 spaldingio
1142 2614 1311 2645 recemum.
1352 2612 1405 2640 Sic
1425 2612 1521 2642 etiam

76 2628 384 2723 ffliffiffffgqm
412 2659 512 2687 marg.
553 2652 767 2682 Cf.Mac1·.on
793 2652 986 2680 Saturn.11.
1015 2652 1044 2679 1.
1083 2651 1131 2678 De
1159 2650 1319 2678 contrario
1347 2657 1453 2679 errore
1481 2650 1521 2680 cs.

151 2739 224 2778 ᾖ]
245 2741 276 2774 5.
297 2740 327 2768 6.
367 2741 455 2768 Nune
480 2737 596 2773 falsum
623 2737 788 2774 (scribitur-3
810 2728 933 2766 'deinde
952 2736 1022 2764 hoc
1048 2742 1171 2770 semper
1198 2734 1323 2771 Izztmz'le;
1354 2741 1446 2768 saepe
1465 2736 1524 2764 est

76 2779 139 2808 ind.
161 2779 370 2812 depravatum.

94 2864 117 2893 t·
153 2824 254 2892 {ds-li)
276 2826 308 2862 5'.
329 2826 358 2855 7.
396 2827 485 2855 Nunc
503 2823 637 2861 legitur:
658 2824 764 2859 Neque
782 2823 881 2853 enim
900 2823 938 2852 ab
957 2822 1023 2853 ullo
1042 2842 1049 2851 .
1064 2844 1088 2852 ..
1109 2821 1164 2852 sed
1183 2820 1335 2850 interdum
1355 2821 1523 2856 quodam

77 2871 166 2893 (Mla-m
185 2870 222 2892 ce
237 2885 245 2892 .
