<?xml version="1.0" encoding="UTF-8"?>
<!DOCTYPE html PUBLIC "-//W3C//DTD XHTML 1.0 Transitional//EN"
    "http://www.w3.org/TR/xhtml1/DTD/xhtml1-transitional.dtd">
<html xmlns="http://www.w3.org/1999/xhtml" xml:lang="en" lang="en">
 <head>
  <title>
</title>
<meta http-equiv="Content-Type" content="text/html;charset=utf-8" />
  <meta name='ocr-system' content='tesseract 3.04.00' />
  <meta name='ocr-capabilities' content='ocr_page ocr_carea ocr_par ocr_line ocrx_word'/>
</head>
<body>
  <div class='ocr_page' id='page_1' title='image "./operaomniaexmssa03mureuoft/operaomniaexmssa03mureuoft_0316.png"; bbox 0 0 1726 3106; ppageno 0'>
   <div class='ocr_carea' id='block_1_1' title="bbox 146 2119 209 2150">
    <p class='ocr_par' dir='ltr' id='par_1_1' title="bbox 146 2119 209 2150">
     <span class='ocr_line' id='line_1_1' title="bbox 146 2119 209 2150; baseline 0 0"><span class='ocrx_word' id='word_1_1' title='bbox 146 2119 209 2150; x_wconf 82' lang='lat'>246</span> 
     </span>
    </p>
   </div>
   <div class='ocr_carea' id='block_1_2' title="bbox 235 149 1111 192">
    <p class='ocr_par' dir='ltr' id='par_1_2' title="bbox 235 149 1111 192">
     <span class='ocr_line' id='line_1_2' title="bbox 235 149 1111 192; baseline -0.002 0"><span class='ocrx_word' id='word_1_2' title='bbox 235 149 318 192; x_wconf 83' lang='lat'>234</span> <span class='ocrx_word' id='word_1_3' title='bbox 800 150 926 189; x_wconf 81' lang='lat' dir='ltr'>VAR.</span> <span class='ocrx_word' id='word_1_4' title='bbox 957 150 1111 191; x_wconf 86' lang='lat' dir='ltr'>LECT.</span> 
     </span>
    </p>
   </div>
   <div class='ocr_carea' id='block_1_3' title="bbox 231 258 1686 1532">
    <p class='ocr_par' dir='ltr' id='par_1_3' title="bbox 231 258 1686 1532">
     <span class='ocr_line' id='line_1_3' title="bbox 235 258 1678 314; baseline 0.003 -16"><span class='ocrx_word' id='word_1_5' title='bbox 235 260 335 307; x_wconf 73' lang='lat' dir='ltr'>fine,</span> <span class='ocrx_word' id='word_1_6' title='bbox 375 261 461 313; x_wconf 87' lang='lat' dir='ltr'>qui,</span> <span class='ocrx_word' id='word_1_7' title='bbox 497 266 536 299; x_wconf 90' lang='lat' dir='ltr'>ut</span> <span class='ocrx_word' id='word_1_8' title='bbox 564 261 615 298; x_wconf 83' lang='lat' dir='ltr'>ait</span> <span class='ocrx_word' id='word_1_9' title='bbox 640 259 869 299; x_wconf 87' lang='lat' dir='ltr'>Aristoteles</span> <span class='ocrx_word' id='word_1_10' title='bbox 883 258 954 313; x_wconf 57' lang='lat'>³³²²),</span> <span class='ocrx_word' id='word_1_11' title='bbox 998 262 1118 299; x_wconf 89' lang='lat' dir='ltr'>omnis</span> <span class='ocrx_word' id='word_1_12' title='bbox 1149 263 1306 301; x_wconf 84' lang='lat' dir='ltr'>actionis</span> <span class='ocrx_word' id='word_1_13' title='bbox 1347 263 1564 314; x_wconf 86' lang='lat' dir='ltr'>principium</span> <span class='ocrx_word' id='word_1_14' title='bbox 1603 271 1678 310; x_wconf 90' lang='lat' dir='ltr'>est,</span> 
     </span>
     <span class='ocr_line' id='line_1_4' title="bbox 235 317 1681 367; baseline 0.003 -14"><span class='ocrx_word' id='word_1_15' title='bbox 235 323 339 354; x_wconf 81' lang='lat' dir='ltr'>retro</span> <span class='ocrx_word' id='word_1_16' title='bbox 370 329 500 354; x_wconf 88' lang='lat' dir='ltr'>versus</span> <span class='ocrx_word' id='word_1_17' title='bbox 532 329 731 354; x_wconf 88' lang='lat' dir='ltr'>numerare</span> <span class='ocrx_word' id='word_1_18' title='bbox 760 317 940 367; x_wconf 81' lang='lat' dir='ltr'>incipiat,</span> <span class='ocrx_word' id='word_1_19' title='bbox 991 317 1119 355; x_wconf 82' lang='lat' dir='ltr'>eadem</span> <span class='ocrx_word' id='word_1_20' title='bbox 1152 319 1310 356; x_wconf 79' lang='lat' dir='ltr'>eflicitur</span> <span class='ocrx_word' id='word_1_21' title='bbox 1339 326 1529 356; x_wconf 78' lang='lat' dir='ltr'>extrema:</span> <span class='ocrx_word' id='word_1_22' title='bbox 1573 327 1611 356; x_wconf 91' lang='lat' dir='ltr'>ut</span> <span class='ocrx_word' id='word_1_23' title='bbox 1640 319 1681 358; x_wconf 83' lang='grc' dir='ltr'>ἐν</span> 
     </span>
     <span class='ocr_line' id='line_1_5' title="bbox 236 368 1685 425; baseline 0.001 -15"><span class='ocrx_word' id='word_1_24' title='bbox 236 368 418 410; x_wconf 78' lang='grc' dir='ltr'><em>ἆναλύσει</em></span> <span class='ocrx_word' id='word_1_25' title='bbox 438 368 721 424; x_wconf 79' lang='grc' dir='ltr'><em>διαγράμματος</em></span> <span class='ocrx_word' id='word_1_26' title='bbox 750 379 915 412; x_wconf 76' lang='lat' dir='ltr'>extrema</span> <span class='ocrx_word' id='word_1_27' title='bbox 939 379 1037 417; x_wconf 89' lang='lat' dir='ltr'>sunt,</span> <span class='ocrx_word' id='word_1_28' title='bbox 1063 386 1157 423; x_wconf 90' lang='lat' dir='ltr'>quae</span> <span class='ocrx_word' id='word_1_29' title='bbox 1187 375 1222 410; x_wconf 92' lang='lat' dir='ltr'>in</span> <span class='ocrx_word' id='word_1_30' title='bbox 1250 374 1505 425; x_wconf 87' lang='lat' dir='ltr'>componendo</span> <span class='ocrx_word' id='word_1_31' title='bbox 1536 376 1685 412; x_wconf 81' lang='lat' dir='ltr'>fuerant</span> 
     </span>
     <span class='ocr_line' id='line_1_6' title="bbox 235 427 1679 478; baseline 0.003 -15"><span class='ocrx_word' id='word_1_32' title='bbox 235 429 376 478; x_wconf 84' lang='lat' dir='ltr'>prima:</span> <span class='ocrx_word' id='word_1_33' title='bbox 431 434 469 464; x_wconf 90' lang='lat' dir='ltr'>et</span> <span class='ocrx_word' id='word_1_34' title='bbox 509 434 549 464; x_wconf 84' lang='lat' dir='ltr'>ut</span> <span class='ocrx_word' id='word_1_35' title='bbox 587 427 682 478; x_wconf 84' lang='lat' dir='ltr'>quod</span> <span class='ocrx_word' id='word_1_36' title='bbox 720 428 755 464; x_wconf 93' lang='lat' dir='ltr'>in</span> <span class='ocrx_word' id='word_1_37' title='bbox 795 427 1038 465; x_wconf 80' lang='lat' dir='ltr'>deliberando</span> <span class='ocrx_word' id='word_1_38' title='bbox 1080 429 1241 466; x_wconf 82' lang='lat' dir='ltr'>ultimum</span> <span class='ocrx_word' id='word_1_39' title='bbox 1273 437 1352 475; x_wconf 82' lang='lat' dir='ltr'>est,</span> <span class='ocrx_word' id='word_1_40' title='bbox 1403 429 1499 467; x_wconf 88' lang='lat' dir='ltr'>idem</span> <span class='ocrx_word' id='word_1_41' title='bbox 1540 431 1577 467; x_wconf 92' lang='lat' dir='ltr'>in</span> <span class='ocrx_word' id='word_1_42' title='bbox 1617 443 1679 467; x_wconf 85' lang='lat' dir='ltr'>cx·</span> 
     </span>
     <span class='ocr_line' id='line_1_7' title="bbox 236 480 1678 534; baseline 0.003 -16"><span class='ocrx_word' id='word_1_43' title='bbox 236 480 427 532; x_wconf 86' lang='lat' dir='ltr'>sequendo</span> <span class='ocrx_word' id='word_1_44' title='bbox 466 482 621 520; x_wconf 82' lang='lat' dir='ltr'>consilio</span> <span class='ocrx_word' id='word_1_45' title='bbox 663 484 818 534; x_wconf 88' lang='lat' dir='ltr'>primum</span> <span class='ocrx_word' id='word_1_46' title='bbox 865 490 935 521; x_wconf 91' lang='lat' dir='ltr'>est.</span> <span class='ocrx_word' id='word_1_47' title='bbox 1006 483 1059 521; x_wconf 89' lang='lat' dir='ltr'>Ut</span> <span class='ocrx_word' id='word_1_48' title='bbox 1097 485 1196 521; x_wconf 80' lang='lat' dir='ltr'>nuilo</span> <span class='ocrx_word' id='word_1_49' title='bbox 1237 484 1343 522; x_wconf 90' lang='lat' dir='ltr'>modo</span> <span class='ocrx_word' id='word_1_50' title='bbox 1382 484 1579 522; x_wconf 84' lang='lat' dir='ltr'>absurdum</span> <span class='ocrx_word' id='word_1_51' title='bbox 1617 485 1678 530; x_wconf 88' lang='lat' dir='ltr'>sit,</span> 
     </span>
     <span class='ocr_line' id='line_1_8' title="bbox 234 537 1680 587; baseline 0.002 -13"><span class='ocrx_word' id='word_1_52' title='bbox 234 537 331 574; x_wconf 87' lang='lat' dir='ltr'>idem</span> <span class='ocrx_word' id='word_1_53' title='bbox 364 538 519 587; x_wconf 84' lang='lat' dir='ltr'>primum</span> <span class='ocrx_word' id='word_1_54' title='bbox 550 545 587 575; x_wconf 88' lang='lat' dir='ltr'>et</span> <span class='ocrx_word' id='word_1_55' title='bbox 610 545 814 576; x_wconf 85' lang='lat' dir='ltr'>extremum</span> <span class='ocrx_word' id='word_1_56' title='bbox 840 539 1039 576; x_wconf 86' lang='lat' dir='ltr'>nominari.</span> <span class='ocrx_word' id='word_1_57' title='bbox 1084 538 1296 577; x_wconf 78' lang='lat' dir='ltr'>Hadrianus</span> <span class='ocrx_word' id='word_1_58' title='bbox 1322 548 1442 577; x_wconf 83' lang='lat' dir='ltr'>tamen</span> <span class='ocrx_word' id='word_1_59' title='bbox 1463 539 1680 585; x_wconf 72' lang='lat' dir='ltr'>Turnebus,</span> 
     </span>
     <span class='ocr_line' id='line_1_9' title="bbox 236 593 1682 645; baseline 0.002 -16"><span class='ocrx_word' id='word_1_60' title='bbox 236 593 346 630; x_wconf 87' lang='lat' dir='ltr'>homo</span> <span class='ocrx_word' id='word_1_61' title='bbox 376 594 558 630; x_wconf 84' lang='lat' dir='ltr'>immensa</span> <span class='ocrx_word' id='word_1_62' title='bbox 588 593 743 645; x_wconf 82' lang='lat' dir='ltr'>quadam</span> <span class='ocrx_word' id='word_1_63' title='bbox 773 594 966 631; x_wconf 86' lang='lat' dir='ltr'>doctrinae</span> <span class='ocrx_word' id='word_1_64' title='bbox 997 595 1102 644; x_wconf 80' lang='lat' dir='ltr'>copia</span> <span class='ocrx_word' id='word_1_65' title='bbox 1136 595 1363 641; x_wconf 87' lang='lat' dir='ltr'>instructus,</span> <span class='ocrx_word' id='word_1_66' title='bbox 1400 595 1466 632; x_wconf 86' lang='lat' dir='ltr'>sed</span> <span class='ocrx_word' id='word_1_67' title='bbox 1497 595 1682 633; x_wconf 82' lang='lat' dir='ltr'>interdum</span> 
     </span>
     <span class='ocr_line' id='line_1_10' title="bbox 234 649 1682 701; baseline 0.001 -16"><span class='ocrx_word' id='word_1_68' title='bbox 234 649 344 685; x_wconf 84' lang='lat' dir='ltr'>nimis</span> <span class='ocrx_word' id='word_1_69' title='bbox 376 662 534 699; x_wconf 79' lang='lat' dir='ltr'>propere</span> <span class='ocrx_word' id='word_1_70' title='bbox 562 656 599 686; x_wconf 90' lang='lat' dir='ltr'>et</span> <span class='ocrx_word' id='word_1_71' title='bbox 629 650 737 686; x_wconf 87' lang='lat' dir='ltr'>nimis</span> <span class='ocrx_word' id='word_1_72' title='bbox 769 649 903 700; x_wconf 88' lang='lat' dir='ltr'>cupide</span> <span class='ocrx_word' id='word_1_73' title='bbox 931 650 1134 700; x_wconf 75' lang='lat' dir='ltr'>amplexari</span> <span class='ocrx_word' id='word_1_74' title='bbox 1165 651 1294 687; x_wconf 83' lang='lat' dir='ltr'>solitus</span> <span class='ocrx_word' id='word_1_75' title='bbox 1322 663 1388 695; x_wconf 88' lang='lat' dir='ltr'>ea,</span> <span class='ocrx_word' id='word_1_76' title='bbox 1422 664 1515 701; x_wconf 88' lang='lat' dir='ltr'>quae</span> <span class='ocrx_word' id='word_1_77' title='bbox 1545 651 1615 688; x_wconf 90' lang='lat' dir='ltr'>sibi</span> <span class='ocrx_word' id='word_1_78' title='bbox 1646 652 1682 687; x_wconf 90' lang='lat' dir='ltr'>in</span> 
     </span>
     <span class='ocr_line' id='line_1_11' title="bbox 235 704 1684 755; baseline 0.003 -15"><span class='ocrx_word' id='word_1_79' title='bbox 235 711 396 741; x_wconf 89' lang='lat' dir='ltr'>mentem</span> <span class='ocrx_word' id='word_1_80' title='bbox 422 713 627 751; x_wconf 80' lang='lat' dir='ltr'>vem-rant,</span> <span class='ocrx_word' id='word_1_81' title='bbox 669 705 791 755; x_wconf 80' lang='lat' dir='ltr'>capite</span> <span class='ocrx_word' id='word_1_82' title='bbox 823 705 968 742; x_wconf 87' lang='lat' dir='ltr'>decimo</span> <span class='ocrx_word' id='word_1_83' title='bbox 1008 705 1092 742; x_wconf 87' lang='lat' dir='ltr'>libri</span> <span class='ocrx_word' id='word_1_84' title='bbox 1131 704 1340 743; x_wconf 83' lang='lat' dir='ltr'>duodecimi</span> <span class='ocrx_word' id='word_1_85' title='bbox 1367 706 1684 744; x_wconf 85' lang='lat' dir='ltr'>Adversariorum</span> 
     </span>
     <span class='ocr_line' id='line_1_12' title="bbox 234 759 1682 812; baseline 0.001 -16"><span class='ocrx_word' id='word_1_86' title='bbox 234 759 347 808; x_wconf 86' lang='lat' dir='ltr'>longe</span> <span class='ocrx_word' id='word_1_87' title='bbox 373 760 481 796; x_wconf 75' lang='lat' dir='ltr'>aliam</span> <span class='ocrx_word' id='word_1_88' title='bbox 513 761 621 797; x_wconf 89' lang='lat' dir='ltr'>huius</span> <span class='ocrx_word' id='word_1_89' title='bbox 651 759 738 797; x_wconf 86' lang='lat' dir='ltr'>dicti</span> <span class='ocrx_word' id='word_1_90' title='bbox 765 761 1109 811; x_wconf 77' lang='lat' dir='ltr'>interpretationem</span> <span class='ocrx_word' id='word_1_91' title='bbox 1144 761 1324 811; x_wconf 76' lang='lat' dir='ltr'>prodidit:</span> <span class='ocrx_word' id='word_1_92' title='bbox 1355 766 1514 807; x_wconf 83' lang='lat' dir='ltr'>Amare,</span> <span class='ocrx_word' id='word_1_93' title='bbox 1547 763 1682 812; x_wconf 87' lang='lat' dir='ltr'>inquit,</span> 
     </span>
     <span class='ocr_line' id='line_1_13' title="bbox 234 816 1684 866; baseline 0.001 -14"><span class='ocrx_word' id='word_1_94' title='bbox 234 822 407 853; x_wconf 75' lang='lat' dir='ltr'>eoelrema</span> <span class='ocrx_word' id='word_1_95' title='bbox 438 816 538 853; x_wconf 76' lang='lat' dir='ltr'>linea</span> <span class='ocrx_word' id='word_1_96' title='bbox 568 823 626 854; x_wconf 81' lang='lat' dir='ltr'>est</span> <span class='ocrx_word' id='word_1_97' title='bbox 654 828 784 853; x_wconf 81' lang='lat' dir='ltr'>amare</span> <span class='ocrx_word' id='word_1_98' title='bbox 809 817 1088 866; x_wconf 74' lang='lat' dir='ltr'>impensissime,</span> <span class='ocrx_word' id='word_1_99' title='bbox 1121 817 1234 854; x_wconf 77' lang='lat' dir='ltr'>dueta</span> <span class='ocrx_word' id='word_1_100' title='bbox 1262 819 1511 855; x_wconf 79' lang='lat' dir='ltr'>translatione</span> <span class='ocrx_word' id='word_1_101' title='bbox 1539 830 1563 855; x_wconf 80' lang='lat' dir='ltr'>a</span> <span class='ocrx_word' id='word_1_102' title='bbox 1597 829 1684 854; x_wconf 81' lang='lat' dir='ltr'>em·-</span> 
     </span>
     <span class='ocr_line' id='line_1_14' title="bbox 233 871 1683 922; baseline 0.001 -15"><span class='ocrx_word' id='word_1_103' title='bbox 233 872 366 908; x_wconf 78' lang='lat' dir='ltr'>riculis</span> <span class='ocrx_word' id='word_1_104' title='bbox 395 871 456 908; x_wconf 81' lang='lat' dir='ltr'>vel</span> <span class='ocrx_word' id='word_1_105' title='bbox 481 872 638 918; x_wconf 57' lang='lat' dir='ltr'>stadiae,</span> <span class='ocrx_word' id='word_1_106' title='bbox 681 872 718 908; x_wconf 76' lang='lat' dir='ltr'>ia</span> <span class='ocrx_word' id='word_1_107' title='bbox 749 871 882 921; x_wconf 75' lang='lat' dir='ltr'>quibus</span> <span class='ocrx_word' id='word_1_108' title='bbox 906 873 1031 922; x_wconf 78' lang='lat' dir='ltr'>prima</span> <span class='ocrx_word' id='word_1_109' title='bbox 1063 873 1161 909; x_wconf 66' lang='lat' dir='ltr'>linea</span> <span class='ocrx_word' id='word_1_110' title='bbox 1193 885 1326 910; x_wconf 78' lang='lat' dir='ltr'>cursus</span> <span class='ocrx_word' id='word_1_111' title='bbox 1370 879 1456 910; x_wconf 80' lang='lat' dir='ltr'>erat</span> <span class='ocrx_word' id='word_1_112' title='bbox 1483 874 1520 909; x_wconf 81' lang='lat' dir='ltr'>in</span> <span class='ocrx_word' id='word_1_113' title='bbox 1553 885 1683 910; x_wconf 79' lang='lat' dir='ltr'>earce-</span> 
     </span>
     <span class='ocr_line' id='line_1_15' title="bbox 233 925 1684 978; baseline 0 -15"><span class='ocrx_word' id='word_1_114' title='bbox 233 925 357 971; x_wconf 73' lang='lat' dir='ltr'>ribus,</span> <span class='ocrx_word' id='word_1_115' title='bbox 388 927 518 964; x_wconf 77' lang='lat' dir='ltr'>ultima</span> <span class='ocrx_word' id='word_1_116' title='bbox 549 928 587 964; x_wconf 83' lang='lat' dir='ltr'>in</span> <span class='ocrx_word' id='word_1_117' title='bbox 603 927 703 977; x_wconf 87' lang='lat' dir='ltr'>fine,</span> <span class='ocrx_word' id='word_1_118' title='bbox 737 939 832 977; x_wconf 73' lang='lat' dir='ltr'>quae</span> <span class='ocrx_word' id='word_1_119' title='bbox 859 933 897 964; x_wconf 81' lang='lat' dir='ltr'>el</span> <span class='ocrx_word' id='word_1_120' title='bbox 926 928 1015 964; x_wconf 68' lang='lat' dir='ltr'>cah·</span> <span class='ocrx_word' id='word_1_121' title='bbox 1044 928 1256 973; x_wconf 75' lang='lat' dir='ltr'>dicebatur,</span> <span class='ocrx_word' id='word_1_122' title='bbox 1281 928 1381 978; x_wconf 77' lang='lat' dir='ltr'>quod</span> <span class='ocrx_word' id='word_1_123' title='bbox 1408 929 1555 965; x_wconf 82' lang='lat' dir='ltr'>scilicet</span> <span class='ocrx_word' id='word_1_124' title='bbox 1581 928 1684 965; x_wconf 84' lang='lat' dir='ltr'>calce</span> 
     </span>
     <span class='ocr_line' id='line_1_16' title="bbox 231 981 1683 1033; baseline 0.001 -15"><span class='ocrx_word' id='word_1_125' title='bbox 231 982 297 1019; x_wconf 79' lang='lat' dir='ltr'>vel</span> <span class='ocrx_word' id='word_1_126' title='bbox 329 989 434 1019; x_wconf 80' lang='lat' dir='ltr'>creta</span> <span class='ocrx_word' id='word_1_127' title='bbox 472 988 688 1019; x_wconf 75' lang='lat' dir='ltr'>notaretur.</span> <span class='ocrx_word' id='word_1_128' title='bbox 749 982 856 1019; x_wconf 78' lang='lat' dir='ltr'>Haec</span> <span class='ocrx_word' id='word_1_129' title='bbox 885 981 1110 1019; x_wconf 82' lang='lat' dir='ltr'>Turnebus:</span> <span class='ocrx_word' id='word_1_130' title='bbox 1153 995 1246 1033; x_wconf 86' lang='lat' dir='ltr'>quae</span> <span class='ocrx_word' id='word_1_131' title='bbox 1283 990 1431 1028; x_wconf 90' lang='lat' dir='ltr'>tamen,</span> <span class='ocrx_word' id='word_1_132' title='bbox 1474 981 1570 1032; x_wconf 91' lang='lat' dir='ltr'>quod</span> <span class='ocrx_word' id='word_1_133' title='bbox 1602 983 1683 1019; x_wconf 90' lang='lat' dir='ltr'>sine</span> 
     </span>
     <span class='ocr_line' id='line_1_17' title="bbox 233 1036 1683 1089; baseline 0.001 -16"><span class='ocrx_word' id='word_1_134' title='bbox 233 1036 308 1073; x_wconf 84' lang='lat' dir='ltr'>ulia</span> <span class='ocrx_word' id='word_1_135' title='bbox 336 1037 562 1074; x_wconf 84' lang='lat' dir='ltr'>contumelia</span> <span class='ocrx_word' id='word_1_136' title='bbox 589 1037 728 1075; x_wconf 88' lang='lat' dir='ltr'>dictum</span> <span class='ocrx_word' id='word_1_137' title='bbox 760 1037 880 1088; x_wconf 81' lang='lat' dir='ltr'>accipi</span> <span class='ocrx_word' id='word_1_138' title='bbox 910 1038 992 1075; x_wconf 80' lang='lat' dir='ltr'>volo</span> <span class='ocrx_word' id='word_1_139' title='bbox 1025 1037 1262 1089; x_wconf 88' lang='lat' dir='ltr'>(Turnebum</span> <span class='ocrx_word' id='word_1_140' title='bbox 1294 1038 1391 1075; x_wconf 88' lang='lat' dir='ltr'>enim</span> <span class='ocrx_word' id='word_1_141' title='bbox 1423 1044 1459 1075; x_wconf 88' lang='lat' dir='ltr'>et</span> <span class='ocrx_word' id='word_1_142' title='bbox 1489 1038 1609 1075; x_wconf 81' lang='lat' dir='ltr'>amavi</span> <span class='ocrx_word' id='word_1_143' title='bbox 1639 1050 1683 1075; x_wconf 88' lang='lat' dir='ltr'>ac</span> 
     </span>
     <span class='ocr_line' id='line_1_18' title="bbox 233 1092 1686 1145; baseline 0 -16"><span class='ocrx_word' id='word_1_144' title='bbox 233 1092 332 1129; x_wconf 86' lang='lat' dir='ltr'>colui</span> <span class='ocrx_word' id='word_1_145' title='bbox 363 1093 507 1139; x_wconf 87' lang='lat' dir='ltr'>vivum,</span> <span class='ocrx_word' id='word_1_146' title='bbox 549 1099 587 1130; x_wconf 86' lang='lat' dir='ltr'>et</span> <span class='ocrx_word' id='word_1_147' title='bbox 615 1107 672 1130; x_wconf 88' lang='lat' dir='ltr'>me</span> <span class='ocrx_word' id='word_1_148' title='bbox 704 1106 854 1144; x_wconf 86' lang='lat' dir='ltr'>semper</span> <span class='ocrx_word' id='word_1_149' title='bbox 882 1093 927 1130; x_wconf 89' lang='lat' dir='ltr'>ab</span> <span class='ocrx_word' id='word_1_150' title='bbox 959 1107 1005 1131; x_wconf 92' lang='lat' dir='ltr'>eo</span> <span class='ocrx_word' id='word_1_151' title='bbox 1036 1094 1152 1130; x_wconf 86' lang='lat' dir='ltr'>amari</span> <span class='ocrx_word' id='word_1_152' title='bbox 1195 1094 1344 1145; x_wconf 88' lang='lat' dir='ltr'>sensi),</span> <span class='ocrx_word' id='word_1_153' title='bbox 1393 1093 1481 1130; x_wconf 87' lang='lat' dir='ltr'>mihi</span> <span class='ocrx_word' id='word_1_154' title='bbox 1511 1092 1686 1130; x_wconf 89' lang='lat' dir='ltr'>videntur</span> 
     </span>
     <span class='ocr_line' id='line_1_19' title="bbox 234 1148 1684 1199; baseline 0.001 -15"><span class='ocrx_word' id='word_1_155' title='bbox 234 1148 467 1185; x_wconf 84' lang='lat' dir='ltr'>alienissima</span> <span class='ocrx_word' id='word_1_156' title='bbox 501 1161 612 1194; x_wconf 88' lang='lat' dir='ltr'>esse,</span> <span class='ocrx_word' id='word_1_157' title='bbox 662 1161 783 1199; x_wconf 87' lang='lat' dir='ltr'>neque</span> <span class='ocrx_word' id='word_1_158' title='bbox 826 1148 898 1185; x_wconf 83' lang='lat' dir='ltr'>uilo</span> <span class='ocrx_word' id='word_1_159' title='bbox 937 1149 1044 1186; x_wconf 90' lang='lat' dir='ltr'>modo</span> <span class='ocrx_word' id='word_1_160' title='bbox 1087 1162 1169 1186; x_wconf 87' lang='lat' dir='ltr'>cum</span> <span class='ocrx_word' id='word_1_161' title='bbox 1208 1150 1279 1195; x_wconf 89' lang='lat' dir='ltr'>iis,</span> <span class='ocrx_word' id='word_1_162' title='bbox 1321 1161 1415 1199; x_wconf 86' lang='lat' dir='ltr'>quae</span> <span class='ocrx_word' id='word_1_163' title='bbox 1454 1149 1563 1198; x_wconf 77' lang='lat' dir='ltr'>paulo</span> <span class='ocrx_word' id='word_1_164' title='bbox 1599 1154 1684 1185; x_wconf 85' lang='lat' dir='ltr'>ante</span> 
     </span>
     <span class='ocr_line' id='line_1_20' title="bbox 234 1202 1684 1255; baseline 0 -15"><span class='ocrx_word' id='word_1_165' title='bbox 234 1202 425 1240; x_wconf 84' lang='lat' dir='ltr'>Phaedria</span> <span class='ocrx_word' id='word_1_166' title='bbox 454 1202 627 1249; x_wconf 84' lang='lat' dir='ltr'>dixerat,</span> <span class='ocrx_word' id='word_1_167' title='bbox 657 1205 879 1241; x_wconf 85' lang='lat' dir='ltr'>cohaerere.</span> <span class='ocrx_word' id='word_1_168' title='bbox 942 1204 1042 1252; x_wconf 83' lang='lat' dir='ltr'>Quid</span> <span class='ocrx_word' id='word_1_169' title='bbox 1074 1206 1172 1242; x_wconf 90' lang='lat' dir='ltr'>enim</span> <span class='ocrx_word' id='word_1_170' title='bbox 1206 1204 1379 1255; x_wconf 86' lang='lat' dir='ltr'>frigidius</span> <span class='ocrx_word' id='word_1_171' title='bbox 1411 1210 1469 1240; x_wconf 85' lang='lat' dir='ltr'>est</span> <span class='ocrx_word' id='word_1_172' title='bbox 1500 1204 1567 1241; x_wconf 89' lang='lat' dir='ltr'>hac</span> <span class='ocrx_word' id='word_1_173' title='bbox 1598 1216 1684 1240; x_wconf 87' lang='lat' dir='ltr'>sen-</span> 
     </span>
     <span class='ocr_line' id='line_1_21' title="bbox 234 1257 1686 1310; baseline 0 -15"><span class='ocrx_word' id='word_1_174' title='bbox 234 1259 377 1295; x_wconf 87' lang='lat' dir='ltr'>tentia:</span> <span class='ocrx_word' id='word_1_175' title='bbox 411 1257 528 1297; x_wconf 88' lang='lat' dir='ltr'>Certe</span> <span class='ocrx_word' id='word_1_176' title='bbox 549 1260 822 1310; x_wconf 86' lang='lat' dir='ltr'>impensissime</span> <span class='ocrx_word' id='word_1_177' title='bbox 848 1273 973 1297; x_wconf 85' lang='lat' dir='ltr'>amare</span> <span class='ocrx_word' id='word_1_178' title='bbox 998 1259 1092 1297; x_wconf 90' lang='lat' dir='ltr'>haud</span> <span class='ocrx_word' id='word_1_179' title='bbox 1125 1259 1213 1297; x_wconf 88' lang='lat' dir='ltr'>nihil</span> <span class='ocrx_word' id='word_1_180' title='bbox 1245 1267 1314 1297; x_wconf 88' lang='lat' dir='ltr'>est.</span> <span class='ocrx_word' id='word_1_181' title='bbox 1368 1259 1421 1296; x_wconf 89' lang='lat' dir='ltr'>At</span> <span class='ocrx_word' id='word_1_182' title='bbox 1446 1258 1534 1296; x_wconf 84' lang='lat' dir='ltr'>iliud</span> <span class='ocrx_word' id='word_1_183' title='bbox 1555 1266 1686 1296; x_wconf 85' lang='lat' dir='ltr'>contra</span> 
     </span>
     <span class='ocr_line' id='line_1_22' title="bbox 235 1314 1684 1365; baseline -0.001 -14"><span class='ocrx_word' id='word_1_184' title='bbox 235 1314 581 1363; x_wconf 77' lang='lat' dir='ltr'>elegantissimum:</span> <span class='ocrx_word' id='word_1_185' title='bbox 614 1314 657 1352; x_wconf 85' lang='lat' dir='ltr'>Si</span> <span class='ocrx_word' id='word_1_186' title='bbox 687 1315 775 1351; x_wconf 83' lang='lat' dir='ltr'>nihil</span> <span class='ocrx_word' id='word_1_187' title='bbox 805 1314 903 1351; x_wconf 75' lang='lat' dir='ltr'>aliud</span> <span class='ocrx_word' id='word_1_188' title='bbox 932 1316 1109 1365; x_wconf 88' lang='lat' dir='ltr'>consequi</span> <span class='ocrx_word' id='word_1_189' title='bbox 1142 1315 1212 1352; x_wconf 90' lang='lat' dir='ltr'>hoc</span> <span class='ocrx_word' id='word_1_190' title='bbox 1242 1314 1352 1352; x_wconf 85' lang='lat' dir='ltr'>biduo</span> <span class='ocrx_word' id='word_1_191' title='bbox 1386 1326 1552 1364; x_wconf 89' lang='lat' dir='ltr'>possum,</span> <span class='ocrx_word' id='word_1_192' title='bbox 1579 1321 1684 1351; x_wconf 83' lang='lat' dir='ltr'>certe</span> 
     </span>
     <span class='ocr_line' id='line_1_23' title="bbox 236 1369 1684 1421; baseline 0.001 -16"><span class='ocrx_word' id='word_1_193' title='bbox 236 1376 360 1407; x_wconf 84' lang='lat' dir='ltr'>tamen</span> <span class='ocrx_word' id='word_1_194' title='bbox 403 1369 539 1421; x_wconf 82' lang='lat' dir='ltr'>aliquid</span> <span class='ocrx_word' id='word_1_195' title='bbox 578 1370 674 1418; x_wconf 86' lang='lat' dir='ltr'>erit,</span> <span class='ocrx_word' id='word_1_196' title='bbox 712 1371 866 1407; x_wconf 80' lang='lat' dir='ltr'>amicam</span> <span class='ocrx_word' id='word_1_197' title='bbox 896 1369 1040 1407; x_wconf 84' lang='lat' dir='ltr'>videre.</span> <span class='ocrx_word' id='word_1_198' title='bbox 1103 1369 1231 1417; x_wconf 81' lang='lat' dir='ltr'>Quare</span> <span class='ocrx_word' id='word_1_199' title='bbox 1269 1372 1329 1421; x_wconf 86' lang='lat' dir='ltr'>qui</span> <span class='ocrx_word' id='word_1_200' title='bbox 1372 1369 1460 1407; x_wconf 90' lang='lat' dir='ltr'>mihi</span> <span class='ocrx_word' id='word_1_201' title='bbox 1496 1369 1684 1406; x_wconf 78' lang='lat' dir='ltr'>ausculta-</span> 
     </span>
     <span class='ocr_line' id='line_1_24' title="bbox 235 1424 1684 1475; baseline 0 -14"><span class='ocrx_word' id='word_1_202' title='bbox 235 1424 348 1471; x_wconf 85' lang='lat' dir='ltr'>bunt,</span> <span class='ocrx_word' id='word_1_203' title='bbox 392 1432 556 1462; x_wconf 85' lang='lat' dir='ltr'>veterem</span> <span class='ocrx_word' id='word_1_204' title='bbox 590 1426 934 1475; x_wconf 76' lang='lat' dir='ltr'>interpretationem</span> <span class='ocrx_word' id='word_1_205' title='bbox 966 1425 1159 1462; x_wconf 84' lang='lat' dir='ltr'>tenebunt.</span> <span class='ocrx_word' id='word_1_206' title='bbox 1225 1425 1365 1463; x_wconf 86' lang='lat' dir='ltr'>Eodem</span> <span class='ocrx_word' id='word_1_207' title='bbox 1402 1425 1464 1461; x_wconf 82' lang='lat' dir='ltr'>iilo</span> <span class='ocrx_word' id='word_1_208' title='bbox 1496 1426 1531 1461; x_wconf 90' lang='lat' dir='ltr'>in</span> <span class='ocrx_word' id='word_1_209' title='bbox 1563 1425 1684 1474; x_wconf 83' lang='lat' dir='ltr'>capite</span> 
     </span>
     <span class='ocr_line' id='line_1_25' title="bbox 236 1479 1681 1532; baseline 0 -16"><span class='ocrx_word' id='word_1_210' title='bbox 236 1479 408 1518; x_wconf 88' lang='lat' dir='ltr'>emendat</span> <span class='ocrx_word' id='word_1_211' title='bbox 436 1481 555 1518; x_wconf 91' lang='lat' dir='ltr'>locum</span> <span class='ocrx_word' id='word_1_212' title='bbox 586 1480 767 1531; x_wconf 89' lang='lat' dir='ltr'>quendam</span> <span class='ocrx_word' id='word_1_213' title='bbox 799 1493 846 1518; x_wconf 87' lang='lat' dir='ltr'>ex</span> <span class='ocrx_word' id='word_1_214' title='bbox 866 1480 995 1517; x_wconf 86' lang='lat' dir='ltr'>eadem</span> <span class='ocrx_word' id='word_1_215' title='bbox 1024 1481 1148 1517; x_wconf 86' lang='lat' dir='ltr'>fabula</span> <span class='ocrx_word' id='word_1_216' title='bbox 1163 1479 1260 1532; x_wconf 35' lang='grc' dir='ltr'>ἢ),</span> <span class='ocrx_word' id='word_1_217' title='bbox 1292 1481 1354 1518; x_wconf 90' lang='lat' dir='ltr'>ubi</span> <span class='ocrx_word' id='word_1_218' title='bbox 1379 1482 1431 1518; x_wconf 86' lang='lat' dir='ltr'>ait</span> <span class='ocrx_word' id='word_1_219' title='bbox 1455 1480 1565 1531; x_wconf 80' lang='lat' dir='ltr'>vulgo</span> <span class='ocrx_word' id='word_1_220' title='bbox 1589 1479 1681 1530; x_wconf 86' lang='lat' dir='ltr'>legi,</span> 
     </span>
    </p>
   </div>
   <div class='ocr_carea' id='block_1_4' title="bbox 404 1557 1422 1663">
    <p class='ocr_par' dir='ltr' id='par_1_4' title="bbox 404 1557 1422 1663">
     <span class='ocr_line' id='line_1_26' title="bbox 404 1557 1422 1607; baseline 0 -13"><span class='ocrx_word' id='word_1_221' title='bbox 404 1585 413 1594; x_wconf 92' lang='lat'>.</span> <span class='ocrx_word' id='word_1_222' title='bbox 450 1586 459 1596; x_wconf 95' lang='lat'>.</span> <span class='ocrx_word' id='word_1_223' title='bbox 495 1586 506 1596; x_wconf 91' lang='lat'>.</span> <span class='ocrx_word' id='word_1_224' title='bbox 537 1557 586 1595; x_wconf 88' lang='lat' dir='ltr'>G.</span> <span class='ocrx_word' id='word_1_225' title='bbox 621 1560 702 1596; x_wconf 60' lang='lat' dir='ltr'>Reae</span> <span class='ocrx_word' id='word_1_226' title='bbox 731 1566 770 1594; x_wconf 86' lang='lat' dir='ltr'>te</span> <span class='ocrx_word' id='word_1_227' title='bbox 800 1570 892 1607; x_wconf 79' lang='lat' dir='ltr'>ergo</span> <span class='ocrx_word' id='word_1_228' title='bbox 922 1558 961 1595; x_wconf 82' lang='lat' dir='ltr'>in</span> <span class='ocrx_word' id='word_1_229' title='bbox 990 1559 1122 1595; x_wconf 72' lang='lat' dir='ltr'>oculis.</span> <span class='ocrx_word' id='word_1_230' title='bbox 1183 1557 1230 1596; x_wconf 93' lang='lat' dir='ltr'>T.</span> <span class='ocrx_word' id='word_1_231' title='bbox 1263 1559 1422 1596; x_wconf 75' lang='lat' dir='ltr'>seilicet.</span> 
     </span>
     <span class='ocr_line' id='line_1_27' title="bbox 535 1612 777 1663; baseline 0 -13"><span class='ocrx_word' id='word_1_232' title='bbox 535 1612 584 1650; x_wconf 90' lang='lat' dir='ltr'>G.</span> <span class='ocrx_word' id='word_1_233' title='bbox 616 1614 777 1663; x_wconf 75' lang='lat' dir='ltr'>gestire.</span> 
     </span>
    </p>
   </div>
   <div class='ocr_carea' id='block_1_5' title="bbox 235 1687 1685 1909">
    <p class='ocr_par' dir='ltr' id='par_1_5' title="bbox 235 1687 1685 1909">
     <span class='ocr_line' id='line_1_28' title="bbox 235 1687 1684 1741; baseline -0.001 -14"><span class='ocrx_word' id='word_1_234' title='bbox 235 1687 302 1727; x_wconf 87' lang='lat' dir='ltr'>sed</span> <span class='ocrx_word' id='word_1_235' title='bbox 336 1688 532 1739; x_wconf 77' lang='lat' dir='ltr'>legendum</span> <span class='ocrx_word' id='word_1_236' title='bbox 572 1697 752 1739; x_wconf 75' lang='lat' dir='ltr'>gestare,</span> <span class='ocrx_word' id='word_1_237' title='bbox 799 1687 921 1741; x_wconf 84' lang='lat' dir='ltr'>quod,</span> <span class='ocrx_word' id='word_1_238' title='bbox 964 1694 1004 1726; x_wconf 89' lang='lat' dir='ltr'>ut</span> <span class='ocrx_word' id='word_1_239' title='bbox 1029 1687 1168 1740; x_wconf 83' lang='lat' dir='ltr'>ferre,</span> <span class='ocrx_word' id='word_1_240' title='bbox 1216 1689 1266 1726; x_wconf 88' lang='lat' dir='ltr'>ita</span> <span class='ocrx_word' id='word_1_241' title='bbox 1303 1696 1460 1739; x_wconf 78' lang='lat' dir='ltr'>gestare</span> <span class='ocrx_word' id='word_1_242' title='bbox 1496 1690 1533 1726; x_wconf 79' lang='lat' dir='ltr'>in</span> <span class='ocrx_word' id='word_1_243' title='bbox 1567 1690 1684 1727; x_wconf 80' lang='lat' dir='ltr'>oeulis</span> 
     </span>
     <span class='ocr_line' id='line_1_29' title="bbox 235 1744 1682 1796; baseline -0.001 -14"><span class='ocrx_word' id='word_1_244' title='bbox 235 1752 339 1783; x_wconf 86' lang='lat' dir='ltr'>recte</span> <span class='ocrx_word' id='word_1_245' title='bbox 371 1745 514 1783; x_wconf 76' lang='lat' dir='ltr'>dicatur</span> <span class='ocrx_word' id='word_1_246' title='bbox 528 1744 654 1793; x_wconf 57' lang='lat'>***):</span> <span class='ocrx_word' id='word_1_247' title='bbox 684 1747 878 1796; x_wconf 73' lang='lat' dir='ltr'>gestiendi</span> <span class='ocrx_word' id='word_1_248' title='bbox 903 1751 1023 1782; x_wconf 89' lang='lat' dir='ltr'>autem</span> <span class='ocrx_word' id='word_1_249' title='bbox 1049 1745 1201 1782; x_wconf 86' lang='lat' dir='ltr'>verbum</span> <span class='ocrx_word' id='word_1_250' title='bbox 1233 1745 1279 1782; x_wconf 80' lang='lat' dir='ltr'>ab</span> <span class='ocrx_word' id='word_1_251' title='bbox 1310 1746 1378 1782; x_wconf 90' lang='lat' dir='ltr'>hoc</span> <span class='ocrx_word' id='word_1_252' title='bbox 1410 1745 1492 1781; x_wconf 84' lang='lat' dir='ltr'>ioco</span> <span class='ocrx_word' id='word_1_253' title='bbox 1522 1744 1682 1781; x_wconf 77' lang='lat' dir='ltr'>alienum</span> 
     </span>
     <span class='ocr_line' id='line_1_30' title="bbox 236 1798 1685 1852; baseline -0.001 -15"><span class='ocrx_word' id='word_1_254' title='bbox 236 1802 297 1838; x_wconf 84' lang='lat' dir='ltr'>sit.</span> <span class='ocrx_word' id='word_1_255' title='bbox 358 1800 411 1838; x_wconf 89' lang='lat' dir='ltr'>At</span> <span class='ocrx_word' id='word_1_256' title='bbox 447 1814 519 1852; x_wconf 84' lang='lat' dir='ltr'>ego</span> <span class='ocrx_word' id='word_1_257' title='bbox 558 1803 646 1839; x_wconf 90' lang='lat' dir='ltr'>totis</span> <span class='ocrx_word' id='word_1_258' title='bbox 687 1802 817 1839; x_wconf 87' lang='lat' dir='ltr'>decem</span> <span class='ocrx_word' id='word_1_259' title='bbox 858 1801 966 1838; x_wconf 87' lang='lat' dir='ltr'>annis</span> <span class='ocrx_word' id='word_1_260' title='bbox 1000 1808 1195 1851; x_wconf 86' lang='lat' dir='ltr'>antequam</span> <span class='ocrx_word' id='word_1_261' title='bbox 1225 1800 1424 1838; x_wconf 87' lang='lat' dir='ltr'>Turnebus</span> <span class='ocrx_word' id='word_1_262' title='bbox 1453 1798 1685 1838; x_wconf 79' lang='lat' dir='ltr'>Adversaria</span> 
     </span>
     <span class='ocr_line' id='line_1_31' title="bbox 236 1854 1682 1909; baseline -0.001 -16"><span class='ocrx_word' id='word_1_263' title='bbox 236 1856 459 1909; x_wconf 54' lang='lat' dir='ltr'>ederet-f),</span> <span class='ocrx_word' id='word_1_264' title='bbox 502 1858 553 1894; x_wconf 88' lang='lat' dir='ltr'>ita</span> <span class='ocrx_word' id='word_1_265' title='bbox 583 1856 823 1895; x_wconf 80' lang='lat' dir='ltr'>emendaram</span> <span class='ocrx_word' id='word_1_266' title='bbox 862 1863 902 1895; x_wconf 86' lang='lat' dir='ltr'>et</span> <span class='ocrx_word' id='word_1_267' title='bbox 930 1854 1147 1894; x_wconf 85' lang='lat' dir='ltr'>edideram:</span> <span class='ocrx_word' id='word_1_268' title='bbox 1188 1863 1228 1893; x_wconf 87' lang='lat' dir='ltr'>ut</span> <span class='ocrx_word' id='word_1_269' title='bbox 1263 1863 1300 1894; x_wconf 88' lang='lat' dir='ltr'>et</span> <span class='ocrx_word' id='word_1_270' title='bbox 1337 1856 1435 1893; x_wconf 91' lang='lat' dir='ltr'>illum</span> <span class='ocrx_word' id='word_1_271' title='bbox 1473 1855 1592 1893; x_wconf 91' lang='lat' dir='ltr'>locum</span> <span class='ocrx_word' id='word_1_272' title='bbox 1635 1868 1682 1892; x_wconf 83' lang='lat' dir='ltr'>ex</span> 
     </span>
    </p>
   </div>
   <div class='ocr_carea' id='block_1_6' title="bbox 236 1911 1127 2035">
    <p class='ocr_par' dir='ltr' id='par_1_6' title="bbox 236 1911 1127 2035">
     <span class='ocr_line' id='line_1_32' title="bbox 236 1911 644 1966; baseline 0.002 -17"><span class='ocrx_word' id='word_1_273' title='bbox 236 1911 369 1950; x_wconf 83' lang='lat' dir='ltr'>eadem</span> <span class='ocrx_word' id='word_1_274' title='bbox 399 1913 522 1950; x_wconf 86' lang='lat' dir='ltr'>fabula</span> <span class='ocrx_word' id='word_1_275' title='bbox 543 1911 644 1966; x_wconf 77' lang='lat'>††),</span> 
     </span>
     <span class='ocr_line' id='line_1_33' title="bbox 595 1978 1127 2035; baseline -0.002 -15"><span class='ocrx_word' id='word_1_276' title='bbox 595 1984 663 2034; x_wconf 72' lang='lat' dir='ltr'>qni</span> <span class='ocrx_word' id='word_1_277' title='bbox 688 1982 792 2020; x_wconf 76' lang='lat' dir='ltr'>illam</span> <span class='ocrx_word' id='word_1_278' title='bbox 808 1981 936 2035; x_wconf 81' lang='lat' dir='ltr'>flocci</span> <span class='ocrx_word' id='word_1_279' title='bbox 946 1978 1127 2032; x_wconf 76' lang='lat' dir='ltr'>fecerim.</span> 
     </span>
    </p>
   </div>
   <div class='ocr_carea' id='block_1_7' title="bbox 235 2057 1684 2331">
    <p class='ocr_par' dir='ltr' id='par_1_7' title="bbox 235 2057 1684 2331">
     <span class='ocr_line' id='line_1_34' title="bbox 235 2057 1683 2111; baseline -0.001 -15"><span class='ocrx_word' id='word_1_280' title='bbox 235 2057 370 2111; x_wconf 88' lang='lat' dir='ltr'>Neque</span> <span class='ocrx_word' id='word_1_281' title='bbox 411 2059 480 2097; x_wconf 89' lang='lat' dir='ltr'>fuit</span> <span class='ocrx_word' id='word_1_282' title='bbox 520 2072 676 2106; x_wconf 83' lang='lat' dir='ltr'>caussa,</span> <span class='ocrx_word' id='word_1_283' title='bbox 717 2072 785 2097; x_wconf 91' lang='lat' dir='ltr'>cur</span> <span class='ocrx_word' id='word_1_284' title='bbox 813 2059 923 2096; x_wconf 91' lang='lat' dir='ltr'>homo</span> <span class='ocrx_word' id='word_1_285' title='bbox 955 2066 1026 2096; x_wconf 85' lang='lat' dir='ltr'>tam</span> <span class='ocrx_word' id='word_1_286' title='bbox 1056 2057 1225 2095; x_wconf 88' lang='lat' dir='ltr'>eruditus</span> <span class='ocrx_word' id='word_1_287' title='bbox 1256 2071 1300 2096; x_wconf 90' lang='lat' dir='ltr'>ea</span> <span class='ocrx_word' id='word_1_288' title='bbox 1329 2057 1451 2097; x_wconf 89' lang='lat' dir='ltr'>denuo</span> <span class='ocrx_word' id='word_1_289' title='bbox 1481 2064 1683 2109; x_wconf 87' lang='lat' dir='ltr'>reponeret</span> 
     </span>
     <span class='ocr_line' id='line_1_35' title="bbox 237 2113 1682 2165; baseline 0 -14"><span class='ocrx_word' id='word_1_290' title='bbox 237 2121 299 2152; x_wconf 88' lang='lat' dir='ltr'>aut</span> <span class='ocrx_word' id='word_1_291' title='bbox 324 2114 542 2152; x_wconf 85' lang='lat' dir='ltr'>obtruderet</span> <span class='ocrx_word' id='word_1_292' title='bbox 568 2129 635 2165; x_wconf 88' lang='lat' dir='ltr'>pro</span> <span class='ocrx_word' id='word_1_293' title='bbox 666 2116 757 2151; x_wconf 91' lang='lat' dir='ltr'>suis.</span> <span class='ocrx_word' id='word_1_294' title='bbox 819 2113 884 2151; x_wconf 88' lang='lat' dir='ltr'>Sic</span> <span class='ocrx_word' id='word_1_295' title='bbox 913 2115 1140 2163; x_wconf 71' lang='lat' dir='ltr'>impetritum</span> <span class='ocrx_word' id='word_1_296' title='bbox 1170 2113 1346 2151; x_wconf 90' lang='lat' dir='ltr'>Ciceroni</span> <span class='ocrx_word' id='word_1_297' title='bbox 1376 2121 1414 2152; x_wconf 86' lang='lat' dir='ltr'>et</span> <span class='ocrx_word' id='word_1_298' title='bbox 1433 2113 1590 2152; x_wconf 84' lang='lat' dir='ltr'>Valerio</span> <span class='ocrx_word' id='word_1_299' title='bbox 1619 2125 1682 2151; x_wconf 89' lang='lat' dir='ltr'>re-</span> 
     </span>
     <span class='ocr_line' id='line_1_36' title="bbox 237 2167 1680 2220; baseline -0.002 -13"><span class='ocrx_word' id='word_1_300' title='bbox 237 2171 406 2208; x_wconf 84' lang='lat' dir='ltr'>stituisse</span> <span class='ocrx_word' id='word_1_301' title='bbox 445 2170 585 2220; x_wconf 87' lang='lat' dir='ltr'>primus</span> <span class='ocrx_word' id='word_1_302' title='bbox 631 2169 749 2207; x_wconf 88' lang='lat' dir='ltr'>videri</span> <span class='ocrx_word' id='word_1_303' title='bbox 791 2169 908 2207; x_wconf 86' lang='lat' dir='ltr'>voluit</span> <span class='ocrx_word' id='word_1_304' title='bbox 945 2169 1066 2218; x_wconf 85' lang='lat' dir='ltr'>capite</span> <span class='ocrx_word' id='word_1_305' title='bbox 1096 2168 1248 2207; x_wconf 82' lang='lat' dir='ltr'>XVfll,</span> <span class='ocrx_word' id='word_1_306' title='bbox 1291 2169 1377 2206; x_wconf 89' lang='lat' dir='ltr'>libri</span> <span class='ocrx_word' id='word_1_307' title='bbox 1413 2169 1528 2219; x_wconf 87' lang='lat' dir='ltr'>quinti</span> <span class='ocrx_word' id='word_1_308' title='bbox 1547 2167 1680 2220; x_wconf 67' lang='lat'>††·†),</span> 
     </span>
     <span class='ocr_line' id='line_1_37' title="bbox 237 2223 1684 2277; baseline -0.002 -15"><span class='ocrx_word' id='word_1_309' title='bbox 237 2225 334 2277; x_wconf 87' lang='lat' dir='ltr'>quod</span> <span class='ocrx_word' id='word_1_310' title='bbox 380 2231 500 2262; x_wconf 87' lang='lat' dir='ltr'>tamen</span> <span class='ocrx_word' id='word_1_311' title='bbox 543 2225 602 2263; x_wconf 88' lang='lat' dir='ltr'>cui</span> <span class='ocrx_word' id='word_1_312' title='bbox 640 2231 830 2274; x_wconf 81' lang='lat' dir='ltr'>acceptum</span> <span class='ocrx_word' id='word_1_313' title='bbox 869 2223 1062 2260; x_wconf 80' lang='lat' dir='ltr'>ferendum</span> <span class='ocrx_word' id='word_1_314' title='bbox 1101 2225 1170 2270; x_wconf 84' lang='lat' dir='ltr'>sit,</span> <span class='ocrx_word' id='word_1_315' title='bbox 1222 2224 1368 2271; x_wconf 87' lang='lat' dir='ltr'>scient,</span> <span class='ocrx_word' id='word_1_316' title='bbox 1419 2225 1480 2274; x_wconf 90' lang='lat' dir='ltr'>qui</span> <span class='ocrx_word' id='word_1_317' title='bbox 1520 2224 1684 2273; x_wconf 84' lang='lat' dir='ltr'>legerint</span> 
     </span>
     <span class='ocr_line' id='line_1_38' title="bbox 237 2277 1683 2331; baseline -0.002 -13"><span class='ocrx_word' id='word_1_318' title='bbox 237 2281 381 2318; x_wconf 82' lang='lat' dir='ltr'>scholia</span> <span class='ocrx_word' id='word_1_319' title='bbox 410 2280 517 2318; x_wconf 88' lang='lat' dir='ltr'>Pauli</span> <span class='ocrx_word' id='word_1_320' title='bbox 547 2280 710 2318; x_wconf 86' lang='lat' dir='ltr'>Manutii</span> <span class='ocrx_word' id='word_1_321' title='bbox 749 2281 785 2317; x_wconf 88' lang='lat' dir='ltr'>iu</span> <span class='ocrx_word' id='word_1_322' title='bbox 815 2278 930 2316; x_wconf 88' lang='lat' dir='ltr'>libros</span> <span class='ocrx_word' id='word_1_323' title='bbox 968 2278 1014 2316; x_wconf 90' lang='lat' dir='ltr'>de</span> <span class='ocrx_word' id='word_1_324' title='bbox 1045 2277 1285 2317; x_wconf 86' lang='lat' dir='ltr'>Divinatione</span> <span class='ocrx_word' id='word_1_325' title='bbox 1304 2280 1377 2331; x_wconf 50' lang='lat' dir='ltr'>i5⁵),</span> <span class='ocrx_word' id='word_1_326' title='bbox 1418 2278 1520 2317; x_wconf 82' lang='lat' dir='ltr'>edita</span> <span class='ocrx_word' id='word_1_327' title='bbox 1548 2278 1683 2316; x_wconf 84' lang='lat' dir='ltr'>abhinc</span> 
     </span>
    </p>
   </div>
   <div class='ocr_carea' id='block_1_8' title="bbox 236 2387 1682 2648">
    <p class='ocr_par' dir='ltr' id='par_1_8' title="bbox 237 2387 1682 2463">
     <span class='ocr_line' id='line_1_39' title="bbox 310 2387 1682 2424; baseline 0 -8"><span class='ocrx_word' id='word_1_328' title='bbox 310 2390 354 2423; x_wconf 52' lang='grc' dir='ltr'>δῖε)</span> <span class='ocrx_word' id='word_1_329' title='bbox 384 2390 484 2418; x_wconf 79' lang='lat' dir='ltr'>Etuic.</span> <span class='ocrx_word' id='word_1_330' title='bbox 513 2390 644 2418; x_wconf 77' lang='lat' dir='ltr'>Eadem.</span> <span class='ocrx_word' id='word_1_331' title='bbox 664 2390 702 2417; x_wconf 86' lang='grc' dir='ltr'>Π.</span> <span class='ocrx_word' id='word_1_332' title='bbox 725 2388 773 2417; x_wconf 89' lang='lat'>10.</span> <span class='ocrx_word' id='word_1_333' title='bbox 801 2395 872 2424; x_wconf 86' lang='lat' dir='ltr'>pag.</span> <span class='ocrx_word' id='word_1_334' title='bbox 894 2389 965 2418; x_wconf 76' lang='lat'>285.</span> <span class='ocrx_word' id='word_1_335' title='bbox 986 2389 1020 2419; x_wconf 87' lang='lat' dir='ltr'>C.</span> <span class='ocrx_word' id='word_1_336' title='bbox 1042 2389 1126 2417; x_wconf 90' lang='lat' dir='ltr'>Duv.</span> <span class='ocrx_word' id='word_1_337' title='bbox 1171 2387 1218 2418; x_wconf 85' lang='lat' dir='ltr'>cf.</span> <span class='ocrx_word' id='word_1_338' title='bbox 1247 2390 1329 2418; x_wconf 86' lang='lat' dir='ltr'>Mur.</span> <span class='ocrx_word' id='word_1_339' title='bbox 1356 2389 1475 2419; x_wconf 85' lang='lat' dir='ltr'>Comm.</span> <span class='ocrx_word' id='word_1_340' title='bbox 1503 2387 1536 2417; x_wconf 91' lang='lat' dir='ltr'>in</span> <span class='ocrx_word' id='word_1_341' title='bbox 1563 2387 1682 2418; x_wconf 77' lang='lat' dir='ltr'>catull.</span> 
     </span>
     <span class='ocr_line' id='line_1_40' title="bbox 237 2427 819 2463; baseline -0.002 -8"><span class='ocrx_word' id='word_1_342' title='bbox 237 2427 316 2463; x_wconf 85' lang='lat' dir='ltr'>Opp.</span> <span class='ocrx_word' id='word_1_343' title='bbox 339 2429 427 2456; x_wconf 76' lang='lat' dir='ltr'>Toni.</span> <span class='ocrx_word' id='word_1_344' title='bbox 448 2430 485 2457; x_wconf 88' lang='lat'>11.</span> <span class='ocrx_word' id='word_1_345' title='bbox 506 2434 577 2463; x_wconf 83' lang='lat' dir='ltr'>pag.</span> <span class='ocrx_word' id='word_1_346' title='bbox 599 2428 669 2456; x_wconf 76' lang='lat'>722.</span> <span class='ocrx_word' id='word_1_347' title='bbox 707 2428 819 2455; x_wconf 58' lang='lat' dir='ltr'>Iussi.</span> 
     </span>
    </p>

    <p class='ocr_par' dir='ltr' id='par_1_9' title="bbox 312 2475 580 2512">
     <span class='ocr_line' id='line_1_41' title="bbox 312 2475 580 2512; baseline 0.011 -11"><span class='ocrx_word' id='word_1_348' title='bbox 312 2475 380 2510; x_wconf 53' lang='lat' dir='ltr'>aiz-³:1⁴]</span> <span class='ocrx_word' id='word_1_349' title='bbox 401 2477 455 2504; x_wconf 87' lang='lat'>111.</span> <span class='ocrx_word' id='word_1_350' title='bbox 481 2478 507 2512; x_wconf 87' lang='lat'>1,</span> <span class='ocrx_word' id='word_1_351' title='bbox 531 2478 580 2504; x_wconf 89' lang='lat'>11.</span> 
     </span>
    </p>

    <p class='ocr_par' dir='ltr' id='par_1_10' title="bbox 236 2520 1682 2598">
     <span class='ocr_line' id='line_1_42' title="bbox 312 2520 1682 2558; baseline -0.001 -6"><span class='ocrx_word' id='word_1_352' title='bbox 312 2523 405 2558; x_wconf 33' lang='lat' dir='ltr'>{htx-³1³)</span> <span class='ocrx_word' id='word_1_353' title='bbox 426 2523 521 2558; x_wconf 84' lang='lat' dir='ltr'>Apud</span> <span class='ocrx_word' id='word_1_354' title='bbox 540 2524 719 2553; x_wconf 84' lang='lat' dir='ltr'>Turnebum</span> <span class='ocrx_word' id='word_1_355' title='bbox 739 2523 878 2552; x_wconf 83' lang='lat' dir='ltr'>Advers.</span> <span class='ocrx_word' id='word_1_356' title='bbox 895 2523 962 2552; x_wconf 86' lang='lat' dir='ltr'>XII.</span> <span class='ocrx_word' id='word_1_357' title='bbox 980 2522 1028 2552; x_wconf 89' lang='lat'>10.</span> <span class='ocrx_word' id='word_1_358' title='bbox 1050 2522 1179 2558; x_wconf 80' lang='lat' dir='ltr'>plenius</span> <span class='ocrx_word' id='word_1_359' title='bbox 1200 2524 1231 2553; x_wconf 92' lang='lat' dir='ltr'>et</span> <span class='ocrx_word' id='word_1_360' title='bbox 1251 2522 1370 2552; x_wconf 86' lang='lat' dir='ltr'>rectius</span> <span class='ocrx_word' id='word_1_361' title='bbox 1389 2522 1522 2557; x_wconf 82' lang='lat' dir='ltr'>legitur:</span> <span class='ocrx_word' id='word_1_362' title='bbox 1543 2522 1577 2550; x_wconf 73' lang='lat' dir='ltr'>ut</span> <span class='ocrx_word' id='word_1_363' title='bbox 1592 2520 1682 2557; x_wconf 78' lang='lat' dir='ltr'>ferre</span> 
     </span>
     <span class='ocr_line' id='line_1_43' title="bbox 236 2562 825 2598; baseline -0.003 -7"><span class='ocrx_word' id='word_1_364' title='bbox 236 2562 266 2591; x_wconf 83' lang='lat' dir='ltr'>et</span> <span class='ocrx_word' id='word_1_365' title='bbox 284 2568 409 2598; x_wconf 62' lang='lat' dir='ltr'>perere,</span> <span class='ocrx_word' id='word_1_366' title='bbox 431 2562 474 2590; x_wconf 75' lang='lat' dir='ltr'>ita</span> <span class='ocrx_word' id='word_1_367' title='bbox 493 2564 616 2597; x_wconf 73' lang='lat' dir='ltr'>qestare</span> <span class='ocrx_word' id='word_1_368' title='bbox 635 2567 693 2592; x_wconf 78' lang='lat' dir='ltr'>cet.</span> <span class='ocrx_word' id='word_1_369' title='bbox 713 2563 825 2590; x_wconf 70' lang='lat' dir='ltr'>FAEsl.</span> 
     </span>
    </p>

    <p class='ocr_par' dir='ltr' id='par_1_11' title="bbox 313 2609 540 2648">
     <span class='ocr_line' id='line_1_44' title="bbox 313 2609 540 2648; baseline 0 -10"><span class='ocrx_word' id='word_1_370' title='bbox 313 2609 358 2648; x_wconf 79' lang='lat'>†]</span> <span class='ocrx_word' id='word_1_371' title='bbox 379 2611 417 2638; x_wconf 91' lang='lat'>11.</span> <span class='ocrx_word' id='word_1_372' title='bbox 437 2610 467 2645; x_wconf 86' lang='lat'>3,</span> <span class='ocrx_word' id='word_1_373' title='bbox 494 2612 540 2638; x_wconf 80' lang='lat'>¹1.</span> 
     </span>
    </p>
   </div>
   <div class='ocr_carea' id='block_1_9' title="bbox 235 2654 1680 2807">
    <p class='ocr_par' dir='ltr' id='par_1_12' title="bbox 235 2654 1680 2807">
     <span class='ocr_line' id='line_1_45' title="bbox 312 2654 1680 2696; baseline -0.003 -11"><span class='ocrx_word' id='word_1_374' title='bbox 312 2657 386 2696; x_wconf 78' lang='lat'>††]</span> <span class='ocrx_word' id='word_1_375' title='bbox 407 2658 438 2685; x_wconf 86' lang='lat' dir='ltr'>in</span> <span class='ocrx_word' id='word_1_376' title='bbox 459 2657 597 2686; x_wconf 81' lang='lat' dir='ltr'>editione</span> <span class='ocrx_word' id='word_1_377' title='bbox 618 2656 767 2691; x_wconf 85' lang='lat' dir='ltr'>Terentii,</span> <span class='ocrx_word' id='word_1_378' title='bbox 791 2664 872 2692; x_wconf 83' lang='lat' dir='ltr'>quae</span> <span class='ocrx_word' id='word_1_379' title='bbox 892 2656 1053 2691; x_wconf 76' lang='lat' dir='ltr'>prodierat</span> <span class='ocrx_word' id='word_1_380' title='bbox 1073 2657 1185 2686; x_wconf 81' lang='lat' dir='ltr'>Venet.</span> <span class='ocrx_word' id='word_1_381' title='bbox 1205 2657 1294 2685; x_wconf 68' lang='lat'>1555.</span> <span class='ocrx_word' id='word_1_382' title='bbox 1329 2654 1467 2684; x_wconf 69' lang='lat' dir='ltr'>Turnebi</span> <span class='ocrx_word' id='word_1_383' title='bbox 1487 2656 1592 2683; x_wconf 87' lang='lat' dir='ltr'>autem</span> <span class='ocrx_word' id='word_1_384' title='bbox 1609 2654 1680 2682; x_wconf 83' lang='lat' dir='ltr'>Ad-</span> 
     </span>
     <span class='ocr_line' id='line_1_46' title="bbox 236 2692 1680 2733; baseline -0.003 -10"><span class='ocrx_word' id='word_1_385' title='bbox 236 2697 410 2724; x_wconf 76' lang='lat' dir='ltr'>versarint.</span> <span class='ocrx_word' id='word_1_386' title='bbox 431 2695 504 2724; x_wconf 80' lang='lat' dir='ltr'>libri</span> <span class='ocrx_word' id='word_1_387' title='bbox 523 2697 659 2724; x_wconf 87' lang='lat' dir='ltr'>1—X11.</span> <span class='ocrx_word' id='word_1_388' title='bbox 687 2697 719 2724; x_wconf 91' lang='lat' dir='ltr'>in</span> <span class='ocrx_word' id='word_1_389' title='bbox 740 2697 841 2724; x_wconf 77' lang='lat' dir='ltr'>lucem</span> <span class='ocrx_word' id='word_1_390' title='bbox 871 2695 979 2723; x_wconf 73' lang='lat' dir='ltr'>emissi</span> <span class='ocrx_word' id='word_1_391' title='bbox 1001 2698 1074 2722; x_wconf 80' lang='lat' dir='ltr'>sunt</span> <span class='ocrx_word' id='word_1_392' title='bbox 1099 2695 1186 2723; x_wconf 72' lang='lat'>1564.</span> <span class='ocrx_word' id='word_1_393' title='bbox 1214 2695 1283 2728; x_wconf 70' lang='lat' dir='ltr'>ipse</span> <span class='ocrx_word' id='word_1_394' title='bbox 1309 2696 1454 2722; x_wconf 79' lang='lat' dir='ltr'>mortuus</span> <span class='ocrx_word' id='word_1_395' title='bbox 1483 2700 1566 2720; x_wconf 83' lang='lat' dir='ltr'>anno</span> <span class='ocrx_word' id='word_1_396' title='bbox 1591 2692 1680 2733; x_wconf 53' lang='lat'>1555.</span> 
     </span>
     <span class='ocr_line' id='line_1_47' title="bbox 236 2733 1680 2768; baseline -0.003 -7"><span class='ocrx_word' id='word_1_397' title='bbox 236 2735 305 2761; x_wconf 86' lang='lat' dir='ltr'>Non</span> <span class='ocrx_word' id='word_1_398' title='bbox 325 2734 511 2762; x_wconf 76' lang='lat' dir='ltr'>meminerat</span> <span class='ocrx_word' id='word_1_399' title='bbox 532 2733 681 2761; x_wconf 83' lang='lat' dir='ltr'>videlicet</span> <span class='ocrx_word' id='word_1_400' title='bbox 697 2735 840 2761; x_wconf 65' lang='lat' dir='ltr'>Muretus</span> <span class='ocrx_word' id='word_1_401' title='bbox 861 2735 940 2761; x_wconf 81' lang='lat' dir='ltr'>haec</span> <span class='ocrx_word' id='word_1_402' title='bbox 959 2734 1103 2761; x_wconf 72' lang='lat' dir='ltr'>scribens</span> <span class='ocrx_word' id='word_1_403' title='bbox 1124 2740 1243 2768; x_wconf 81' lang='lat' dir='ltr'>eorum,</span> <span class='ocrx_word' id='word_1_404' title='bbox 1263 2740 1344 2767; x_wconf 84' lang='lat' dir='ltr'>quae</span> <span class='ocrx_word' id='word_1_405' title='bbox 1364 2733 1458 2763; x_wconf 62' lang='lat' dir='ltr'>longe</span> <span class='ocrx_word' id='word_1_406' title='bbox 1480 2735 1553 2758; x_wconf 79' lang='lat' dir='ltr'>aute</span> <span class='ocrx_word' id='word_1_407' title='bbox 1576 2737 1680 2757; x_wconf 67' lang='lat' dir='ltr'>veris-</span> 
     </span>
     <span class='ocr_line' id='line_1_48' title="bbox 235 2768 1677 2807; baseline -0.004 -7"><span class='ocrx_word' id='word_1_408' title='bbox 235 2771 316 2800; x_wconf 76' lang='lat' dir='ltr'>sime</span> <span class='ocrx_word' id='word_1_409' title='bbox 336 2772 509 2806; x_wconf 77' lang='lat' dir='ltr'>scripserat</span> <span class='ocrx_word' id='word_1_410' title='bbox 534 2771 566 2798; x_wconf 89' lang='lat' dir='ltr'>in</span> <span class='ocrx_word' id='word_1_411' title='bbox 586 2772 691 2800; x_wconf 74' lang='lat' dir='ltr'>schol.</span> <span class='ocrx_word' id='word_1_412' title='bbox 716 2771 749 2798; x_wconf 85' lang='lat' dir='ltr'>in</span> <span class='ocrx_word' id='word_1_413' title='bbox 769 2773 877 2800; x_wconf 87' lang='lat' dir='ltr'>Horat.</span> <span class='ocrx_word' id='word_1_414' title='bbox 899 2771 969 2800; x_wconf 87' lang='lat' dir='ltr'>Art.</span> <span class='ocrx_word' id='word_1_415' title='bbox 989 2773 1074 2805; x_wconf 79' lang='lat' dir='ltr'>poet.</span> <span class='ocrx_word' id='word_1_416' title='bbox 1097 2771 1175 2807; x_wconf 84' lang='lat' dir='ltr'>Opp.</span> <span class='ocrx_word' id='word_1_417' title='bbox 1196 2772 1283 2799; x_wconf 79' lang='grc' dir='ltr'>Τυω.</span> <span class='ocrx_word' id='word_1_418' title='bbox 1305 2772 1343 2799; x_wconf 86' lang='lat'>11.</span> <span class='ocrx_word' id='word_1_419' title='bbox 1363 2776 1436 2805; x_wconf 79' lang='lat' dir='ltr'>pag.</span> <span class='ocrx_word' id='word_1_420' title='bbox 1457 2768 1530 2798; x_wconf 70' lang='lat'>967.</span> <span class='ocrx_word' id='word_1_421' title='bbox 1568 2769 1677 2795; x_wconf 64' lang='lat' dir='ltr'>mast.</span> 
     </span>
    </p>
   </div>
   <div class='ocr_carea' id='block_1_10' title="bbox 311 2818 1041 2905">
    <p class='ocr_par' dir='ltr' id='par_1_13' title="bbox 311 2818 1041 2905">
     <span class='ocr_line' id='line_1_49' title="bbox 312 2818 1010 2858; baseline -0.003 -9"><span class='ocrx_word' id='word_1_422' title='bbox 312 2818 413 2858; x_wconf 74' lang='lat'>†††)</span> <span class='ocrx_word' id='word_1_423' title='bbox 434 2818 482 2849; x_wconf 77' lang='lat' dir='ltr'>Cf.</span> <span class='ocrx_word' id='word_1_424' title='bbox 501 2819 642 2849; x_wconf 72' lang='lat' dir='ltr'>Advers.</span> <span class='ocrx_word' id='word_1_425' title='bbox 661 2819 715 2847; x_wconf 86' lang='lat' dir='ltr'>lib.</span> <span class='ocrx_word' id='word_1_426' title='bbox 736 2820 848 2849; x_wconf 76' lang='lat' dir='ltr'>xxm.</span> <span class='ocrx_word' id='word_1_427' title='bbox 869 2826 938 2853; x_wconf 85' lang='lat' dir='ltr'>cap.</span> <span class='ocrx_word' id='word_1_428' title='bbox 961 2819 1010 2848; x_wconf 81' lang='lat'>10.</span> 
     </span>
     <span class='ocr_line' id='line_1_50' title="bbox 311 2867 1041 2905; baseline -0.001 -8"><span class='ocrx_word' id='word_1_429' title='bbox 311 2867 355 2903; x_wconf 50' lang='grc' dir='ltr'>ὅ)</span> <span class='ocrx_word' id='word_1_430' title='bbox 375 2869 415 2897; x_wconf 84' lang='lat' dir='ltr'>ad</span> <span class='ocrx_word' id='word_1_431' title='bbox 435 2867 491 2898; x_wconf 80' lang='lat' dir='ltr'>lib.</span> <span class='ocrx_word' id='word_1_432' title='bbox 511 2869 535 2898; x_wconf 81' lang='grc' dir='ltr'>Ι.</span> <span class='ocrx_word' id='word_1_433' title='bbox 555 2875 625 2905; x_wconf 85' lang='lat' dir='ltr'>cap.</span> <span class='ocrx_word' id='word_1_434' title='bbox 647 2868 695 2898; x_wconf 85' lang='lat'>16.</span> <span class='ocrx_word' id='word_1_435' title='bbox 716 2869 749 2898; x_wconf 80' lang='lat' dir='ltr'>et</span> <span class='ocrx_word' id='word_1_436' title='bbox 767 2867 822 2898; x_wconf 80' lang='lat' dir='ltr'>lib.</span> <span class='ocrx_word' id='word_1_437' title='bbox 841 2868 879 2897; x_wconf 76' lang='grc' dir='ltr'>ΙΙ.</span> <span class='ocrx_word' id='word_1_438' title='bbox 900 2874 970 2903; x_wconf 79' lang='lat' dir='ltr'>cap.</span> <span class='ocrx_word' id='word_1_439' title='bbox 991 2867 1041 2897; x_wconf 83' lang='lat'>15.</span> 
     </span>
    </p>
   </div>
  </div>
 </body>
</html>
