1778 3096
508 127 607 166 LIB.
638 127 747 166 XIII.
808 126 925 166 CAP.
959 128 1070 167 XVI.
1428 125 1512 168 299

566 237 598 276 C
626 237 664 276 A
692 237 726 276 P
752 237 789 277 U
817 238 851 277 T
907 236 1004 277 XV.

648 316 809 354 Baez'des
838 322 930 354 tres.

73 392 231 451 Rnc'rn
270 411 447 452 iudicavit
474 413 520 452 P.
555 413 747 452 Victorius
762 411 837 462 9(Ε),
878 412 975 463 apud
1004 412 1248 451 Aristotelem
1288 414 1325 450 in
1353 411 1512 451 Proble-

74 469 182 506 matis
199 467 301 518 **)‚
330 470 392 506 ubi
420 469 529 519 vulgo
557 470 751 520 legebatur
776 468 964 519 Σίβυλλαι
991 467 1057 507 καὶ
1086 469 1283 519 Βακχίδες,
1314 468 1513 518 legendum

74 536 160 561 esse
189 519 361 570 Βάκιδες.
419 523 496 561 Sed
529 538 600 562 non
629 537 753 562 veram
783 536 951 561 caussam
981 522 1157 569 reddidit,
1190 537 1257 561 cur
1284 522 1514 561 Aristoteles

72 577 232 616 Bacidas
271 592 314 616 ac
344 593 414 617 non
456 580 575 630 potius
613 578 790 617 Bacidem
829 577 981 616 dixerit.
1049 577 1199 615 Putavit
1237 580 1359 624 enim,
1402 591 1515 615 unum

73 632 222 683 quidem
263 635 379 678 fuisse
416 634 617 672 Bacidem:
664 633 730 672 sed
765 647 919 671 numero
956 632 1223 678 multitudinis,
1269 641 1355 671 nota
1395 634 1515 684 figura

72 701 202 734 usum,
248 703 427 727 summum
465 689 730 740 Philosophum
770 688 910 727 dixisse
941 685 1125 736 Βάκιδες,
1166 701 1247 725 cum
1288 689 1517 739 intelligeret

72 757 144 781 non
175 744 276 782 illum
308 745 439 792 solum,
474 745 540 782 sed
569 753 716 783 ceteros
746 757 875 782 omnes
901 744 982 782 eius
1009 744 1161 794 generis
1189 750 1299 793 atque
1330 744 1381 781 illi
1413 744 1513 781 simi-

73 798 140 836 les.
198 799 239 836 Id
268 807 388 838 antem
420 813 530 838 secus
565 807 636 838 est.
698 799 783 837 Duo
820 800 918 837 enim
949 799 1111 837 Bacides
1147 799 1318 836 fuerunt:
1361 812 1516 849 quorum

74 860 231 905 uterque
273 856 396 893 futura
433 868 691 918 praenoscere
721 868 764 894 ac
798 854 1018 906 praedicere
1055 854 1265 906 putabatur.
1326 853 1451 890 Docet
1480 851 1518 889 id

75 908 253 948 Clemens
291 911 593 957 Alexandrinus,
635 911 739 949 cuius
780 910 872 948 haec
912 910 1026 949 verba
1064 917 1148 947 sunt
1177 922 1197 947 e
1233 909 1350 960 primo
1390 911 1518 960 Στρω-

75 961 203 1015 μάτων
218 963 349 1018 *“*)·
376 963 484 1016 ”Ηδη
511 964 552 1005 δὲ
580 966 646 1005 καὶ
673 962 763 1019 παρ’
789 964 952 1016 Έλλησι
979 961 1230 1017 χοησμολόγοι
1256 964 1387 1015 συχνοὶ
1414 977 1518 1029 γεγο-

74 1018 180 1058 νέναι
208 1019 411 1073 φέρονται,
453 1037 504 1068 ως
534 1020 573 1060 οἵ
600 1017 785 1070 Βάκιδες,
825 1018 847 1061 ὁ
888 1019 955 1072 μὲν
984 1018 1189 1068 Βοιώτιος,
1228 1015 1250 1059 ὁ
1290 1018 1331 1058 δὲ
1365 1015 1518 1068 Ἀρκὰς,

74 1071 195 1113 πολλὰ
236 1080 388 1123 πολλοῖς
426 1073 783 1130 ποοαγορεύσαντες.
850 1076 928 1114 Sed
977 1084 1014 1114 et
1054 1077 1204 1114 tertium
1243 1074 1518 1112 Atheniensem

76 1129 179 1167 addit
213 1130 380 1170 Philetas
419 1131 515 1183 apud
558 1132 708 1169 Suidam
725 1131 794 1185 ἦ).
863 1131 1009 1170 Boeotii
1049 1138 1173 1170 tamen
1216 1130 1519 1180 frequentissima

75 1184 171 1236 apud
200 1193 350 1225 veteres
380 1188 519 1225 mentio
534 1186 634 1240 Η).

573 1311 603 1350 C
633 1309 670 1349 A
698 1310 732 1349 Ρ
758 1310 796 1348 U
821 1310 856 1349 T
911 1309 1034 1348 XVI.

403 1391 524 1428 Locus
556 1390 717 1440 Virgilii
740 1402 760 1426 e
795 1388 1011 1438 Thucydide
1038 1385 1194 1437 effictus.

79 1465 176 1531 Qm
204 1488 436 1539 collegerunt
462 1487 749 1539 indicaruntque
779 1488 881 1526 locos
901 1487 1055 1538 Virgilii
1087 1500 1134 1525 ex
1162 1486 1246 1524 aliis
1278 1484 1521 1537 scriptoribus

78 1556 303 1596 expressos,
336 1542 382 1580 ad
414 1544 514 1580 illum
544 1556 692 1581 versum
721 1556 769 1581 ex
798 1550 928 1594 quarto
958 1542 1150 1580 Aeneidos
1167 1540 1299 1594 †††),

297 1611 368 1648 Ille
393 1610 472 1647 (lies
497 1610 642 1659 primus
673 1610 766 1647 lethe·
786 1610 1006 1660 primusque
1035 1609 1219 1646 malorum

303 1667 448 1703 Caussa
464 1662 567 1714 suit,

79 1729 144 1768 alii
181 1730 253 1767 alia
290 1736 479 1768 notarunt.
545 1729 632 1780 Ego
678 1736 800 1768 autem
841 1730 1041 1776 existimo,
1091 1727 1296 1779 Virgilium
1347 1725 1522 1763 habuisse

79 1792 167 1822 Iunc
204 1786 241 1823 in
277 1786 399 1823 animo
437 1784 574 1823 dictum
603 1784 805 1836 Melesippi
835 1785 1067 1836 Spartiatae,
1111 1785 1171 1834 qui
1212 1782 1392 1833 principio
1437 1780 1524 1818 belli

80 1839 395 1891 Peloponnesiaci
427 1853 508 1878 cnm
539 1840 584 1878 ad
614 1839 878 1891 pertentandos
909 1842 1050 1878 animos
1069 1838 1356 1877 Atheniensium
1389 1837 1524 1874 missus

81 1903 205 1941 essct,
246 1908 403 1946 eumque
440 1896 493 1933 illi
535 1895 738 1933 inauditum
781 1896 906 1933 statim
948 1895 995 1934 ad
1025 1908 1111 1933 suos
1149 1893 1272 1931 redire
1310 1892 1522 1936 iussissent,

81 1963 130 1988 ex
159 1950 311 1988 Atticae
350 1951 483 1988 finibus
515 1950 704 1989 excedens
744 1950 884 1989 dixisse
914 1952 1055 1996 fertur,
1098 1949 1201 1987 illum
1241 1947 1336 1985 diem
1367 1946 1525 1984 Graecis

81 2018 297 2056 magnorum
327 2020 381 2043 me
366 2007 503 2043 lorum
533 2007 751 2057 principium
783 2006 879 2046 fore.
939 1997 1032 2054 Qua
1054 2004 1098 2042 de
1127 2018 1168 2042 re
1202 2005 1252 2041 ita
1283 1997 1526 2053 Thucydides

81 2061 178 2098 libro
209 2061 374 2099 secundo
391 2061 460 2111 ἧι
499 2058 521 2101 ὁ
553 2060 594 2100 δὲ
621 2059 752 2113 ἐπειδὴ
784 2061 847 2101 ἐπὶ
873 2065 954 2109 τοῖς
983 2058 1104 2127 ὁρίοις
1135 2058 1277 2125 ἐγένετο
1307 2073 1372 2097 και
1401 2056 1527 2108 εμελλε

81 2113 328 2165 διαλύεσθαι,
364 2113 521 2157 τοσόνδε
549 2114 666 2156 εἰπὼν
695 2114 916 2171 ἐπορεύετο,
950 2114 1012 2157 ὅτι
1038 2114 1109 2168 ἥδε
1135 2113 1163 2167 ’ἦ
1188 2111 1312 2166 ημέοα
1338 2116 1417 2160 τοῖς
1433 2110 1527 2151 Έλ-

155 2226 199 2261 κέ)
220 2228 294 2256 Var.
314 2228 413 2256 Lectt.
435 2228 545 2256 XXVI.
568 2227 617 2257 16.

122 2278 224 2349 σκᾱϊ)
238 2282 314 2308 sect.
329 2281 424 2326 xxx.
447 2275 531 2319 (A.)
551 2287 620 2316 cap.
639 2281 667 2310 1.
686 2281 758 2310 vol.
773 2281 813 2309 11.
828 2286 900 2315 pag.
916 2277 989 2308 954.
1007 2279 1089 2307 extr.
1110 2278 1158 2308 eu.
1174 2279 1277 2306 Bekk.
1296 2276 1349 2313 qui
1372 2266 1527 2308 Βάκιδες

84 2326 102 2347 e
149 2327 166 2347 o
213 2342 219 2347 .
238 2324 367 2354 recepit.

159 2368 251 2403 2÷÷1÷÷22⁴)
274 2375 344 2403 pag.
367 2369 436 2397 133
457 2368 492 2398 C.

160 2419 206 2456 -'-)
227 2419 304 2448 Inv.
324 2414 449 2453 Βάκις,
470 2427 512 2448 ex
527 2421 631 2449 Scnol.
651 2419 684 2449 in
699 2421 911 2456 Aristophan.
926 2421 988 2450 AV.
1009 2427 1042 2448 v.
1058 2419 1132 2469 963¹,
1150 2421 1225 2448 Pac.
1249 2420 1338 2449 1071.
1374 2421 1406 2450 Α
1426 2422 1529 2450 Scho-

85 2464 182 2493 liasta
201 2465 240 2493 ad
261 2466 364 2500 Equit.
386 2473 416 2494 v
440 2467 507 2494 123.
530 2468 644 2496 tertius
664 2468 841 2497 nominatur
861 2456 1018 2505 1οκοός,
1046 2474 1108 2495 non
1126 2456 1261 2502 Ἰρκτῖς.
1301 2467 1361 2495 Vid
1382 2468 1528 2496 PeriZon.

84 2504 125 2530 ad
147 2504 273 2531 Aelian.
295 2504 369 2532 Var.
391 2504 470 2532 Hist.
491 2504 544 2532 lib.
567 2506 633 2533 XII.
654 2513 722 2540 cap.
743 2508 794 2534 35.
827 2507 981 2534 Harduin.
1003 2505 1042 2532 ad
1062 2505 1228 2533 themistii
1249 2506 1347 2533 Orati.
1370 2512 1439 2538 pag.
1455 2505 1528 2533 377.

86 2540 209 2569 Nicolai
238 2542 352 2569 loeus.
383 2541 563 2570 Miscellan.
590 2543 781 2578 Enipnyllid.
811 2545 862 2572 IX.
895 2545 944 2572 11.
983 2544 1080 2570 Ballr.
1112 2544 1151 2570 ad
1181 2543 1330 2571 Herodot.
1362 2543 1416 2570 Iib.
1446 2543 1528 2570 VIII.

85 2585 156 2612 cap
178 2578 227 2606 20.
248 2579 319 2606 Vol.
339 2579 391 2607 IV.
413 2585 483 2613 pag.
505 2581 557 2608 26.
598 2581 799 2616 Boenigerus
819 2582 851 2609 in
872 2582 964 2609 Ideen
985 2587 1044 2608 zm·
1062 2580 1287 2615 szstmythol.
1311 2587 1381 2614 pag.
1404 2579 1463 2608 104
1481 2587 1529 2614 sq.

87 2616 148 2644 108
167 2623 214 2650 sq.
254 2616 397 2644 Philetas
417 2616 473 2644 ille
494 2616 552 2645 fuit
571 2618 739 2657 Ephesius,
761 2618 826 2648 vid.
846 2619 993 2648 Philetae
1009 2618 1065 2647 Coi
1085 2620 1211 2653 Fragm.
1233 2618 1302 2646 coll.
1323 2621 1356 2646 et
1374 2617 1530 2647 111.(3.Ρ.

86 2654 213 2688 Kayser
235 2653 393 2689 (Gotting.
415 2654 504 2682 1793,
509 2654 526 2689 )
546 2662 618 2690 pag
638 2656 688 2684 88.

161 2700 235 2739 T-i)
255 2701 325 2730 Vid
347 2703 447 2736 lntpp.
468 2702 510 2730 ad
531 2702 595 2732 Cic.
617 2703 655 2732 de
675 2703 782 2734 Divin.
801 2704 856 2734 lib.
877 2706 900 2734 1.
920 2711 989 2740 cap.
1011 2704 1060 2733 18.
1081 2703 1114 2740 S.
1134 2703 1184 2733 34.

162 2749 263 2787 ἦ-ἵτ)
284 2756 315 2778 v.
338 2749 398 2778 169
417 2757 465 2784 sq.

161 2797 202 2833 -:::-)
230 2804 298 2832 car·
321 2798 369 2826 1²
409 2796 511 2825 Simili
540 2800 645 2830 autem
671 2799 821 2836 loquendi
851 2807 968 2836 genere
992 2800 1119 2830 utuntur
1141 2799 1232 2828 lIom.
1252 2797 1342 2829 Iliad.
1363 2799 1399 2829 V.
1420 2798 1462 2829 62
1481 2805 1529 2835 ⁸41.

86 2835 363 2867 etnerodot.1in.
384 2834 422 2865 V.
443 2843 512 2871 cap.
533 2836 584 2866 97.

1538 241 1600 271 312
