1726 3106
114 1643 177 1675 105

203 135 283 179 100
764 135 892 175 VAR.
925 134 1081 175 LECT.

205 247 300 286 Cum
329 253 451 286 autem
484 254 523 285 et
551 246 720 284 Platonis
749 247 953 284 auctoritas
984 252 1084 283 tanta
1115 246 1188 293 sit,
1228 251 1267 284 et
1294 244 1457 283 Marsilii
1485 258 1642 284 convcr-

205 304 262 341 sio
280 302 328 355 ἦ)
368 303 501 340 merito
543 302 588 340 ab
627 301 797 338 omnibus
839 302 961 351 magni
1001 301 1086 338 liat:
1129 314 1201 338 non
1230 302 1324 339 male
1364 301 1451 339 mihi
1490 313 1641 351 operam

204 370 341 395 navare
379 356 535 402 videor,
588 368 692 401 cum,
740 368 834 406 quae
871 357 990 393 minus
1022 355 1116 394 bene
1154 356 1199 393 ab
1233 369 1277 393 eo
1316 355 1459 394 reddita
1498 363 1640 407 putem,

203 410 341 449 indico.
400 409 537 461 Neque
576 423 667 448 vero
705 409 742 447 id
778 410 900 455 facio,
944 408 1040 460 quod
1081 409 1127 447 de
1161 410 1242 461 ipso
1280 424 1407 460 parum
1447 410 1642 460 magnifiee

204 466 385 511 sentiam3
433 466 553 515 potius
581 477 629 503 ex
657 478 701 503 co
737 465 894 515 intelligi
931 465 1037 510 volo,
1080 477 1162 502 eum
1191 478 1212 502 a
1243 478 1300 502 me
1328 467 1364 502 in
1398 465 1577 502 bonorum
1606 470 1645 502 et

204 519 435 558 eruditorum
461 520 705 570 interpretum
730 533 882 557 numero
913 519 1057 557 haberi.
1116 520 1215 558 Nam
1245 521 1283 557 ni
1311 521 1361 557 ita
1392 527 1517 564 esset,
1551 532 1644 556 nun-

204 588 312 627 quam
340 587 431 613 sane
461 575 580 627 ipsum
609 575 701 613 tanti
733 575 922 624 facerem,
953 573 1041 626 quid
1069 574 1166 614 bene
1193 582 1255 612 aut
1282 575 1376 614 male
1404 576 1594 614 vertisset.

727 705 1013 745 CAPUT
1069 706 1121 746 V.

493 784 723 823 Emendacus
753 785 856 823 loeus
883 799 903 822 e
929 786 1119 824 Ciceronis
1146 786 1345 836 Agrariels.

202 862 442 921 CICERONIS
479 883 516 920 in
546 883 695 920 Rullum
711 880 788 936 Μ)
828 883 922 920 baec
951 883 1066 921 verba
1096 890 1203 930 sunt,
1244 884 1305 921 ubi
1336 898 1418 923 eum
1455 898 1537 923 cum
1566 883 1639 936 Cn.

199 938 370 977 Domitio
403 945 616 988 comparat:
653 940 744 984 Ille,
791 940 891 988 quod
919 939 1011 976 dari
1027 941 1165 989 populo
1202 941 1304 978 mello
1341 941 1447 977 modo
1473 947 1640 991 poterat,

202 1002 324 1033 tantem
359 994 626 1044 quodammodo
659 995 784 1040 deda,-
826 995 907 1040 hie,
949 995 1049 1044 quod
1077 995 1196 1031 adimi
1221 996 1322 1032 nullo
1348 1003 1464 1045 pacto
1492 1001 1646 1045 poterat

196 1056 408 1101 potestate,
448 1050 610 1099 quadam
647 1051 797 1086 ratione
832 1051 979 1099 eripere
1017 1056 1189 1087 conatur.
1248 1049 1355 1096 Quae
1389 1051 1422 1087 si
1452 1049 1646 1088 emendate

199 1105 397 1154 leguntur,
446 1116 605 1141 neeesse
641 1111 723 1150 est,
775 1104 826 1141 ibi
866 1104 1004 1142 Cicero
1042 1103 1180 1142 dixerit
1214 1112 1420 1155 potestate,
1475 1104 1514 1142 id
1549 1103 1645 1156 quod

199 1160 289 1197 alibi
324 1173 396 1211 pro
429 1166 616 1209 potestate
653 1167 717 1196 aut
749 1173 822 1210 per
853 1166 1078 1210 potestatem
1124 1159 1250 1198 dicere
1289 1161 1497 1198 consuevit.
1566 1159 1645 1198 Sed

199 1227 272 1265 ego
302 1213 450 1266 quidem
479 1227 559 1252 eam
588 1215 809 1266 scripturam
839 1216 966 1252 vitium
996 1216 1031 1252 in
1063 1227 1105 1252 se
1133 1216 1328 1253 continere
1358 1216 1539 1254 arbitror:
1580 1229 1646 1253 ne-

200 1282 271 1321 que
302 1268 496 1307 admodum
526 1269 678 1316 dubito,
720 1270 805 1320 quin
836 1270 887 1307 ita
926 1269 1121 1320 legendum
1153 1271 1222 1307 sit:
1263 1273 1356 1316 Hic,
1396 1272 1496 1322 quod
1530 1272 1650 1309 adimi

201 1326 305 1364 mallo
339 1332 453 1376 paeto
486 1331 643 1375 poterat
675 1331 843 1375 potestve
855 1324 983 1376 *⁹¹³ss1‘),
1023 1326 1185 1376 quadam
1224 1328 1374 1363 ratione
1407 1328 1554 1377 eripere
1584 1339 1645 1363 eo-

201 1387 331 1419 nalm‘.
386 1379 562 1418 Nondum
592 1387 714 1417 tamen
742 1380 830 1417 mihi
859 1381 1035 1430 contigit,
1067 1393 1284 1431 quemquam
1314 1388 1481 1419 veterem
1512 1382 1645 1419 librum

201 1434 357 1482 videre,
403 1436 465 1485 qui
504 1435 757 1473 coniecturam
796 1448 915 1473 meam
954 1436 1214 1482 confirmarem
1264 1435 1330 1473 sed
1372 1437 1482 1475 facile
1521 1438 1559 1475 in
1598 1449 1643 1475 eo

201 1490 276 1529 labi
303 1491 471 1543 potuisse
503 1490 699 1538 librariOS‚
732 1503 864 1538 nemo,
895 1497 935 1529 ut
965 1492 1122 1542 opinor,
1153 1504 1226 1529 non
1255 1490 1372 1530 videt.

711 1636 997 1678 CAPUT
1052 1637 1136 1678 VI.

329 1716 529 1755 Plautinae
555 1716 682 1754 Stichi
702 1717 932 1767 principium
961 1717 1194 1754 emendatum
1223 1722 1264 1754 ec
1289 1716 1518 1754 dektmctum.

203 1793 315 1853 CUM
356 1815 469 1852 multa
506 1815 596 1852 mihi
633 1814 899 1867 impedimento
937 1817 1034 1863 sint,
1079 1829 1126 1854 ne
1164 1817 1304 1868 possim
1341 1815 1510 1853 Plautum
1540 1827 1563 1852 a
1587 1826 1645 1852 me

205 1869 441 1908 emendatum
481 1877 554 1907 tam
598 1871 697 1918 cito,
750 1885 857 1936 quam
896 1885 1158 1923 speraveram,
1209 1870 1416 1923 edere†);
1468 1870 1647 1907 constitui

204 1927 352 1964 interea
380 1927 601 1976 inspergere
639 1927 745 1964 libris
775 1929 865 1967 meis
901 1928 1096 1966 nonnullos
1134 1927 1215 1965 eius
1250 1929 1382 1978 poe'tae
1419 1926 1523 1963 locos
1562 1937 1646 1963 eos-

206 1993 294 2032 que,
318 1979 500 2031 quomodo
529 1981 709 2031 legendos
730 1983 907 2030 arbitrer,
939 1996 1150 2034 exponere.-
1180 1990 1220 2020 ut
1247 1990 1285 2020 et
1313 1982 1472 2033 aliquem
1500 1987 1648 2031 gustum

205 2035 290 2074 dem
321 2043 476 2073 conatus
505 2037 601 2082 mei,
635 2044 673 2074 et
700 2038 800 2075 iuxta
815 2038 898 2091 ††)
932 2045 1171 2089 praeceptum
1198 2036 1359 2075 Hesiodi
1394 2033 1554 2089 σμικοόν
1585 2033 1648 2074 ἐπὶ

206 2086 367 2143 σμικρὸν
388 2089 649 2141 καταθέμενος
662 2090 776 2144 †††)
805 2094 980 2144 paulatim
1004 2100 1118 2130 totum
1147 2106 1238 2143 opus
1261 2092 1463 2129 absolvam.
1511 2090 1646 2141 Neque

206 2159 299 2184 vero
336 2159 394 2184 me
425 2146 586 2196 pigebit,
629 2145 775 2197 Apellis
810 2149 1006 2199 exemplo,
1050 2149 1081 2185 si
1116 2149 1199 2198 quis
1238 2146 1323 2197 quid
1357 2147 1566 2192 monuerit,
1608 2145 1645 2182 in

208 2214 280 2253 quo
309 2213 488 2253 peccasse
517 2200 668 2249 videar,
701 2214 870 2242 errorem
898 2204 1114 2254 corrigere,
1145 2210 1206 2250 et,
1239 2201 1337 2253 quod
1364 2202 1499 2240 rationi
1529 2201 1647 2251 magis

285 2326 329 2363 ἡ)
350 2329 456 2356 Semel
474 2327 590 2362 legitur
608 2334 659 2362 an
679 2328 879 2363 Quinctilian.
903 2329 956 2357 lib.
977 2330 1014 2358 X.
1034 2336 1101 2365 cap.
1122 2330 1152 2358 5.
1173 2330 1205 2366 S.
1224 2329 1254 2358 4.
1292 2330 1357 2359 Sed
1375 2330 1405 2358 et
1423 2329 1476 2358 illa
1505 2336 1555 2358 ex
1573 2330 1647 2358 La·
1683 2358 1685 2360 .

209 2365 308 2394 tz‘nz‘s
336 2367 547 2393 conversio
581 2367 706 2394 mullum
737 2368 767 2394 el
791 2368 860 2402 ipsa
886 2369 1064 2402 contulerit,
1100 2367 1152 2396 ubi
1180 2368 1414 2396 commendatur
1441 2366 1647 2396 convertendi

209 2403 349 2432 studium
370 2405 465 2436 atque
483 2404 582 2431 labor.
621 2405 793 2432 Praeterea
818 2406 903 2433 recte
933 2405 1048 2434 iudicat
1074 2405 1228 2435 Kreusius
1253 2405 1361 2435 Antib.
1390 2411 1462 2440 pag.
1484 2405 1554 2436 160
1574 2405 1646 2435 274.

208 2441 355 2470 addenda
374 2447 448 2469 esse
467 2441 638 2478 quaedam,
660 2443 752 2470 velut
771 2449 814 2470 ex
836 2443 966 2471 Graecis
983 2444 1015 2471 in
1034 2443 1156 2472 Latmo.

284 2489 354 2525 ³:³1³]
376 2490 461 2518 Orat.
480 2490 519 2518 Π.
539 2495 606 2523 cap.
628 2490 656 2518 7.
677 2492 757 2519 extr.
779 2490 810 2526 5.
832 2490 880 2520 19.

284 2537 379 2573 *ere-:2³7
404 2539 503 2566 Nemo
529 2539 656 2572 praeter
681 2539 867 2567 Lambinum
894 2540 1051 2567 Muretum
1079 2540 1206 2568 secutus
1235 2540 1293 2568 est.
1334 2538 1473 2570 oreuius
1501 2538 1645 2570 coniicit:

209 2577 293 2613 quod
310 2576 403 2604 adimi
422 2576 506 2603 mello
525 2577 615 2609 pacto
634 2577 753 2611 potest,
775 2577 904 2612 quadam
923 2577 1044 2606 ratione
1061 2580 1121 2606 cet.
1159 2579 1271 2606 Fassx.

284 2624 330 2662 T)
351 2623 398 2654 cf.
419 2626 573 2652 annotata
591 2624 632 2652 ad
651 2625 703 2652 IX.
721 2625 770 2653 13.

285 2671 360 2712 ††)
380 2674 444 2702 Imo
463 2673 637 2700 seeundum.
669 2673 817 2702 Alterum
838 2674 889 2702 est
908 2673 1050 2703 cadentis
1067 2673 1258 2702 Latinitatis
1288 2673 1375 2702 Idem
1392 2673 1516 2703 notavit
1535 2673 1646 2709 Sciop-

208 2711 281 2745 pius
285 2685 428 2741 URhetor
448 2712 562 2738 Exere.
582 2716 654 2744 pag.
677 2711 725 2739 17.
765 2712 803 2739 D.
824 2712 862 2738 R.
882 2725 919 2731 —
961 2711 1031 2740 tid.
1054 2712 1144 2740 eund.
1165 2712 1204 2740 de
1225 2711 1299 2740 stilo
1319 2711 1392 2741 hist.
1412 2718 1483 2747 pag.
1505 2711 1575 2741 134.
1596 2712 1645 2741 ed.

209 2749 314 2778 Fabri.
350 2749 469 2778 cellar.
491 2748 563 2777 Cur.
583 2749 702 2782 poster.
723 2755 796 2783 pag.
818 2748 888 2777 182.
927 2750 1039 2777 Fami.

283 2801 384 2842 ἑῇ)
396 2793 499 2841 ’Έργ-
524 2795 584 2829 καὶ
597 2792 683 2841 “.Ημ
702 2810 733 2832 v.
748 2803 821 2833 361.
841 2803 890 2832 ed.
907 2804 1078 2849 Goettling.
1093 2804 1145 2840 (v.
1159 2805 1231 2833 331
1245 2803 1381 2834 Brunck.
1401 2803 1474 2833 363.
1492 2802 1644 2841 spelm.)

209 2845 298 2875 Nunc
317 2846 449 2883 legitur:
478 2841 511 2876 εἰ
532 2838 604 2887 γάρ
628 2853 691 2877 κεν
714 2842 776 2876 καὶ
799 2836 954 2887 σμικρὸν
978 2840 1041 2876 ἐπὶ
1064 2843 1242 2888 σμικρῷ
1265 2843 1450 2877 καταθεῖο.
