1726 3106
557 116 660 157 LlB.
692 116 743 156 11.
805 115 924 154 CAP.
957 115 1029 155 VI.
1461 116 1515 157 35

239 230 362 268 Parva
391 228 478 266 lieet
504 227 634 265 videas
664 233 796 277 captae
825 227 983 265 delubra
1012 227 1223 274 Minervae,

300 285 402 333 Quae
433 283 503 320 dea
531 284 658 321 natali
682 284 804 332 coepit
830 281 970 320 habere
999 295 1080 320 suo.

241 339 412 377 Nominis
440 339 476 375 in
507 338 619 374 dubio
651 350 787 375 caussa
815 343 885 374 est.
948 338 1119 388 Capitale
1143 350 1318 376 vocamus

296 394 488 443 Ingenium
518 395 675 431 sollers.-
707 393 903 442 ingeniosa
933 393 1003 430 dea
1032 399 1101 431 est.

77 480 214 532 Neque
243 494 300 518 me
328 481 438 526 latet,
478 479 567 517 alibi
585 478 630 531 ᾗ)
660 479 811 517 Philisti
840 479 1058 517 brevitatem
1085 493 1106 517 a
1135 478 1322 517 Cicerone
1360 477 1517 518 laudari.

80 535 157 574 Sed
187 535 286 573 aliud
315 543 374 573 est
400 536 551 573 brevem
584 548 695 580 esse,
728 533 827 572 aliud
856 535 977 584 capita
1009 548 1132 573 rerum
1162 536 1362 584 attingere.
1424 536 1519 572 Bre-

80 592 175 629 vitas
212 590 358 641 quidem
397 592 507 628 etiam
547 591 582 627 in
620 588 841 641 Thucydide
881 589 1133 641 Sallustioque
1172 589 1353 628 laudatur.
1412 590 1522 627 Fieri

80 653 203 684 tamen
232 653 369 697 potest,
402 653 442 682 ut
469 646 533 682 ille
558 645 656 682 aliud
681 645 865 695 quippiam
896 652 1047 683 secutus
1080 646 1144 690 sit,
1174 644 1271 696 quod
1302 658 1359 683 me
1387 646 1518 695 fugiat.

81 700 216 752 Neque
250 714 320 751 ego
347 702 464 752 ipsius
495 700 632 738 iudicio
659 713 779 737 meum
809 701 985 751 anteponi
1011 701 1168 751 postulo.
1228 700 1404 746 Tantum,
1437 699 1523 751 quid

82 757 173 795 mihi
202 755 395 803 videatur,
426 763 555 808 aperte
584 768 629 794 ac
657 755 775 794 libere
803 754 913 794 dico:
955 755 1131 794 iudicium
1160 756 1315 794 aliorum
1343 756 1456 794 facio.

589 919 881 959 CAPUT
937 919 1014 959 VI.

84 1001 295 1051 Pauperum
318 999 579 1049 cognationem
609 1010 632 1035 a
660 999 805 1035 nemine
834 998 996 1035 libenter
1021 999 1194 1047 agnosci.
1252 998 1422 1037 Terentii
1443 1000 1526 1038 loeo

451 1054 593 1091 allatus
623 1065 696 1090 non
727 1053 918 1090 dissimili&
943 1053 1162 1091 Menandri.

86 1145 220 1212 QUOD
249 1165 359 1203 homo
388 1165 551 1214 impurus
582 1162 675 1214 apud
697 1164 916 1202 Terentium
947 1163 1101 1201 subdole
1134 1171 1172 1202 et
1198 1164 1384 1202 malitiose
1405 1164 1528 1204 Phor-

85 1225 159 1262 mio
199 1221 312 1267 dicit,
363 1220 504 1257 iccirco
542 1220 638 1257 nolle
675 1218 947 1269 Demiphonem
986 1232 1194 1269 agnoscere
1233 1232 1314 1257 eam
1352 1221 1527 1271 pueliam,

85 1279 191 1317 cuius
220 1277 300 1327 ipse
327 1287 367 1312 se
394 1273 630 1312 defensorem
660 1287 745 1312 esse
770 1274 978 1320 simulabat,
1011 1282 1181 1325 tanquam
1213 1283 1407 1325 cognatam
1438 1276 1527 1322 sibi,

85 1332 183 1385 quod
213 1333 276 1369 itta
304 1343 422 1380 egens
451 1330 581 1368 relicta
610 1337 736 1368 esset.
768 1328 805 1367 id
833 1330 917 1366 olim
940 1329 1155 1367 Menander
1183 1331 1389 1380 generatim
1419 1338 1529 1381 atque

85 1389 285 1432 universe,
323 1398 462 1422 summa
491 1398 573 1422 cum
603 1385 813 1433 elegantia,
846 1384 1015 1422 dixerat:
1057 1386 1417 1437 pronunciaratque,
1459 1386 1531 1423 dif-

87 1444 184 1482 ficile
212 1449 250 1479 et
279 1453 476 1491 operosum
507 1453 617 1489 esse,
648 1441 817 1490 reperire
851 1448 1048 1490 cognatum
1080 1441 1270 1492 pauperis·
1330 1440 1531 1480 Neminem

87 1499 186 1537 enim
225 1497 360 1541 fateri,
400 1496 471 1533 sibi
509 1496 699 1547 quicquam
737 1508 823 1533 esse
860 1508 970 1541 eum,
1016 1496 1076 1547 qui
1115 1497 1243 1533 auxilii
1281 1496 1436 1534 alieuius
1473 1498 1530 1534 in-

89 1553 261 1604 digeret.
301 1558 500 1602 propterea
529 1551 625 1601 quod
663 1551 789 1588 statim
817 1557 966 1602 putaret
994 1564 1016 1589 a
1044 1564 1085 1589 se
1114 1550 1252 1603 aliquid
1281 1552 1436 1603 petitum
1464 1552 1527 1590 iri.

88 1608 261 1648 Terentii
292 1619 424 1644 versus
455 1603 578 1642 sunt*
582 1603 649 1658 ἧς

258 1685 354 1734 Quia
380 1696 492 1733 egens
518 1684 652 1722 relicta
682 1689 739 1720 est
765 1683 926 1729 misera,
956 1684 1159 1733 ignoratur
1183 1696 1341 1734 parens,

257 1740 480 1790 Negligitur
508 1740 604 1789 ipsa.
666 1738 762 1776 Vide
773 1765 788 1785 ‚
819 1739 983 1776 avaritia
1013 1740 1104 1789 quid
1118 1739 1239 1791 facit.

89 1825 292 1868 Menandri
319 1833 440 1864 autem
453 1823 580 1879 ἢῆ).

255 1927 310 1933 —
336 1926 391 1932 —
418 1926 469 1931 —
487 1898 632 1955 ’Έργον
660 1898 784 1969 εὗρεΐν
811 1904 974 1969 συγγενῆ

257 1954 433 2009 Πένητός
462 1957 572 1997 ἐστιν.
628 1954 785 2004 Οὐὸεεὶς
809 1954 879 2010 γὰρ
910 1954 1098 2024 ομολογεῖ,

255 2010 374 2068 Αὗτῷ
403 2027 608 2065 προςηκειν
633 2009 700 2052 τὸν
727 2013 917 2064 βοηθείας
945 2010 1048 2060 τινὸς

255 2055 474 2121 Δεόμενον·
503 2068 695 2108 αἰτεῖσθαι
721 2065 793 2121 γὰρ
823 2066 901 2119 ἅμα
923 2068 959 2107 τὶ
986 2067 1193 2122 προςδοκᾷ.
1555 2076 1598 2106 39

92 2156 330 2198 Menandrea
380 2169 472 2196 vero
514 2156 607 2195 haec
651 2157 702 2195 ita
746 2158 784 2194 in
829 2156 1001 2194 Latinum
1045 2168 1257 2195 sermonem
1304 2156 1535 2195 converterit

94 2215 300 2267 quispiam:

257 2312 312 2320 —-
336 2314 388 2321 —
416 2310 471 2317 ’-
503 2303 622 2340 aegre
650 2291 835 2328 inveneris

261 2347 471 2395 Cognatam
501 2347 656 2395 egentis.
718 2347 836 2383 Nemo
865 2346 959 2382 enim
990 2345 1163 2394 agnoseit
1191 2342 1323 2389 libens,

257 2402 326 2440 Ad
350 2414 390 2438 se
418 2402 580 2438 attinere
607 2413 688 2437 eum
703 2428 715 2445 ,
748 2401 828 2450 opis
854 2401 1013 2438 alieuius
1041 2401 1110 2450 qui
1135 2399 1294 2449 indiget,

258 2457 356 2495 Nam
383 2469 471 2493 mooe
492 2457 652 2507 petitum
680 2457 867 2506 quippiam
897 2467 920 2493 a
947 2467 986 2492 se
1015 2456 1070 2492 iri
1087 2461 1215 2505 putat.

173 2612 218 2647 ³1³)
250 2611 282 2641 in
310 2613 398 2642 Brut.
433 2620 502 2648 cap.
533 2613 581 2642 17.
612 2612 643 2646 ς.
676 2613 726 2642 66.
766 2614 798 2641 et
832 2614 957 2645 Fragm.
987 2617 1029 2639 ex
1058 2609 1227 2639 Hortensio
1257 2609 1326 2637 V.ol
1353 2609 1406 2637 IV.
1432 2609 1468 2636 P.
1494 2608 1534 2636 11.

99 2650 450 2686 paa.479.ed.ore11
490 2650 535 2679 Cf.
558 2652 592 2678 Ρ.
615 2650 697 2679 Vict.
720 2651 793 2679 Var.
808 2651 894 2678 Lect.
914 2650 967 2678 nn.
984 2649 1022 2677 Χ.
1043 2656 1111 2683 cap.
1137 2649 1184 2677 10.
1214 2648 1339 2676 Goeller
1361 2647 1400 2676 de
1420 2646 1483 2674 situ
1503 2647 1534 2674 et

98 2689 219 2725 origine
239 2691 387 2722 SsQracus
406 2695 478 2723 pag.
501 2689 559 2716 132
579 2696 648 2723 sqq.

172 2735 240 2800 ἴτε)
261 2737 499 2771 Phorm.11.3‚
523 2736 572 2763 10.

200 2783 266 2818 Μ)
294 2787 358 2818 An.
384 2785 468 2812 Stoi».
495 2783 596 2811 serm.
623 2783 660 2820 X.
689 2789 761 2819 pag.
789 2782 860 2812 127.
900 2781 971 2811 vm,
1001 2782 1083 2809 Men.
1113 2782 1145 2810 et
1172 2779 1306 2811 Philem.
1334 2777 1457 2814 Reliqq.
1487 2777 1535 2806 ed.

100 2800 255 2857 Menieke.
277 2834 348 2863 pag.
369 2828 399 2858 4
420 2828 472 2857 ubi
492 2819 575 2855 οὐὸὲ
600 2833 659 2860 εις.
1202 2861 1265 2904 3*
