<?xml version="1.0" encoding="UTF-8"?>
<!DOCTYPE html PUBLIC "-//W3C//DTD XHTML 1.0 Transitional//EN"
    "http://www.w3.org/TR/xhtml1/DTD/xhtml1-transitional.dtd">
<html xmlns="http://www.w3.org/1999/xhtml" xml:lang="en" lang="en">
 <head>
  <title>
</title>
<meta http-equiv="Content-Type" content="text/html;charset=utf-8" />
  <meta name='ocr-system' content='tesseract 3.04.00' />
  <meta name='ocr-capabilities' content='ocr_page ocr_carea ocr_par ocr_line ocrx_word'/>
</head>
<body>
  <div class='ocr_page' id='page_1' title='image "./operaomniaexmssa03mureuoft/operaomniaexmssa03mureuoft_0437.png"; bbox 0 0 1778 3096; ppageno 0'>
   <div class='ocr_carea' id='block_1_1' title="bbox 492 138 1492 180">
    <p class='ocr_par' dir='ltr' id='par_1_1' title="bbox 492 138 1492 180">
     <span class='ocr_line' id='line_1_1' title="bbox 492 138 1492 180; baseline 0.002 -2"><span class='ocrx_word' id='word_1_1' title='bbox 492 138 589 178; x_wconf 85' lang='lat' dir='ltr'>L113.</span> <span class='ocrx_word' id='word_1_2' title='bbox 623 139 713 180; x_wconf 89' lang='lat' dir='ltr'>XV.</span> <span class='ocrx_word' id='word_1_3' title='bbox 774 139 893 178; x_wconf 76' lang='lat' dir='ltr'><strong>CAP.</strong></span> <span class='ocrx_word' id='word_1_4' title='bbox 925 138 1059 178; x_wconf 85' lang='lat' dir='ltr'>XVII.</span> <span class='ocrx_word' id='word_1_5' title='bbox 1414 138 1492 180; x_wconf 80' lang='lat'>351</span> 
     </span>
    </p>
   </div>
   <div class='ocr_carea' id='block_1_2' title="bbox 61 247 1493 301">
    <p class='ocr_par' dir='ltr' id='par_1_2' title="bbox 61 247 1493 301">
     <span class='ocr_line' id='line_1_2' title="bbox 61 247 1493 301; baseline -0.001 -12"><span class='ocrx_word' id='word_1_6' title='bbox 61 263 195 296; x_wconf 81' lang='lat' dir='ltr'>saevo,</span> <span class='ocrx_word' id='word_1_7' title='bbox 226 248 420 288; x_wconf 86' lang='lat' dir='ltr'>delendum</span> <span class='ocrx_word' id='word_1_8' title='bbox 449 255 523 288; x_wconf 86' lang='lat' dir='ltr'>est.</span> <span class='ocrx_word' id='word_1_9' title='bbox 581 248 691 300; x_wconf 86' lang='lat' dir='ltr'><strong>Apud</strong></span> <span class='ocrx_word' id='word_1_10' title='bbox 724 248 880 287; x_wconf 87' lang='lat' dir='ltr'>eundem</span> <span class='ocrx_word' id='word_1_11' title='bbox 912 249 1031 300; x_wconf 85' lang='lat' dir='ltr'>capite</span> <span class='ocrx_word' id='word_1_12' title='bbox 1061 247 1131 286; x_wconf 81' lang='lat'>111.</span> <span class='ocrx_word' id='word_1_13' title='bbox 1164 248 1250 286; x_wconf 83' lang='lat' dir='ltr'><strong>libri</strong></span> <span class='ocrx_word' id='word_1_14' title='bbox 1280 247 1493 301; x_wconf 64' lang='lat' dir='ltr'>XXV1.*)</span> 
     </span>
    </p>
   </div>
   <div class='ocr_carea' id='block_1_3' title="bbox 54 303 1496 962">
    <p class='ocr_par' dir='ltr' id='par_1_3' title="bbox 54 303 1496 962">
     <span class='ocr_line' id='line_1_3' title="bbox 59 303 1495 350; baseline -0.003 -5"><span class='ocrx_word' id='word_1_15' title='bbox 59 307 336 345; x_wconf 81' lang='lat' dir='ltr'>Abstinentiam</span> <span class='ocrx_word' id='word_1_16' title='bbox 365 306 453 350; x_wconf 87' lang='lat' dir='ltr'>eibi,</span> <span class='ocrx_word' id='word_1_17' title='bbox 485 306 582 343; x_wconf 80' lang='lat' dir='ltr'>alias</span> <span class='ocrx_word' id='word_1_18' title='bbox 611 306 702 344; x_wconf 77' lang='lat' dir='ltr'><em>vini.</em></span> <span class='ocrx_word' id='word_1_19' title='bbox 759 304 856 342; x_wconf 86' lang='lat' dir='ltr'>Dele</span> <span class='ocrx_word' id='word_1_20' title='bbox 886 304 988 350; x_wconf 87' lang='lat' dir='ltr'>illud,</span> <span class='ocrx_word' id='word_1_21' title='bbox 1020 306 1117 342; x_wconf 75' lang='lat' dir='ltr'>altas</span> <span class='ocrx_word' id='word_1_22' title='bbox 1144 305 1246 342; x_wconf 82' lang='lat' dir='ltr'><em>vini.-</em></span> <span class='ocrx_word' id='word_1_23' title='bbox 1278 303 1366 341; x_wconf 84' lang='lat' dir='ltr'>dicit</span> <span class='ocrx_word' id='word_1_24' title='bbox 1394 304 1495 341; x_wconf 89' lang='lat' dir='ltr'>enim</span> 
     </span>
     <span class='ocr_line' id='line_1_4' title="bbox 60 356 1491 410; baseline -0.003 -10"><span class='ocrx_word' id='word_1_25' title='bbox 60 358 218 400; x_wconf 67' lang='grc' dir='ltr'><em>ἀσιτίαν.</em></span> <span class='ocrx_word' id='word_1_26' title='bbox 275 359 386 410; x_wconf 88' lang='lat' dir='ltr'><strong>Apud</strong></span> <span class='ocrx_word' id='word_1_27' title='bbox 417 360 587 397; x_wconf 87' lang='lat' dir='ltr'>Tacitum</span> <span class='ocrx_word' id='word_1_28' title='bbox 619 360 714 397; x_wconf 89' lang='lat' dir='ltr'>libro</span> <span class='ocrx_word' id='word_1_29' title='bbox 741 359 812 396; x_wconf 89' lang='grc' dir='ltr'>ΧΙ.</span> <span class='ocrx_word' id='word_1_30' title='bbox 831 356 904 408; x_wconf 41' lang='lat' dir='ltr'>iffi)</span> <span class='ocrx_word' id='word_1_31' title='bbox 931 359 977 396; x_wconf 90' lang='lat' dir='ltr'>ab</span> <span class='ocrx_word' id='word_1_32' title='bbox 1007 371 1165 396; x_wconf 77' lang='lat' dir='ltr'>excessu</span> <span class='ocrx_word' id='word_1_33' title='bbox 1195 358 1281 396; x_wconf 84' lang='lat' dir='ltr'>Divi</span> <span class='ocrx_word' id='word_1_34' title='bbox 1304 358 1491 409; x_wconf 83' lang='lat' dir='ltr'>Augusti:</span> 
     </span>
     <span class='ocr_line' id='line_1_5' title="bbox 65 413 1496 466; baseline -0.002 -12"><span class='ocrx_word' id='word_1_35' title='bbox 65 417 120 454; x_wconf 82' lang='lat' dir='ltr'>Ut</span> <span class='ocrx_word' id='word_1_36' title='bbox 142 416 406 466; x_wconf 70' lang='lat' dir='ltr'>saerffieantes</span> <span class='ocrx_word' id='word_1_37' title='bbox 429 417 489 453; x_wconf 83' lang='lat' dir='ltr'>vet</span> <span class='ocrx_word' id='word_1_38' title='bbox 511 417 738 453; x_wconf 74' lang='lat' dir='ltr'>insanientes</span> <span class='ocrx_word' id='word_1_39' title='bbox 759 414 949 453; x_wconf 71' lang='lat' dir='ltr'>Bacchae.</span> <span class='ocrx_word' id='word_1_40' title='bbox 999 413 1132 451; x_wconf 81' lang='lat' dir='ltr'><strong>Utrum</strong></span> <span class='ocrx_word' id='word_1_41' title='bbox 1160 428 1231 452; x_wconf 92' lang='lat' dir='ltr'>non</span> <span class='ocrx_word' id='word_1_42' title='bbox 1255 415 1366 451; x_wconf 83' lang='lat' dir='ltr'>facile</span> <span class='ocrx_word' id='word_1_43' title='bbox 1389 413 1496 451; x_wconf 83' lang='lat' dir='ltr'>dixe-</span> 
     </span>
     <span class='ocr_line' id='line_1_6' title="bbox 61 466 1493 521; baseline -0.002 -13"><span class='ocrx_word' id='word_1_44' title='bbox 61 472 154 509; x_wconf 83' lang='lat' dir='ltr'>rim:</span> <span class='ocrx_word' id='word_1_45' title='bbox 182 471 337 508; x_wconf 85' lang='lat' dir='ltr'>alterum</span> <span class='ocrx_word' id='word_1_46' title='bbox 370 476 474 507; x_wconf 86' lang='lat' dir='ltr'>certe</span> <span class='ocrx_word' id='word_1_47' title='bbox 504 469 679 521; x_wconf 74' lang='grc' dir='ltr'><em>παρέλκει</em></span> <span class='ocrx_word' id='word_1_48' title='bbox 694 466 810 521; x_wconf 45' lang='lat' dir='ltr'>ww).</span> <span class='ocrx_word' id='word_1_49' title='bbox 865 466 976 518; x_wconf 88' lang='lat' dir='ltr'><strong>Apud</strong></span> <span class='ocrx_word' id='word_1_50' title='bbox 1010 468 1167 506; x_wconf 89' lang='lat' dir='ltr'>eundem</span> <span class='ocrx_word' id='word_1_51' title='bbox 1200 469 1294 507; x_wconf 90' lang='lat' dir='ltr'>libro</span> <span class='ocrx_word' id='word_1_52' title='bbox 1316 468 1493 520; x_wconf 75' lang='lat' dir='ltr'>X111.†)</span> 
     </span>
     <span class='ocr_line' id='line_1_7' title="bbox 57 523 1496 575; baseline -0.003 -10"><span class='ocrx_word' id='word_1_53' title='bbox 57 526 274 565; x_wconf 69' lang='lat' dir='ltr'>Audimtur</span> <span class='ocrx_word' id='word_1_54' title='bbox 302 525 389 562; x_wconf 78' lang='lat' dir='ltr'>hine</span> <span class='ocrx_word' id='word_1_55' title='bbox 409 524 741 575; x_wconf 79' lang='lat' dir='ltr'>Germanieifilia,</span> <span class='ocrx_word' id='word_1_56' title='bbox 772 525 860 561; x_wconf 80' lang='lat' dir='ltr'>inde</span> <span class='ocrx_word' id='word_1_57' title='bbox 886 524 970 560; x_wconf 82' lang='lat' dir='ltr'><em>vilis</em></span> <span class='ocrx_word' id='word_1_58' title='bbox 999 536 1134 560; x_wconf 79' lang='lat' dir='ltr'>rursus</span> <span class='ocrx_word' id='word_1_59' title='bbox 1162 527 1326 562; x_wconf 76' lang='lat' dir='ltr'>Burrus.</span> <span class='ocrx_word' id='word_1_60' title='bbox 1376 523 1496 561; x_wconf 88' lang='lat' dir='ltr'>Liber</span> 
     </span>
     <span class='ocr_line' id='line_1_8' title="bbox 57 576 1496 627; baseline -0.003 -8"><span class='ocrx_word' id='word_1_61' title='bbox 57 587 185 619; x_wconf 84' lang='lat' dir='ltr'>vetus:</span> <span class='ocrx_word' id='word_1_62' title='bbox 219 581 304 618; x_wconf 84' lang='lat' dir='ltr'>inde</span> <span class='ocrx_word' id='word_1_63' title='bbox 333 581 462 617; x_wconf 70' lang='lat' dir='ltr'>devilis·</span> <span class='ocrx_word' id='word_1_64' title='bbox 494 593 628 618; x_wconf 74' lang='lat' dir='ltr'>rursus</span> <span class='ocrx_word' id='word_1_65' title='bbox 655 586 725 617; x_wconf 80' lang='lat' dir='ltr'>aut</span> <span class='ocrx_word' id='word_1_66' title='bbox 751 581 914 617; x_wconf 74' lang='lat' dir='ltr'>Burrus.</span> <span class='ocrx_word' id='word_1_67' title='bbox 974 576 1217 627; x_wconf 83' lang='lat' dir='ltr'>Legendum:</span> <span class='ocrx_word' id='word_1_68' title='bbox 1249 581 1334 617; x_wconf 81' lang='lat' dir='ltr'>imle</span> <span class='ocrx_word' id='word_1_69' title='bbox 1363 579 1496 616; x_wconf 79' lang='lat' dir='ltr'>debilis</span> 
     </span>
     <span class='ocr_line' id='line_1_9' title="bbox 57 634 1496 684; baseline -0.003 -11"><span class='ocrx_word' id='word_1_70' title='bbox 57 638 220 674; x_wconf 79' lang='lat' dir='ltr'>Burrus.</span> <span class='ocrx_word' id='word_1_71' title='bbox 268 635 434 673; x_wconf 86' lang='lat' dir='ltr'>Debilem</span> <span class='ocrx_word' id='word_1_72' title='bbox 463 643 585 672; x_wconf 88' lang='lat' dir='ltr'>autem</span> <span class='ocrx_word' id='word_1_73' title='bbox 615 641 737 678; x_wconf 82' lang='lat' dir='ltr'>vocat,</span> <span class='ocrx_word' id='word_1_74' title='bbox 766 635 850 684; x_wconf 88' lang='lat' dir='ltr'>quia</span> <span class='ocrx_word' id='word_1_75' title='bbox 879 640 1009 670; x_wconf 87' lang='lat' dir='ltr'>trunca</span> <span class='ocrx_word' id='word_1_76' title='bbox 1033 640 1114 670; x_wconf 84' lang='lat' dir='ltr'>erat</span> <span class='ocrx_word' id='word_1_77' title='bbox 1144 647 1278 670; x_wconf 90' lang='lat' dir='ltr'>manu:</span> <span class='ocrx_word' id='word_1_78' title='bbox 1311 640 1349 670; x_wconf 87' lang='lat' dir='ltr'>ut</span> <span class='ocrx_word' id='word_1_79' title='bbox 1370 634 1496 670; x_wconf 88' lang='lat' dir='ltr'>statim</span> 
     </span>
     <span class='ocr_line' id='line_1_10' title="bbox 57 686 1496 740; baseline -0.003 -12"><span class='ocrx_word' id='word_1_80' title='bbox 57 690 219 728; x_wconf 85' lang='lat' dir='ltr'>subiicit.</span> <span class='ocrx_word' id='word_1_81' title='bbox 259 688 370 740; x_wconf 84' lang='lat' dir='ltr'><strong>Apud</strong></span> <span class='ocrx_word' id='word_1_82' title='bbox 396 689 553 727; x_wconf 86' lang='lat' dir='ltr'>eundem</span> <span class='ocrx_word' id='word_1_83' title='bbox 573 690 664 727; x_wconf 89' lang='lat' dir='ltr'>libro</span> <span class='ocrx_word' id='word_1_84' title='bbox 686 688 800 727; x_wconf 88' lang='lat' dir='ltr'>XlV.</span> <span class='ocrx_word' id='word_1_85' title='bbox 818 686 901 740; x_wconf 74' lang='lat'>††)</span> <span class='ocrx_word' id='word_1_86' title='bbox 928 690 1000 725; x_wconf 74' lang='lat' dir='ltr'>Per</span> <span class='ocrx_word' id='word_1_87' title='bbox 1025 689 1183 726; x_wconf 49' lang='lat' dir='ltr'>insidias</span> <span class='ocrx_word' id='word_1_88' title='bbox 1205 690 1371 734; x_wconf 73' lang='lat' dir='ltr'>serviles,</span> <span class='ocrx_word' id='word_1_89' title='bbox 1400 701 1496 739; x_wconf 79' lang='lat' dir='ltr'>quas</span> 
     </span>
     <span class='ocr_line' id='line_1_11' title="bbox 54 741 1495 796; baseline -0.002 -13"><span class='ocrx_word' id='word_1_90' title='bbox 54 758 162 784; x_wconf 84' lang='lat' dir='ltr'>nemo</span> <span class='ocrx_word' id='word_1_91' title='bbox 176 746 388 796; x_wconf 75' lang='lat' dir='ltr'>prohibuit,</span> <span class='ocrx_word' id='word_1_92' title='bbox 414 752 481 783; x_wconf 75' lang='lat' dir='ltr'>emt</span> <span class='ocrx_word' id='word_1_93' title='bbox 499 746 684 795; x_wconf 75' lang='lat' dir='ltr'>prodidit,</span> <span class='ocrx_word' id='word_1_94' title='bbox 709 743 904 781; x_wconf 84' lang='lat' dir='ltr'>delendum</span> <span class='ocrx_word' id='word_1_95' title='bbox 931 741 1034 787; x_wconf 89' lang='lat' dir='ltr'>illud,</span> <span class='ocrx_word' id='word_1_96' title='bbox 1061 750 1129 781; x_wconf 81' lang='lat' dir='ltr'>aut</span> <span class='ocrx_word' id='word_1_97' title='bbox 1149 745 1332 793; x_wconf 73' lang='lat' dir='ltr'><em>prodidit.</em></span> <span class='ocrx_word' id='word_1_98' title='bbox 1380 741 1495 793; x_wconf 91' lang='lat' dir='ltr'><strong>Apud</strong></span> 
     </span>
     <span class='ocr_line' id='line_1_12' title="bbox 56 794 1495 852; baseline -0.001 -15"><span class='ocrx_word' id='word_1_99' title='bbox 56 800 296 837; x_wconf 82' lang='lat' dir='ltr'><strong>Plutarchum</strong></span> <span class='ocrx_word' id='word_1_100' title='bbox 322 800 357 837; x_wconf 91' lang='lat' dir='ltr'>in</span> <span class='ocrx_word' id='word_1_101' title='bbox 375 800 525 837; x_wconf 88' lang='lat' dir='ltr'>Theseo</span> <span class='ocrx_word' id='word_1_102' title='bbox 543 799 675 852; x_wconf 66' lang='lat'>†††):</span> <span class='ocrx_word' id='word_1_103' title='bbox 698 798 845 838; x_wconf 70' lang='grc' dir='ltr'><em>ἔπεισεν</em></span> <span class='ocrx_word' id='word_1_104' title='bbox 871 794 990 836; x_wconf 79' lang='grc' dir='ltr'><em>αὐτὸν</em></span> <span class='ocrx_word' id='word_1_105' title='bbox 1009 795 1036 848; x_wconf 79' lang='grc' dir='ltr'><em>ἢ</em></span> <span class='ocrx_word' id='word_1_106' title='bbox 1060 795 1270 849; x_wconf 81' lang='grc' dir='ltr'><em>διηπάτησε</em></span> <span class='ocrx_word' id='word_1_107' title='bbox 1290 801 1336 851; x_wconf 77' lang='grc' dir='ltr'>τῇ</span> <span class='ocrx_word' id='word_1_108' title='bbox 1357 798 1495 851; x_wconf 69' lang='grc' dir='ltr'><strong><em>Αἴθρᾳ</em></strong></span> 
     </span>
     <span class='ocr_line' id='line_1_13' title="bbox 55 849 1495 908; baseline -0.002 -14"><span class='ocrx_word' id='word_1_109' title='bbox 55 854 318 908; x_wconf 80' lang='grc' dir='ltr'><em>συγγενέσθαι.</em></span> <span class='ocrx_word' id='word_1_110' title='bbox 376 854 586 892; x_wconf 88' lang='lat' dir='ltr'>Delendum</span> <span class='ocrx_word' id='word_1_111' title='bbox 627 853 744 900; x_wconf 85' lang='lat' dir='ltr'>illud,</span> <span class='ocrx_word' id='word_1_112' title='bbox 784 851 811 904; x_wconf 79' lang='grc' dir='ltr'><em>ἢ</em></span> <span class='ocrx_word' id='word_1_113' title='bbox 841 849 1059 904; x_wconf 76' lang='grc' dir='ltr'><em>διηπάτησε.</em></span> <span class='ocrx_word' id='word_1_114' title='bbox 1118 853 1277 892; x_wconf 81' lang='lat' dir='ltr'>Parcam</span> <span class='ocrx_word' id='word_1_115' title='bbox 1293 852 1340 907; x_wconf 38' lang='grc' dir='ltr'>ᾗ)</span> <span class='ocrx_word' id='word_1_116' title='bbox 1387 853 1495 904; x_wconf 85' lang='lat' dir='ltr'>plura</span> 
     </span>
     <span class='ocr_line' id='line_1_14' title="bbox 56 908 1112 962; baseline -0.003 -14"><span class='ocrx_word' id='word_1_117' title='bbox 56 922 288 962; x_wconf 85' lang='lat' dir='ltr'>congerere,</span> <span class='ocrx_word' id='word_1_118' title='bbox 315 922 361 949; x_wconf 84' lang='lat' dir='ltr'>ne</span> <span class='ocrx_word' id='word_1_119' title='bbox 388 910 468 961; x_wconf 81' lang='lat' dir='ltr'>ipsa</span> <span class='ocrx_word' id='word_1_120' title='bbox 498 909 835 962; x_wconf 67' lang='lat' dir='ltr'>copia‘lectoribus</span> <span class='ocrx_word' id='word_1_121' title='bbox 866 908 1022 946; x_wconf 85' lang='lat' dir='ltr'>molesta</span> <span class='ocrx_word' id='word_1_122' title='bbox 1051 908 1112 945; x_wconf 87' lang='lat' dir='ltr'>sit.</span> 
     </span>
    </p>
   </div>
   <div class='ocr_carea' id='block_1_4' title="bbox 532 1030 1025 1071">
    <p class='ocr_par' dir='ltr' id='par_1_4' title="bbox 532 1030 1025 1071">
     <span class='ocr_line' id='line_1_15' title="bbox 532 1030 1025 1071; baseline -0.004 -1"><span class='ocrx_word' id='word_1_123' title='bbox 532 1030 815 1070; x_wconf 91' lang='lat' dir='ltr'><strong>CAPUT</strong></span> <span class='ocrx_word' id='word_1_124' title='bbox 870 1030 1025 1071; x_wconf 91' lang='lat' dir='ltr'>XVII.</span> 
     </span>
    </p>
   </div>
   <div class='ocr_carea' id='block_1_5' title="bbox 94 1107 1457 1215">
    <p class='ocr_par' dir='ltr' id='par_1_5' title="bbox 94 1107 1457 1215">
     <span class='ocr_line' id='line_1_16' title="bbox 94 1107 1457 1160; baseline -0.001 -12"><span class='ocrx_word' id='word_1_125' title='bbox 94 1111 207 1148; x_wconf 78' lang='lat' dir='ltr'>Recte</span> <span class='ocrx_word' id='word_1_126' title='bbox 236 1110 416 1160; x_wconf 77' lang='lat' dir='ltr'>seriptum</span> <span class='ocrx_word' id='word_1_127' title='bbox 447 1121 471 1147; x_wconf 89' lang='grc' dir='ltr'><em>α</em></span> <span class='ocrx_word' id='word_1_128' title='bbox 497 1110 668 1154; x_wconf 80' lang='lat' dir='ltr'>Donato,</span> <span class='ocrx_word' id='word_1_129' title='bbox 699 1111 758 1147; x_wconf 75' lang='lat' dir='ltr'>leis</span> <span class='ocrx_word' id='word_1_130' title='bbox 785 1109 931 1154; x_wconf 80' lang='lat' dir='ltr'>verbis,</span> <span class='ocrx_word' id='word_1_131' title='bbox 963 1107 1049 1146; x_wconf 89' lang='lat' dir='ltr'>Hoc</span> <span class='ocrx_word' id='word_1_132' title='bbox 1077 1119 1171 1158; x_wconf 85' lang='lat' dir='ltr'>age,</span> <span class='ocrx_word' id='word_1_133' title='bbox 1197 1107 1384 1146; x_wconf 79' lang='lat' dir='ltr'>silentium</span> <span class='ocrx_word' id='word_1_134' title='bbox 1417 1112 1457 1146; x_wconf 85' lang='lat' dir='ltr'>et</span> 
     </span>
     <span class='ocr_line' id='line_1_17' title="bbox 535 1165 1005 1215; baseline -0.002 -13"><span class='ocrx_word' id='word_1_135' title='bbox 535 1166 779 1202; x_wconf 68' lang='lat' dir='ltr'>attentionem</span> <span class='ocrx_word' id='word_1_136' title='bbox 811 1165 1005 1215; x_wconf 74' lang='lat' dir='ltr'>imperari.</span> 
     </span>
    </p>
   </div>
   <div class='ocr_carea' id='block_1_6' title="bbox 51 1230 1496 2129">
    <p class='ocr_par' dir='ltr' id='par_1_6' title="bbox 51 1230 1496 2129">
     <span class='ocr_line' id='line_1_18' title="bbox 51 1230 1496 1302; baseline -0.001 -15"><span class='ocrx_word' id='word_1_137' title='bbox 51 1230 265 1288; x_wconf 76' lang='lat' dir='ltr'><strong>DONATUS</strong></span> <span class='ocrx_word' id='word_1_138' title='bbox 295 1251 331 1288; x_wconf 92' lang='lat' dir='ltr'>in</span> <span class='ocrx_word' id='word_1_139' title='bbox 361 1249 625 1288; x_wconf 80' lang='lat' dir='ltr'>Phormionem</span> <span class='ocrx_word' id='word_1_140' title='bbox 657 1251 830 1288; x_wconf 84' lang='lat' dir='ltr'>Terentii</span> <span class='ocrx_word' id='word_1_141' title='bbox 846 1248 920 1302; x_wconf 52' lang='lat' dir='ltr'>³kuss)</span> <span class='ocrx_word' id='word_1_142' title='bbox 954 1251 1178 1300; x_wconf 77' lang='lat' dir='ltr'>scripserat,</span> <span class='ocrx_word' id='word_1_143' title='bbox 1219 1249 1289 1286; x_wconf 89' lang='lat' dir='ltr'>hoc</span> <span class='ocrx_word' id='word_1_144' title='bbox 1322 1247 1496 1300; x_wconf 88' lang='lat' dir='ltr'>loquendi</span> 
     </span>
     <span class='ocr_line' id='line_1_19' title="bbox 52 1305 1495 1356; baseline -0.001 -13"><span class='ocrx_word' id='word_1_145' title='bbox 52 1318 218 1356; x_wconf 81' lang='lat' dir='ltr'>genere,</span> <span class='ocrx_word' id='word_1_146' title='bbox 259 1307 329 1344; x_wconf 81' lang='lat' dir='ltr'>lzoe</span> <span class='ocrx_word' id='word_1_147' title='bbox 357 1318 453 1355; x_wconf 77' lang='lat' dir='ltr'>age,</span> <span class='ocrx_word' id='word_1_148' title='bbox 491 1306 678 1343; x_wconf 87' lang='lat' dir='ltr'>silentium</span> <span class='ocrx_word' id='word_1_149' title='bbox 718 1306 908 1356; x_wconf 83' lang='lat' dir='ltr'>imperari.</span> <span class='ocrx_word' id='word_1_150' title='bbox 969 1305 1126 1342; x_wconf 88' lang='lat' dir='ltr'>Gabriel</span> <span class='ocrx_word' id='word_1_151' title='bbox 1154 1305 1347 1351; x_wconf 67' lang='lat' dir='ltr'>Fae&#39;ruus,</span> <span class='ocrx_word' id='word_1_152' title='bbox 1384 1305 1495 1341; x_wconf 88' lang='lat' dir='ltr'>homo</span> 
     </span>
     <span class='ocr_line' id='line_1_20' title="bbox 51 1359 1492 1411; baseline -0.002 -12"><span class='ocrx_word' id='word_1_153' title='bbox 51 1360 210 1399; x_wconf 85' lang='lat' dir='ltr'>Latinae</span> <span class='ocrx_word' id='word_1_154' title='bbox 233 1360 379 1411; x_wconf 84' lang='lat' dir='ltr'>quidem</span> <span class='ocrx_word' id='word_1_155' title='bbox 405 1361 555 1410; x_wconf 84' lang='lat' dir='ltr'>linguae</span> <span class='ocrx_word' id='word_1_156' title='bbox 585 1374 657 1398; x_wconf 89' lang='lat' dir='ltr'>nou</span> <span class='ocrx_word' id='word_1_157' title='bbox 683 1361 851 1410; x_wconf 84' lang='lat' dir='ltr'>ignarus,</span> <span class='ocrx_word' id='word_1_158' title='bbox 873 1359 939 1398; x_wconf 86' lang='lat' dir='ltr'>sed</span> <span class='ocrx_word' id='word_1_159' title='bbox 958 1360 1126 1399; x_wconf 84' lang='lat' dir='ltr'>Graecae</span> <span class='ocrx_word' id='word_1_160' title='bbox 1154 1373 1307 1411; x_wconf 87' lang='lat' dir='ltr'>prorsus</span> <span class='ocrx_word' id='word_1_161' title='bbox 1332 1372 1492 1410; x_wconf 79' lang='lat' dir='ltr'>expers:</span> 
     </span>
     <span class='ocr_line' id='line_1_21' title="bbox 51 1414 1493 1467; baseline -0.002 -13"><span class='ocrx_word' id='word_1_162' title='bbox 51 1429 172 1467; x_wconf 90' lang='lat' dir='ltr'>neque</span> <span class='ocrx_word' id='word_1_163' title='bbox 202 1416 272 1453; x_wconf 88' lang='lat' dir='ltr'>hoc</span> <span class='ocrx_word' id='word_1_164' title='bbox 308 1415 528 1453; x_wconf 85' lang='lat' dir='ltr'>detrahendi</span> <span class='ocrx_word' id='word_1_165' title='bbox 562 1414 683 1452; x_wconf 84' lang='lat' dir='ltr'>studio</span> <span class='ocrx_word' id='word_1_166' title='bbox 714 1415 821 1453; x_wconf 83' lang='lat' dir='ltr'>dico:</span> <span class='ocrx_word' id='word_1_167' title='bbox 864 1415 915 1452; x_wconf 90' lang='lat' dir='ltr'>ita</span> <span class='ocrx_word' id='word_1_168' title='bbox 952 1428 1039 1453; x_wconf 89' lang='lat' dir='ltr'>esse</span> <span class='ocrx_word' id='word_1_169' title='bbox 1070 1415 1215 1460; x_wconf 83' lang='lat' dir='ltr'>sciunt,</span> <span class='ocrx_word' id='word_1_170' title='bbox 1262 1415 1393 1466; x_wconf 91' lang='lat' dir='ltr'>quibus</span> <span class='ocrx_word' id='word_1_171' title='bbox 1428 1414 1493 1451; x_wconf 85' lang='lat' dir='ltr'>ille</span> 
     </span>
     <span class='ocr_line' id='line_1_22' title="bbox 52 1469 1495 1522; baseline -0.001 -14"><span class='ocrx_word' id='word_1_172' title='bbox 52 1478 161 1508; x_wconf 86' lang='lat' dir='ltr'>notus</span> <span class='ocrx_word' id='word_1_173' title='bbox 184 1471 275 1509; x_wconf 84' lang='lat' dir='ltr'>fuit.-</span> <span class='ocrx_word' id='word_1_174' title='bbox 306 1483 425 1521; x_wconf 89' lang='lat' dir='ltr'>neque</span> <span class='ocrx_word' id='word_1_175' title='bbox 446 1470 484 1508; x_wconf 87' lang='lat' dir='ltr'>id</span> <span class='ocrx_word' id='word_1_176' title='bbox 504 1471 585 1521; x_wconf 88' lang='lat' dir='ltr'>ipse</span> <span class='ocrx_word' id='word_1_177' title='bbox 609 1470 858 1508; x_wconf 83' lang='lat' dir='ltr'>diffitebatur:</span> <span class='ocrx_word' id='word_1_178' title='bbox 892 1483 938 1508; x_wconf 90' lang='lat' dir='ltr'>ne</span> <span class='ocrx_word' id='word_1_179' title='bbox 962 1477 1109 1522; x_wconf 85' lang='lat' dir='ltr'>poterat</span> <span class='ocrx_word' id='word_1_180' title='bbox 1128 1469 1297 1521; x_wconf 88' lang='lat' dir='ltr'>quidem:</span> <span class='ocrx_word' id='word_1_181' title='bbox 1325 1471 1357 1507; x_wconf 91' lang='lat' dir='ltr'>is</span> <span class='ocrx_word' id='word_1_182' title='bbox 1379 1470 1495 1519; x_wconf 87' lang='lat' dir='ltr'>igitur</span> 
     </span>
     <span class='ocr_line' id='line_1_23' title="bbox 53 1526 1494 1578; baseline -0.001 -14"><span class='ocrx_word' id='word_1_183' title='bbox 53 1526 146 1572; x_wconf 81' lang='lat' dir='ltr'>hoc,</span> <span class='ocrx_word' id='word_1_184' title='bbox 178 1526 264 1578; x_wconf 87' lang='lat' dir='ltr'>quia</span> <span class='ocrx_word' id='word_1_185' title='bbox 292 1539 469 1576; x_wconf 84' lang='lat' dir='ltr'>nusquam</span> <span class='ocrx_word' id='word_1_186' title='bbox 497 1526 585 1563; x_wconf 85' lang='lat' dir='ltr'>alibi</span> <span class='ocrx_word' id='word_1_187' title='bbox 617 1526 796 1576; x_wconf 79' lang='lat' dir='ltr'>legerat,</span> <span class='ocrx_word' id='word_1_188' title='bbox 821 1527 923 1564; x_wconf 84' lang='lat' dir='ltr'>ferre</span> <span class='ocrx_word' id='word_1_189' title='bbox 955 1540 1027 1563; x_wconf 90' lang='lat' dir='ltr'>non</span> <span class='ocrx_word' id='word_1_190' title='bbox 1058 1526 1198 1576; x_wconf 84' lang='lat' dir='ltr'>potuit:</span> <span class='ocrx_word' id='word_1_191' title='bbox 1241 1532 1302 1570; x_wconf 85' lang='lat' dir='ltr'>et,</span> <span class='ocrx_word' id='word_1_192' title='bbox 1343 1532 1383 1562; x_wconf 89' lang='lat' dir='ltr'>ut</span> <span class='ocrx_word' id='word_1_193' title='bbox 1413 1531 1494 1562; x_wconf 85' lang='lat' dir='ltr'>erat</span> 
     </span>
     <span class='ocr_line' id='line_1_24' title="bbox 53 1580 1493 1631; baseline -0.001 -13"><span class='ocrx_word' id='word_1_194' title='bbox 53 1582 286 1631; x_wconf 84' lang='lat' dir='ltr'>ingeniosus,</span> <span class='ocrx_word' id='word_1_195' title='bbox 311 1582 480 1630; x_wconf 82' lang='lat' dir='ltr'>confugit</span> <span class='ocrx_word' id='word_1_196' title='bbox 504 1580 550 1618; x_wconf 88' lang='lat' dir='ltr'>ad</span> <span class='ocrx_word' id='word_1_197' title='bbox 580 1580 666 1617; x_wconf 91' lang='lat' dir='ltr'>illud</span> <span class='ocrx_word' id='word_1_198' title='bbox 697 1594 819 1627; x_wconf 89' lang='lat' dir='ltr'>suum,</span> <span class='ocrx_word' id='word_1_199' title='bbox 842 1588 883 1618; x_wconf 86' lang='lat' dir='ltr'>ut</span> <span class='ocrx_word' id='word_1_200' title='bbox 913 1580 1070 1626; x_wconf 84' lang='lat' dir='ltr'>diceret,</span> <span class='ocrx_word' id='word_1_201' title='bbox 1100 1582 1136 1617; x_wconf 91' lang='lat' dir='ltr'>in</span> <span class='ocrx_word' id='word_1_202' title='bbox 1165 1580 1358 1619; x_wconf 81' lang='lat' dir='ltr'>veteribus</span> <span class='ocrx_word' id='word_1_203' title='bbox 1386 1580 1493 1617; x_wconf 88' lang='lat' dir='ltr'>libris</span> 
     </span>
     <span class='ocr_line' id='line_1_25' title="bbox 53 1635 1494 1686; baseline -0.002 -12"><span class='ocrx_word' id='word_1_204' title='bbox 53 1636 225 1674; x_wconf 76' lang='lat' dir='ltr'>Terentii</span> <span class='ocrx_word' id='word_1_205' title='bbox 258 1636 433 1686; x_wconf 90' lang='lat' dir='ltr'>scriptum</span> <span class='ocrx_word' id='word_1_206' title='bbox 464 1636 605 1681; x_wconf 86' lang='lat' dir='ltr'>fuisse,</span> <span class='ocrx_word' id='word_1_207' title='bbox 636 1636 706 1673; x_wconf 83' lang='lat' dir='ltr'>lzoe</span> <span class='ocrx_word' id='word_1_208' title='bbox 738 1649 810 1685; x_wconf 79' lang='lat' dir='ltr'>age</span> <span class='ocrx_word' id='word_1_209' title='bbox 838 1643 896 1682; x_wconf 83' lang='lat' dir='ltr'>st,</span> <span class='ocrx_word' id='word_1_210' title='bbox 928 1635 993 1673; x_wconf 90' lang='lat' dir='ltr'>sed</span> <span class='ocrx_word' id='word_1_211' title='bbox 1025 1649 1132 1672; x_wconf 87' lang='lat' dir='ltr'>unam</span> <span class='ocrx_word' id='word_1_212' title='bbox 1160 1642 1222 1672; x_wconf 86' lang='lat' dir='ltr'>aut</span> <span class='ocrx_word' id='word_1_213' title='bbox 1251 1636 1404 1672; x_wconf 83' lang='lat' dir='ltr'>alteram</span> <span class='ocrx_word' id='word_1_214' title='bbox 1435 1635 1494 1672; x_wconf 91' lang='lat' dir='ltr'>lit-</span> 
     </span>
     <span class='ocr_line' id='line_1_26' title="bbox 54 1689 1494 1736; baseline -0.001 -7"><span class='ocrx_word' id='word_1_215' title='bbox 54 1698 170 1729; x_wconf 84' lang='lat' dir='ltr'>teram</span> <span class='ocrx_word' id='word_1_216' title='bbox 202 1704 347 1728; x_wconf 88' lang='lat' dir='ltr'>erasam</span> <span class='ocrx_word' id='word_1_217' title='bbox 371 1703 480 1729; x_wconf 81' lang='lat' dir='ltr'>esse:</span> <span class='ocrx_word' id='word_1_218' title='bbox 512 1698 550 1728; x_wconf 87' lang='lat' dir='ltr'>et</span> <span class='ocrx_word' id='word_1_219' title='bbox 572 1691 685 1728; x_wconf 86' lang='lat' dir='ltr'>verba</span> <span class='ocrx_word' id='word_1_220' title='bbox 716 1691 777 1728; x_wconf 86' lang='lat' dir='ltr'>illa</span> <span class='ocrx_word' id='word_1_221' title='bbox 796 1690 936 1728; x_wconf 87' lang='lat' dir='ltr'>Donati</span> <span class='ocrx_word' id='word_1_222' title='bbox 963 1690 1008 1728; x_wconf 89' lang='lat' dir='ltr'>ad</span> <span class='ocrx_word' id='word_1_223' title='bbox 1033 1690 1120 1727; x_wconf 90' lang='lat' dir='ltr'>illud</span> <span class='ocrx_word' id='word_1_224' title='bbox 1140 1698 1190 1736; x_wconf 80' lang='lat' dir='ltr'>st,</span> <span class='ocrx_word' id='word_1_225' title='bbox 1215 1704 1286 1728; x_wconf 91' lang='lat' dir='ltr'>non</span> <span class='ocrx_word' id='word_1_226' title='bbox 1310 1689 1356 1727; x_wconf 87' lang='lat' dir='ltr'>ad</span> <span class='ocrx_word' id='word_1_227' title='bbox 1378 1689 1494 1727; x_wconf 84' lang='lat' dir='ltr'>verba</span> 
     </span>
     <span class='ocr_line' id='line_1_27' title="bbox 53 1745 1494 1796; baseline -0.001 -13"><span class='ocrx_word' id='word_1_228' title='bbox 53 1748 123 1784; x_wconf 77' lang='lat' dir='ltr'>lzoe</span> <span class='ocrx_word' id='word_1_229' title='bbox 142 1759 214 1795; x_wconf 78' lang='lat' dir='ltr'>age</span> <span class='ocrx_word' id='word_1_230' title='bbox 234 1746 439 1796; x_wconf 86' lang='lat' dir='ltr'>pertinere.</span> <span class='ocrx_word' id='word_1_231' title='bbox 486 1745 612 1783; x_wconf 87' lang='lat' dir='ltr'>Credo</span> <span class='ocrx_word' id='word_1_232' title='bbox 636 1746 705 1783; x_wconf 84' lang='lat' dir='ltr'>hoe</span> <span class='ocrx_word' id='word_1_233' title='bbox 726 1750 834 1783; x_wconf 84' lang='lat' dir='ltr'>acute</span> <span class='ocrx_word' id='word_1_234' title='bbox 859 1748 1105 1796; x_wconf 81' lang='lat' dir='ltr'>excogitatum</span> <span class='ocrx_word' id='word_1_235' title='bbox 1129 1758 1237 1783; x_wconf 86' lang='lat' dir='ltr'>esse:</span> <span class='ocrx_word' id='word_1_236' title='bbox 1271 1752 1306 1782; x_wconf 86' lang='lat' dir='ltr'>et</span> <span class='ocrx_word' id='word_1_237' title='bbox 1329 1758 1494 1795; x_wconf 83' lang='lat' dir='ltr'>agnosco</span> 
     </span>
     <span class='ocr_line' id='line_1_28' title="bbox 53 1800 1495 1851; baseline -0.001 -13"><span class='ocrx_word' id='word_1_238' title='bbox 53 1802 242 1851; x_wconf 84' lang='lat' dir='ltr'>ingenium</span> <span class='ocrx_word' id='word_1_239' title='bbox 270 1800 445 1846; x_wconf 85' lang='lat' dir='ltr'>hominis,</span> <span class='ocrx_word' id='word_1_240' title='bbox 470 1814 541 1838; x_wconf 86' lang='lat' dir='ltr'>non</span> <span class='ocrx_word' id='word_1_241' title='bbox 565 1807 702 1838; x_wconf 80' lang='lat' dir='ltr'>tantum</span> <span class='ocrx_word' id='word_1_242' title='bbox 734 1801 819 1851; x_wconf 89' lang='lat' dir='ltr'>quid</span> <span class='ocrx_word' id='word_1_243' title='bbox 851 1802 887 1838; x_wconf 87' lang='lat' dir='ltr'>in</span> <span class='ocrx_word' id='word_1_244' title='bbox 911 1802 1065 1839; x_wconf 79' lang='lat' dir='ltr'>vetustis</span> <span class='ocrx_word' id='word_1_245' title='bbox 1098 1800 1369 1851; x_wconf 80' lang='lat' dir='ltr'>exemplaribus</span> <span class='ocrx_word' id='word_1_246' title='bbox 1400 1801 1495 1837; x_wconf 88' lang='lat' dir='ltr'>scri-</span> 
     </span>
     <span class='ocr_line' id='line_1_29' title="bbox 53 1855 1490 1907; baseline -0.001 -14"><span class='ocrx_word' id='word_1_247' title='bbox 53 1863 152 1907; x_wconf 89' lang='lat' dir='ltr'>ptum</span> <span class='ocrx_word' id='word_1_248' title='bbox 182 1863 298 1901; x_wconf 83' lang='lat' dir='ltr'>esset,</span> <span class='ocrx_word' id='word_1_249' title='bbox 323 1856 451 1905; x_wconf 84' lang='lat' dir='ltr'>legere</span> <span class='ocrx_word' id='word_1_250' title='bbox 473 1856 586 1901; x_wconf 84' lang='lat' dir='ltr'>soliti,</span> <span class='ocrx_word' id='word_1_251' title='bbox 609 1855 673 1893; x_wconf 84' lang='lat' dir='ltr'>sed</span> <span class='ocrx_word' id='word_1_252' title='bbox 705 1855 873 1894; x_wconf 73' lang='lat' dir='ltr'>divinare</span> <span class='ocrx_word' id='word_1_253' title='bbox 898 1858 1007 1894; x_wconf 85' lang='lat' dir='ltr'>etiam</span> <span class='ocrx_word' id='word_1_254' title='bbox 1031 1855 1117 1907; x_wconf 90' lang='lat' dir='ltr'>quid</span> <span class='ocrx_word' id='word_1_255' title='bbox 1150 1855 1308 1893; x_wconf 89' lang='lat' dir='ltr'>deletum</span> <span class='ocrx_word' id='word_1_256' title='bbox 1340 1855 1490 1893; x_wconf 86' lang='lat' dir='ltr'>fuisset.</span> 
     </span>
     <span class='ocr_line' id='line_1_30' title="bbox 53 1910 1494 1962; baseline -0.001 -14"><span class='ocrx_word' id='word_1_257' title='bbox 53 1910 130 1949; x_wconf 82' lang='lat' dir='ltr'>Sed</span> <span class='ocrx_word' id='word_1_258' title='bbox 161 1912 247 1961; x_wconf 88' lang='lat' dir='ltr'>quia</span> <span class='ocrx_word' id='word_1_259' title='bbox 274 1911 418 1948; x_wconf 83' lang='lat' dir='ltr'>tardior</span> <span class='ocrx_word' id='word_1_260' title='bbox 447 1924 550 1957; x_wconf 87' lang='lat' dir='ltr'>sum,</span> <span class='ocrx_word' id='word_1_261' title='bbox 582 1924 688 1962; x_wconf 87' lang='lat' dir='ltr'>quam</span> <span class='ocrx_word' id='word_1_262' title='bbox 721 1919 759 1948; x_wconf 85' lang='lat' dir='ltr'>ut</span> <span class='ocrx_word' id='word_1_263' title='bbox 788 1912 885 1948; x_wconf 90' lang='lat' dir='ltr'>illam</span> <span class='ocrx_word' id='word_1_264' title='bbox 917 1918 1053 1948; x_wconf 86' lang='lat' dir='ltr'>tantam</span> <span class='ocrx_word' id='word_1_265' title='bbox 1087 1911 1318 1948; x_wconf 80' lang='lat' dir='ltr'>celeritatem</span> <span class='ocrx_word' id='word_1_266' title='bbox 1351 1911 1494 1960; x_wconf 84' lang='lat' dir='ltr'>ingenii</span> 
     </span>
     <span class='ocr_line' id='line_1_31' title="bbox 54 1966 1492 2019; baseline 0 -17"><span class='ocrx_word' id='word_1_267' title='bbox 54 1966 229 2016; x_wconf 87' lang='lat' dir='ltr'>subsequi</span> <span class='ocrx_word' id='word_1_268' title='bbox 260 1967 420 2019; x_wconf 76' lang='lat' dir='ltr'>possim:</span> <span class='ocrx_word' id='word_1_269' title='bbox 451 1967 649 2003; x_wconf 89' lang='lat' dir='ltr'>continebo</span> <span class='ocrx_word' id='word_1_270' title='bbox 680 1979 737 2004; x_wconf 90' lang='lat' dir='ltr'>me</span> <span class='ocrx_word' id='word_1_271' title='bbox 767 1967 862 2004; x_wconf 84' lang='lat' dir='ltr'>intra</span> <span class='ocrx_word' id='word_1_272' title='bbox 894 1973 1023 2017; x_wconf 83' lang='lat' dir='ltr'>septa,</span> <span class='ocrx_word' id='word_1_273' title='bbox 1056 1973 1094 2003; x_wconf 89' lang='lat' dir='ltr'>et</span> <span class='ocrx_word' id='word_1_274' title='bbox 1121 1973 1316 2004; x_wconf 88' lang='lat' dir='ltr'>contentus</span> <span class='ocrx_word' id='word_1_275' title='bbox 1347 1978 1414 2003; x_wconf 89' lang='lat' dir='ltr'>ero</span> <span class='ocrx_word' id='word_1_276' title='bbox 1446 1966 1492 2003; x_wconf 91' lang='lat' dir='ltr'>iis</span> 
     </span>
     <span class='ocr_line' id='line_1_32' title="bbox 53 2020 1492 2071; baseline 0.001 -14"><span class='ocrx_word' id='word_1_277' title='bbox 53 2033 148 2071; x_wconf 86' lang='lat' dir='ltr'>quae</span> <span class='ocrx_word' id='word_1_278' title='bbox 178 2021 224 2058; x_wconf 86' lang='lat' dir='ltr'>ab</span> <span class='ocrx_word' id='word_1_279' title='bbox 252 2022 335 2058; x_wconf 88' lang='lat' dir='ltr'>aliis</span> <span class='ocrx_word' id='word_1_280' title='bbox 353 2022 568 2059; x_wconf 75' lang='lat' dir='ltr'>confirmata</span> <span class='ocrx_word' id='word_1_281' title='bbox 597 2022 761 2071; x_wconf 87' lang='lat' dir='ltr'>reperio.</span> <span class='ocrx_word' id='word_1_282' title='bbox 809 2020 956 2060; x_wconf 86' lang='lat' dir='ltr'>Videor</span> <span class='ocrx_word' id='word_1_283' title='bbox 975 2028 1098 2059; x_wconf 89' lang='lat' dir='ltr'>autem</span> <span class='ocrx_word' id='word_1_284' title='bbox 1128 2021 1284 2070; x_wconf 83' lang='lat' dir='ltr'>legisse,</span> <span class='ocrx_word' id='word_1_285' title='bbox 1304 2022 1342 2058; x_wconf 87' lang='lat' dir='ltr'>in</span> <span class='ocrx_word' id='word_1_286' title='bbox 1372 2022 1492 2058; x_wconf 85' lang='lat' dir='ltr'>sacris</span> 
     </span>
     <span class='ocr_line' id='line_1_33' title="bbox 52 2073 1492 2129; baseline 0.001 -16"><span class='ocrx_word' id='word_1_287' title='bbox 52 2076 230 2127; x_wconf 87' lang='lat' dir='ltr'>imperari</span> <span class='ocrx_word' id='word_1_288' title='bbox 247 2077 392 2114; x_wconf 89' lang='lat' dir='ltr'>solitum</span> <span class='ocrx_word' id='word_1_289' title='bbox 415 2077 602 2115; x_wconf 85' lang='lat' dir='ltr'>silentium</span> <span class='ocrx_word' id='word_1_290' title='bbox 622 2076 679 2114; x_wconf 86' lang='lat' dir='ltr'>his</span> <span class='ocrx_word' id='word_1_291' title='bbox 702 2076 826 2115; x_wconf 85' lang='lat' dir='ltr'>verbis</span> <span class='ocrx_word' id='word_1_292' title='bbox 838 2076 973 2129; x_wconf 80' lang='lat' dir='ltr'>favete</span> <span class='ocrx_word' id='word_1_293' title='bbox 994 2073 1260 2128; x_wconf 43' lang='lat' dir='ltr'>le&#39;rzgzetsffi‘fffi:</span> <span class='ocrx_word' id='word_1_294' title='bbox 1285 2083 1323 2114; x_wconf 84' lang='lat' dir='ltr'>et</span> <span class='ocrx_word' id='word_1_295' title='bbox 1342 2076 1492 2115; x_wconf 81' lang='lat' dir='ltr'>Graece</span> 
     </span>
    </p>
   </div>
   <div class='ocr_carea' id='block_1_7' title="bbox 54 2189 1494 2747">
    <p class='ocr_par' dir='ltr' id='par_1_7' title="bbox 54 2189 1493 2263">
     <span class='ocr_line' id='line_1_34' title="bbox 127 2189 1493 2225; baseline 0.001 -9"><span class='ocrx_word' id='word_1_296' title='bbox 127 2189 170 2225; x_wconf 54' lang='grc' dir='ltr'>εκ)</span> <span class='ocrx_word' id='word_1_297' title='bbox 199 2191 276 2218; x_wconf 83' lang='lat' dir='ltr'>sect.</span> <span class='ocrx_word' id='word_1_298' title='bbox 298 2190 326 2219; x_wconf 75' lang='lat'>⁷.</span> <span class='ocrx_word' id='word_1_299' title='bbox 346 2190 378 2225; x_wconf 71' lang='lat' dir='ltr'>S.</span> <span class='ocrx_word' id='word_1_300' title='bbox 400 2191 448 2219; x_wconf 86' lang='lat'>13.</span> <span class='ocrx_word' id='word_1_301' title='bbox 489 2191 629 2219; x_wconf 76' lang='lat' dir='ltr'>&#39;ruentur</span> <span class='ocrx_word' id='word_1_302' title='bbox 655 2191 755 2220; x_wconf 86' lang='lat' dir='ltr'>verba</span> <span class='ocrx_word' id='word_1_303' title='bbox 780 2190 861 2219; x_wconf 69' lang='lat' dir='ltr'>alias</span> <span class='ocrx_word' id='word_1_304' title='bbox 886 2190 949 2218; x_wconf 74' lang='lat' dir='ltr'>vini</span> <span class='ocrx_word' id='word_1_305' title='bbox 976 2197 1084 2220; x_wconf 87' lang='lat' dir='ltr'>omnes</span> <span class='ocrx_word' id='word_1_306' title='bbox 1113 2190 1211 2221; x_wconf 80' lang='lat' dir='ltr'>codd.</span> <span class='ocrx_word' id='word_1_307' title='bbox 1251 2190 1322 2220; x_wconf 78' lang='lat' dir='ltr'>Vid.</span> <span class='ocrx_word' id='word_1_308' title='bbox 1348 2189 1493 2219; x_wconf 66' lang='lat' dir='ltr'>nannius</span> 
     </span>
     <span class='ocr_line' id='line_1_35' title="bbox 54 2227 544 2263; baseline 0 -7"><span class='ocrx_word' id='word_1_309' title='bbox 54 2227 224 2256; x_wconf 82' lang='lat' dir='ltr'>Tursellin.</span> <span class='ocrx_word' id='word_1_310' title='bbox 244 2228 316 2257; x_wconf 79' lang='lat' dir='ltr'>Vol.</span> <span class='ocrx_word' id='word_1_311' title='bbox 338 2229 361 2256; x_wconf 90' lang='lat'>1.</span> <span class='ocrx_word' id='word_1_312' title='bbox 382 2234 455 2263; x_wconf 81' lang='lat' dir='ltr'>pag.</span> <span class='ocrx_word' id='word_1_313' title='bbox 472 2228 544 2257; x_wconf 79' lang='lat'>222.</span> 
     </span>
    </p>

    <p class='ocr_par' dir='ltr' id='par_1_8' title="bbox 128 2275 361 2310">
     <span class='ocr_line' id='line_1_36' title="bbox 128 2275 361 2310; baseline 0 -6"><span class='ocrx_word' id='word_1_314' title='bbox 128 2275 196 2310; x_wconf 44' lang='grc' dir='ltr'>ἓξὲξ)</span> <span class='ocrx_word' id='word_1_315' title='bbox 222 2282 289 2310; x_wconf 81' lang='lat' dir='ltr'>cap.</span> <span class='ocrx_word' id='word_1_316' title='bbox 309 2276 361 2304; x_wconf 83' lang='lat'>31.</span> 
     </span>
    </p>

    <p class='ocr_par' dir='ltr' id='par_1_9' title="bbox 54 2322 1492 2396">
     <span class='ocr_line' id='line_1_37' title="bbox 127 2322 1492 2362; baseline 0.008 -13"><span class='ocrx_word' id='word_1_317' title='bbox 127 2323 220 2357; x_wconf 51' lang='lat' dir='ltr'>*st-³2²)</span> <span class='ocrx_word' id='word_1_318' title='bbox 241 2324 304 2352; x_wconf 81' lang='lat' dir='ltr'>Sed</span> <span class='ocrx_word' id='word_1_319' title='bbox 324 2330 426 2359; x_wconf 81' lang='lat' dir='ltr'>neque</span> <span class='ocrx_word' id='word_1_320' title='bbox 441 2323 524 2359; x_wconf 79' lang='lat' dir='ltr'>apud</span> <span class='ocrx_word' id='word_1_321' title='bbox 540 2323 684 2354; x_wconf 83' lang='lat' dir='ltr'>Tacitum</span> <span class='ocrx_word' id='word_1_322' title='bbox 702 2331 806 2361; x_wconf 83' lang='lat' dir='ltr'>neque</span> <span class='ocrx_word' id='word_1_323' title='bbox 825 2326 909 2362; x_wconf 83' lang='lat' dir='ltr'>apud</span> <span class='ocrx_word' id='word_1_324' title='bbox 925 2327 1131 2356; x_wconf 81' lang='lat' dir='ltr'>Plutarchum</span> <span class='ocrx_word' id='word_1_325' title='bbox 1149 2325 1189 2354; x_wconf 82' lang='lat' dir='ltr'>ab</span> <span class='ocrx_word' id='word_1_326' title='bbox 1204 2323 1380 2354; x_wconf 77' lang='lat' dir='ltr'>editoribus</span> <span class='ocrx_word' id='word_1_327' title='bbox 1398 2322 1492 2359; x_wconf 82' lang='lat' dir='ltr'><strong>quid-</strong></span> 
     </span>
     <span class='ocr_line' id='line_1_38' title="bbox 54 2361 315 2396; baseline 0.004 -6"><span class='ocrx_word' id='word_1_328' title='bbox 54 2367 148 2396; x_wconf 87' lang='lat' dir='ltr'>quam</span> <span class='ocrx_word' id='word_1_329' title='bbox 168 2361 315 2391; x_wconf 84' lang='lat' dir='ltr'>deletum.</span> 
     </span>
    </p>

    <p class='ocr_par' dir='ltr' id='par_1_10' title="bbox 128 2406 334 2447">
     <span class='ocr_line' id='line_1_39' title="bbox 128 2406 334 2447; baseline 0.005 -10"><span class='ocrx_word' id='word_1_330' title='bbox 128 2406 174 2447; x_wconf 79' lang='lat'>†)</span> <span class='ocrx_word' id='word_1_331' title='bbox 194 2415 263 2444; x_wconf 81' lang='lat' dir='ltr'>cap.</span> <span class='ocrx_word' id='word_1_332' title='bbox 285 2409 334 2438; x_wconf 78' lang='lat'>14.</span> 
     </span>
    </p>

    <p class='ocr_par' dir='ltr' id='par_1_11' title="bbox 129 2455 363 2495">
     <span class='ocr_line' id='line_1_40' title="bbox 129 2455 363 2495; baseline 0.004 -10"><span class='ocrx_word' id='word_1_333' title='bbox 129 2455 202 2495; x_wconf 45' lang='grc' dir='ltr'>ἢ)</span> <span class='ocrx_word' id='word_1_334' title='bbox 222 2464 290 2492; x_wconf 83' lang='lat' dir='ltr'>cap.</span> <span class='ocrx_word' id='word_1_335' title='bbox 311 2457 363 2486; x_wconf 82' lang='lat'>43.</span> 
     </span>
    </p>

    <p class='ocr_par' dir='ltr' id='par_1_12' title="bbox 54 2504 1494 2706">
     <span class='ocr_line' id='line_1_41' title="bbox 128 2504 369 2543; baseline -0.008 -1"><span class='ocrx_word' id='word_1_336' title='bbox 128 2504 229 2543; x_wconf 71' lang='lat' dir='ltr'><strong>††·z-)</strong></span> <span class='ocrx_word' id='word_1_337' title='bbox 250 2512 318 2540; x_wconf 72' lang='lat' dir='ltr'>cap.</span> <span class='ocrx_word' id='word_1_338' title='bbox 338 2506 369 2534; x_wconf 83' lang='lat'>³·</span> 
     </span>
     <span class='ocr_line' id='line_1_42' title="bbox 73 2551 1492 2595; baseline 0.005 -17"><span class='ocrx_word' id='word_1_339' title='bbox 73 2589 79 2595; x_wconf 38' lang='lat'>¹</span> <span class='ocrx_word' id='word_1_340' title='bbox 130 2551 173 2587; x_wconf 64' lang='grc' dir='ltr'>ῑὶε)</span> <span class='ocrx_word' id='word_1_341' title='bbox 202 2553 340 2582; x_wconf 85' lang='lat' dir='ltr'>verbum</span> <span class='ocrx_word' id='word_1_342' title='bbox 366 2559 496 2587; x_wconf 78' lang='lat' dir='ltr'>parcere</span> <span class='ocrx_word' id='word_1_343' title='bbox 524 2560 593 2582; x_wconf 87' lang='lat' dir='ltr'>cum</span> <span class='ocrx_word' id='word_1_344' title='bbox 622 2552 773 2584; x_wconf 82' lang='lat' dir='ltr'>infinitivo</span> <span class='ocrx_word' id='word_1_345' title='bbox 802 2555 933 2591; x_wconf 76' lang='lat' dir='ltr'>iungere</span> <span class='ocrx_word' id='word_1_346' title='bbox 953 2556 1058 2584; x_wconf 82' lang='lat' dir='ltr'>solent</span> <span class='ocrx_word' id='word_1_347' title='bbox 1077 2557 1209 2591; x_wconf 77' lang='lat' dir='ltr'>poetae,</span> <span class='ocrx_word' id='word_1_348' title='bbox 1240 2555 1398 2585; x_wconf 80' lang='lat' dir='ltr'>insoluta</span> <span class='ocrx_word' id='word_1_349' title='bbox 1418 2562 1492 2585; x_wconf 89' lang='lat' dir='ltr'>ora-</span> 
     </span>
     <span class='ocr_line' id='line_1_43' title="bbox 56 2590 1494 2628; baseline 0.003 -11"><span class='ocrx_word' id='word_1_350' title='bbox 56 2592 142 2618; x_wconf 75' lang='lat' dir='ltr'>tione</span> <span class='ocrx_word' id='word_1_351' title='bbox 161 2590 201 2617; x_wconf 76' lang='lat' dir='ltr'>ad</span> <span class='ocrx_word' id='word_1_352' title='bbox 223 2592 409 2619; x_wconf 84' lang='lat' dir='ltr'>Graecorum</span> <span class='ocrx_word' id='word_1_353' title='bbox 430 2593 613 2625; x_wconf 80' lang='lat' dir='ltr'>exemplum</span> <span class='ocrx_word' id='word_1_354' title='bbox 635 2595 736 2622; x_wconf 84' lang='lat' dir='ltr'>semel</span> <span class='ocrx_word' id='word_1_355' title='bbox 757 2594 858 2622; x_wconf 81' lang='lat' dir='ltr'>iunxit</span> <span class='ocrx_word' id='word_1_356' title='bbox 879 2593 992 2622; x_wconf 84' lang='lat' dir='ltr'>Livius</span> <span class='ocrx_word' id='word_1_357' title='bbox 1012 2594 1066 2622; x_wconf 82' lang='lat' dir='ltr'>lib.</span> <span class='ocrx_word' id='word_1_358' title='bbox 1086 2595 1226 2623; x_wconf 80' lang='lat' dir='ltr'>XXXIV.</span> <span class='ocrx_word' id='word_1_359' title='bbox 1247 2601 1316 2628; x_wconf 79' lang='lat' dir='ltr'>cap.</span> <span class='ocrx_word' id='word_1_360' title='bbox 1337 2595 1388 2622; x_wconf 80' lang='lat'>32.</span> <span class='ocrx_word' id='word_1_361' title='bbox 1410 2597 1494 2622; x_wconf 83' lang='lat' dir='ltr'>extr.</span> 
     </span>
     <span class='ocr_line' id='line_1_44' title="bbox 54 2628 1494 2665; baseline 0.004 -11"><span class='ocrx_word' id='word_1_362' title='bbox 54 2634 150 2661; x_wconf 81' lang='lat' dir='ltr'>parce</span> <span class='ocrx_word' id='word_1_363' title='bbox 164 2628 254 2662; x_wconf 78' lang='lat' dir='ltr'>sidem</span> <span class='ocrx_word' id='word_1_364' title='bbox 270 2629 394 2657; x_wconf 80' lang='lat' dir='ltr'>iactare.</span> <span class='ocrx_word' id='word_1_365' title='bbox 426 2629 605 2663; x_wconf 81' lang='lat' dir='ltr'>Eodemque</span> <span class='ocrx_word' id='word_1_366' title='bbox 625 2630 714 2657; x_wconf 81' lang='lat' dir='ltr'>modo</span> <span class='ocrx_word' id='word_1_367' title='bbox 730 2633 810 2659; x_wconf 83' lang='lat' dir='ltr'>Mur.</span> <span class='ocrx_word' id='word_1_368' title='bbox 830 2632 948 2660; x_wconf 87' lang='lat' dir='ltr'>Comm.</span> <span class='ocrx_word' id='word_1_369' title='bbox 966 2631 999 2659; x_wconf 89' lang='lat' dir='ltr'>in</span> <span class='ocrx_word' id='word_1_370' title='bbox 1015 2632 1077 2660; x_wconf 86' lang='lat' dir='ltr'>Cic.</span> <span class='ocrx_word' id='word_1_371' title='bbox 1097 2632 1190 2659; x_wconf 82' lang='lat' dir='ltr'>Catil.</span> <span class='ocrx_word' id='word_1_372' title='bbox 1205 2633 1227 2660; x_wconf 90' lang='lat'>1.</span> <span class='ocrx_word' id='word_1_373' title='bbox 1250 2633 1326 2665; x_wconf 77' lang='grc' dir='ltr'>Ορρ.</span> <span class='ocrx_word' id='word_1_374' title='bbox 1347 2632 1435 2661; x_wconf 83' lang='lat' dir='ltr'>Tom.</span> <span class='ocrx_word' id='word_1_375' title='bbox 1454 2634 1494 2660; x_wconf 88' lang='lat'>11.</span> 
     </span>
     <span class='ocr_line' id='line_1_45' title="bbox 55 2665 1366 2706; baseline 0.004 -13"><span class='ocrx_word' id='word_1_376' title='bbox 55 2672 127 2700; x_wconf 79' lang='lat' dir='ltr'>pag.</span> <span class='ocrx_word' id='word_1_377' title='bbox 147 2665 218 2693; x_wconf 76' lang='lat'>564.</span> <span class='ocrx_word' id='word_1_378' title='bbox 237 2666 289 2699; x_wconf 81' lang='lat' dir='ltr'>qm·</span> <span class='ocrx_word' id='word_1_379' title='bbox 307 2666 439 2700; x_wconf 83' lang='lat' dir='ltr'>tantum,</span> <span class='ocrx_word' id='word_1_380' title='bbox 461 2673 499 2694; x_wconf 80' lang='lat' dir='ltr'>ne</span> <span class='ocrx_word' id='word_1_381' title='bbox 517 2667 549 2694; x_wconf 76' lang='lat' dir='ltr'>in</span> <span class='ocrx_word' id='word_1_382' title='bbox 568 2668 692 2695; x_wconf 78' lang='lat' dir='ltr'>morbos</span> <span class='ocrx_word' id='word_1_383' title='bbox 710 2669 862 2706; x_wconf 77' lang='lat' dir='ltr'>incidant,</span> <span class='ocrx_word' id='word_1_384' title='bbox 883 2670 1018 2698; x_wconf 81' lang='lat' dir='ltr'>scortari</span> <span class='ocrx_word' id='word_1_385' title='bbox 1038 2669 1206 2697; x_wconf 79' lang='lat' dir='ltr'>helluarive</span> <span class='ocrx_word' id='word_1_386' title='bbox 1224 2671 1366 2703; x_wconf 79' lang='lat' dir='ltr'>parcunt.</span> 
     </span>
    </p>

    <p class='ocr_par' dir='ltr' id='par_1_13' title="bbox 129 2712 376 2747">
     <span class='ocr_line' id='line_1_46' title="bbox 129 2712 376 2747; baseline 0.016 -10"><span class='ocrx_word' id='word_1_387' title='bbox 129 2712 197 2747; x_wconf 60' lang='grc' dir='ltr'>ιῑεῆε)</span> <span class='ocrx_word' id='word_1_388' title='bbox 217 2713 254 2740; x_wconf 90' lang='lat'>11.</span> <span class='ocrx_word' id='word_1_389' title='bbox 274 2713 306 2746; x_wconf 83' lang='lat'>3,</span> <span class='ocrx_word' id='word_1_390' title='bbox 326 2713 376 2741; x_wconf 72' lang='lat'>88.</span> 
     </span>
    </p>
   </div>
   <div class='ocr_carea' id='block_1_8' title="bbox 130 2760 1495 2800">
    <p class='ocr_par' dir='ltr' id='par_1_14' title="bbox 130 2760 1495 2800">
     <span class='ocr_line' id='line_1_47' title="bbox 130 2760 1495 2800; baseline 0.007 -15"><span class='ocrx_word' id='word_1_391' title='bbox 130 2760 223 2795; x_wconf 54' lang='lat' dir='ltr'>mna)</span> <span class='ocrx_word' id='word_1_392' title='bbox 238 2762 346 2789; x_wconf 84' lang='lat' dir='ltr'>senec.</span> <span class='ocrx_word' id='word_1_393' title='bbox 360 2761 399 2789; x_wconf 80' lang='lat' dir='ltr'>de</span> <span class='ocrx_word' id='word_1_394' title='bbox 414 2760 468 2789; x_wconf 80' lang='lat' dir='ltr'>vit.</span> <span class='ocrx_word' id='word_1_395' title='bbox 485 2761 566 2790; x_wconf 84' lang='lat' dir='ltr'>beat.</span> <span class='ocrx_word' id='word_1_396' title='bbox 578 2767 645 2796; x_wconf 81' lang='lat' dir='ltr'>cap.</span> <span class='ocrx_word' id='word_1_397' title='bbox 656 2762 703 2791; x_wconf 82' lang='lat'>26.</span> <span class='ocrx_word' id='word_1_398' title='bbox 714 2764 786 2791; x_wconf 85' lang='lat' dir='ltr'>coll.</span> <span class='ocrx_word' id='word_1_399' title='bbox 803 2771 871 2792; x_wconf 87' lang='lat' dir='ltr'>cum</span> <span class='ocrx_word' id='word_1_400' title='bbox 884 2765 963 2792; x_wconf 85' lang='lat' dir='ltr'>Mur.</span> <span class='ocrx_word' id='word_1_401' title='bbox 977 2763 1171 2798; x_wconf 68' lang='lat' dir='ltr'>schotopn.</span> <span class='ocrx_word' id='word_1_402' title='bbox 1184 2765 1495 2800; x_wconf 76' lang='lat' dir='ltr'>Tom.111.nag.109.</span> 
     </span>
    </p>
   </div>
   <div class='ocr_carea' id='block_1_9' title="bbox 57 2798 1494 2866">
    <p class='ocr_par' dir='ltr' id='par_1_15' title="bbox 57 2798 1494 2866">
     <span class='ocr_line' id='line_1_48' title="bbox 57 2798 1494 2866; baseline 0.004 -40"><span class='ocrx_word' id='word_1_403' title='bbox 57 2799 200 2866; x_wconf 35' lang='lat' dir='ltr'>{Rip-4¹11.</span> <span class='ocrx_word' id='word_1_404' title='bbox 221 2804 292 2834; x_wconf 80' lang='lat' dir='ltr'>pag.</span> <span class='ocrx_word' id='word_1_405' title='bbox 313 2798 385 2828; x_wconf 79' lang='grc'><strong>892.</strong></span> <span class='ocrx_word' id='word_1_406' title='bbox 412 2799 537 2828; x_wconf 78' lang='lat' dir='ltr'><strong>Ruhnk.</strong></span> <span class='ocrx_word' id='word_1_407' title='bbox 558 2800 640 2829; x_wconf 89' lang='lat' dir='ltr'>Dict.</span> <span class='ocrx_word' id='word_1_408' title='bbox 659 2799 691 2830; x_wconf 85' lang='lat' dir='ltr'>in</span> <span class='ocrx_word' id='word_1_409' title='bbox 708 2801 779 2830; x_wconf 74' lang='lat' dir='ltr'>Ter.</span> <span class='ocrx_word' id='word_1_410' title='bbox 797 2808 868 2836; x_wconf 81' lang='lat' dir='ltr'>pag.</span> <span class='ocrx_word' id='word_1_411' title='bbox 878 2802 906 2830; x_wconf 82' lang='grc'>7.</span> <span class='ocrx_word' id='word_1_412' title='bbox 927 2801 976 2830; x_wconf 80' lang='lat' dir='ltr'>ed.</span> <span class='ocrx_word' id='word_1_413' title='bbox 995 2802 1109 2837; x_wconf 78' lang='lat' dir='ltr'>sehop.</span> <span class='ocrx_word' id='word_1_414' title='bbox 1129 2803 1239 2831; x_wconf 77' lang='lat' dir='ltr'>uorat.</span> <span class='ocrx_word' id='word_1_415' title='bbox 1260 2802 1316 2831; x_wconf 68' lang='grc' dir='ltr'>Οὐ.</span> <span class='ocrx_word' id='word_1_416' title='bbox 1337 2804 1391 2832; x_wconf 86' lang='lat'>111.</span> <span class='ocrx_word' id='word_1_417' title='bbox 1414 2806 1443 2841; x_wconf 77' lang='lat'>1,</span> <span class='ocrx_word' id='word_1_418' title='bbox 1465 2804 1494 2832; x_wconf 81' lang='grc'>2.</span> 
     </span>
    </p>
   </div>
   <div class='ocr_carea' id='block_1_10' title="bbox 1518 1972 1580 2003">
    <p class='ocr_par' dir='ltr' id='par_1_16' title="bbox 1518 1972 1580 2003">
     <span class='ocr_line' id='line_1_49' title="bbox 1518 1972 1580 2003; baseline -0.032 0"><span class='ocrx_word' id='word_1_419' title='bbox 1518 1972 1580 2003; x_wconf 73' lang='grc'>367</span> 
     </span>
    </p>
   </div>
  </div>
 </body>
</html>
