1778 3096
375 572 456 628 M.
503 569 881 629 ANTONII
925 569 1279 632 MURETI

109 711 759 786 VARIARUM
828 712 1546 788 LECTIONUM

516 864 873 909 LIBER
954 864 1131 908 XVII.

630 1090 923 1131 CAPUT
977 1092 1010 1130 1.

201 1169 361 1207 Rectene
387 1169 564 1220 inscripti
588 1170 681 1207 libre·
704 1171 760 1208 M.
799 1171 916 1208 Tullii
937 1170 983 1207 cle
1009 1169 1165 1209 Finibus
1194 1171 1372 1209 bonorum
1405 1179 1446 1211 et

580 1225 784 1270 malorum,
822 1226 1065 1275 disputatum.

102 1299 365 1366 ansnum
393 1328 467 1368 est,
499 1334 567 1359 cur
586 1321 723 1359 Cicero
748 1322 1019 1373 pulcherrimos
1045 1322 1174 1369 libros,
1199 1324 1235 1360 in
1261 1323 1393 1374 quibus
1422 1326 1545 1362 varias

99 1385 268 1415 veterum
309 1377 613 1429 philosophorum
655 1376 701 1415 de
732 1390 872 1414 summo
910 1377 1007 1415 bono
1045 1379 1251 1416 sententias
1284 1380 1445 1425 excutit,
1490 1381 1546 1418 in-

102 1434 317 1484 scripsisset.
354 1435 407 1470 De
432 1433 580 1483 finibus
611 1433 789 1470 bonorum
829 1440 868 1470 et
900 1435 1096 1472 malornm.
1155 1433 1215 1472 Ac
1252 1435 1361 1472 facile
1399 1433 1545 1485 quidem

102 1488 185 1525 illos
214 1488 463 1533 absolvimus,
502 1488 562 1538 qui
593 1487 711 1525 Caelii
744 1485 1028 1540 calcagninissss)
1061 1501 1229 1526 errorem
1260 1490 1376 1526 secuti
1415 1490 1546 1527 melius

102 1555 168 1580 eos
198 1545 254 1581 De
267 1543 376 1592 fine,
411 1556 516 1593 quam
548 1545 602 1579 De
620 1544 769 1593 finibus
799 1543 953 1579 inscribi
985 1544 1149 1594 potuisse
1179 1545 1397 1581 censebant.
1450 1544 1545 1583 Cum

101 1599 198 1636 enim
230 1599 357 1636 variae
387 1597 689 1648 philosophorum
726 1597 944 1647 disciplinae
982 1599 1105 1635 varios
1146 1599 1238 1636 fines
1277 1600 1468 1646 facerent,
1507 1607 1546 1638 et

100 1652 146 1691 de
176 1654 222 1691 iis
262 1654 343 1704 ipse
382 1653 570 1703 disputare
612 1653 858 1698 instituisset,
901 1660 1005 1690 recte
1044 1653 1159 1690 libros
1191 1667 1276 1691 suos
1315 1657 1371 1692 De
1395 1655 1545 1705 finibus

98 1709 222 1759 potius
249 1721 356 1760 quam
400 1711 455 1746 De
481 1708 567 1758 fine
602 1708 819 1745 nominavit.
881 1708 922 1745 ln
952 1708 1014 1745 iiio
1053 1709 1257 1759 plusculum
1288 1710 1425 1747 laboris
1457 1711 1540 1755 fuit,

99 1777 166 1802 cnr
195 1778 267 1801 uon
297 1764 413 1801 solum
440 1764 618 1801 bonorum
635 1763 743 1811 fines
771 1762 944 1808 dixisset,
971 1762 1037 1800 sed
1062 1765 1172 1801 etiam
1197 1767 1392 1803 malorum.
1444 1765 1540 1802 Nam

99 1832 231 1857 nomen
263 1818 409 1870 quidem
447 1819 565 1869 ipsum
591 1819 688 1869 finis
726 1825 963 1869 sumpserunt
997 1819 1205 1870 philosophi
1244 1820 1289 1858 ab
1323 1821 1385 1858 ilio
1423 1822 1541 1858 omnis

98 1875 342 1926 elegantioris
375 1873 566 1911 doctrinae
598 1874 723 1919 fonte,
757 1874 923 1911 Homero
940 1871 1038 1926 ³³³‘'⁴¹⁶):

268 1948 326 1991 Οὔ
348 1948 420 2005 γὰρ
451 1949 565 2004 ἔγωγέ
592 1966 628 1989 τι
657 1949 757 2002 φημὶ
784 1949 888 1997 τέλος
917 1950 1154 2004 χαριέστερον
1182 1947 1290 1991 εἶναι.

98 2028 175 2068 Sed
204 2037 326 2066 tamen
351 2041 533 2079 nunquam
564 2028 735 2065 dixerunt
766 2027 870 2074 τέλος
894 2031 1044 2077 κακῶν,
1076 2041 1120 2066 ac
1145 2041 1191 2067 ne
1221 2029 1369 2068 videtur
1393 2029 1540 2081 quidem

99 2084 174 2122 dici
204 2097 330 2136 posse.
394 2084 541 2121 Etenim
568 2080 610 2122 τὸ
639 2082 742 2130 τέλος
768 2088 919 2131 τελειοῖ,
961 2084 1093 2121 malum
1124 2091 1243 2121 autem
1275 2099 1348 2122 non
1378 2087 1537 2136 perficit.

99 2140 231 2192 Itaque
262 2153 362 2177 mors
400 2146 556 2177 vocatur
583 2137 708 2187 τέλος,
746 2136 842 2178 κατὰ
868 2136 1105 2192 μεταφοράν,
1149 2146 1188 2176 et
1217 2153 1298 2178 cum
1330 2142 1448 2178 furem
1479 2149 1542 2178 aut

100 2196 365 2246 sycophantam
403 2193 544 2234 τέλειον
581 2194 765 2240 dicimus,
808 2196 1012 2245 improprie
1050 2195 1254 2246 loquimur:
1297 2210 1370 2233 non
1413 2209 1538 2242 secus,

99 2265 205 2301 quam
237 2264 317 2288 cum
342 2252 472 2288 bonum
485 2250 615 2302 furem
638 2257 700 2287 aut
731 2250 863 2288 bonum
884 2251 1152 2300 sycophantam
1175 2251 1347 2288 dicimus.
1394 2251 1541 2289 Auctor

99 2314 138 2343 et
155 2305 289 2343 fundus
310 2306 396 2342 huic
419 2306 475 2343 rei
491 2306 718 2342 Aristoteles
741 2306 835 2342 libro
855 2312 983 2356 quarto
1002 2309 1078 2344 τῶν
1096 2303 1186 2356 μετὰ
1204 2302 1250 2344 τὰ
1270 2302 1416 2355 φυσικὰ
1427 2304 1539 2358 fh),

99 2362 161 2411 qui
190 2363 299 2398 etiam
339 2360 504 2398 secundo
532 2360 778 2412 Physicorum
793 2360 844 2413 †)
882 2360 1017 2398 irridet
1054 2363 1198 2411 poetam
1229 2361 1437 2412 quendam,
1479 2363 1539 2413 qui

97 2418 149 2454 ita
179 2416 337 2462 dixerat,

303 2482 413 2536 ’Έχει
441 2480 633 2535 τελευτὴν,
661 2478 781 2536 ἧςπερ
811 2480 939 2523 οὕνεκ’
971 2481 1126 2536 ἐγένετο.

175 2593 219 2626 25³)
239 2592 320 2622 Vide
341 2593 409 2622 eius
430 2592 677 2628 nisquisitiunes
697 2593 729 2621 in
749 2593 813 2622 Cic.
834 2593 903 2621 libr.
925 2593 964 2620 de
979 2591 1106 2628 Officiis,
1127 2590 1217 2626 Disq.
1231 2593 1254 2620 1.
1275 2594 1357 2621 extr.
1379 2594 1411 2622 et
1431 2595 1541 2622 contra

101 2638 173 2660 eum
201 2631 413 2664 disputantem
443 2633 544 2660 iacob.
567 2631 718 2659 Grifolum
739 2631 997 2659 Luciniacensem
1024 2629 1055 2658 in
1080 2628 1263 2657 Defension.
1286 2631 1349 2659 Cic.
1390 2631 1438 2660 Cf.
1459 2633 1539 2659 Mur.

101 2670 205 2698 Schoi.
226 2668 257 2696 in
279 2668 343 2697 Cic.
365 2669 404 2697 de
425 2669 492 2698 Fin.
514 2670 591 2704 Opp.
613 2670 700 2697 Toni.
718 2670 770 2696 111.
793 2676 863 2704 pag.
881 2669 953 2696 825.
975 2670 1005 2696 et
1026 2667 1058 2695 in
1075 2667 1138 2696 Cic.
1162 2666 1216 2695 Off.
1239 2675 1310 2702 pag.
1326 2668 1397 2697 800.
1428 2671 1540 2712 Fuzsi.

174 2716 244 2751 ³:232)
266 2716 380 2750 Odyss.
402 2718 452 2745 lX.
473 2719 502 2745 5.

175 2763 268 2798 ἔλεξε-εἴτ)
289 2766 354 2793 imo
374 2765 455 2792 libro
475 2765 631 2800 quinto,
653 2771 722 2799 cap.
746 2765 794 2794 ¹6.

176 2812 221 2852 †)
242 2819 310 2847 cap.
329 2813 357 2841 2.
392 2812 533 2846 Euripidi
554 2811 661 2841 tribuit
681 2813 839 2847 interpres
856 2813 997 2840 Graecus
1012 2809 1209 2840 Aristotelis.
1238 2810 1307 2841 vid.
1326 2813 1414 2842 Poet.
1431 2813 1541 2842 Graec.

102 2853 193 2881 Scen.
214 2852 339 2885 Fragm.
360 2850 409 2880 ed.
429 2849 573 2880 Dindorf.
596 2856 668 2886 pag.
690 2851 759 2880 1⁴23.
781 2857 810 2879 n.
830 2850 939 2878 inx.

1575 592 1637 622 410
