1778 3096
250 129 333 173 453
813 131 943 172 VAR.
974 131 1130 171 LECT.

251 244 446 294 explicari
475 249 593 294 puto,
644 243 734 280 lieet
770 243 881 280 mulli
918 243 1170 289 tentaverint,
1214 244 1312 282 unde
1347 245 1476 290 rz'sns3
1524 246 1592 294 qui
1620 257 1694 282 non

250 301 368 337 solum
395 299 510 351 sacto
541 300 666 348 aliquo
704 298 870 343 dictove,
913 299 980 335 sed
1017 299 1204 336 interdum
1243 301 1343 349 quod
1379 302 1490 337 ellum
1524 301 1696 350 eorporis

251 361 355 392 tactu
385 355 608 391 arcessitur.
668 353 753 390 1-100
790 353 885 390 enim
917 353 1034 403 ipsum
1064 360 1143 399 est,
1188 353 1284 405 quod
1322 362 1433 404 negat
1463 367 1483 391 a
1512 367 1694 405 quoquam

250 410 342 447 satis
373 409 615 459 explicatum,
653 409 755 446 Unde
783 409 907 446 risus.-
940 408 975 445 id
1004 415 1083 453 est,
1116 422 1210 460 quae
1240 409 1287 446 sit
1313 410 1410 447 risus
1440 409 1561 459 origo.
1623 408 1694 446 Se-

249 465 374 516 quitur
410 464 519 515 paulo
556 469 641 514 post
658 461 727 513 *):
777 465 951 514 Erumpe't
991 465 1087 501 enlm
1127 466 1237 502 etium
1281 466 1406 502 invitis
1444 478 1578 514 saepe,
1622 477 1693 502 nee

237 519 366 570 fultus
396 533 485 570 ope,
515 532 585 557 nee
610 519 736 556 valcas
760 520 866 556 modo
899 532 944 556 ae
974 522 1073 557 vocis
1100 521 1281 570 eaeprz‘mz‘t
1309 518 1598 569 consessionem,
1628 520 1696 557 sed

249 582 365 612 totum
396 588 533 625 eorpus
563 576 604 612 υἱ
637 587 707 611 sem
736 576 927 612 coneedit:
970 574 1033 611 ubi
1063 582 1139 612 tres
1180 575 1265 612 illae
1296 587 1431 621 voceS,
1474 589 1542 614 nee
1561 575 1693 626 fideus

247 643 340 680 ope,
380 629 602 667 redundant.
663 629 832 667 Barbara
863 628 1042 680 quaedam
1076 631 1286 667 enunciatio
1318 630 1516 676 effecerat,
1557 637 1596 667 ut
1623 642 1693 667 nee

235 685 367 738 sallas
395 698 463 736 pro
492 699 561 723 nee
584 686 709 723 vultus
738 684 985 722 scriberetur.
1043 684 1150 732 Quae
1181 695 1354 736 corrupta
1385 686 1569 736 scriptura
1600 685 1692 722 fulta

246 747 305 778 est
335 747 462 791 postea
492 754 562 791 ope
589 741 761 786 alicuius,
795 740 856 790 qui
888 739 933 777 de
963 753 1031 778 suo
1061 740 1204 778 addidit
1232 740 1317 778 illud
1349 754 1429 792 ope.
1482 740 1546 778 Sic
1576 751 1692 790 saepe

236 795 383 849 feritas
411 797 547 833 invasit
576 797 611 833 in
642 796 762 833 locum
790 797 990 834 vernatls:
1024 795 1145 847 senus
1174 797 1211 833 in
1238 797 1358 834 locum
1389 797 1566 833 Veneris.-
1601 795 1692 832 alia-

246 864 317 902 que
348 850 395 888 ad
431 851 588 889 eundem
620 850 780 888 modum.
842 850 951 898 Quod
988 858 1107 889 autem
1138 852 1351 901 subiungit,
1392 852 1554 889 ridiculo
1581 863 1692 900 saepe

244 908 495 945 maoez'marzmz
524 920 652 945 rerum
681 913 865 945 momenta
892 908 1009 954 verti,
1036 906 1240 946 concordat
1269 920 1350 945 cum
1378 906 1557 952 Horatio,
1584 906 1690 943 cuius

242 961 335 1000 illud
365 961 532 1016 est**):

741 1040 795 1049 —
823 1039 876 1046 —-
906 1020 1106 1057 ridet-ulum
1136 1020 1226 1057 aeri

354 1075 510 1114 Fortius
538 1086 585 1112 ae
613 1074 745 1112 melius
773 1086 932 1124 magnas
955 1076 1176 1125 plerumque
1202 1080 1310 1112 secat
1334 1086 1412 1112 res.

241 1151 285 1190 In
318 1151 449 1191 eodem
481 1153 602 1203 capite
633 1153 684 1190 ita
715 1150 914 1203 legendum
946 1158 1005 1190 est
1019 1149 1140 1205 ***):
1182 1153 1238 1191 Et
1263 1153 1433 1190 Catullus
1462 1163 1544 1189 eum
1580 1149 1688 1196 de'ez‘t,

354 1231 471 1269 Nulla
501 1232 538 1268 in
569 1237 644 1269 tam
676 1243 814 1281 magno
847 1237 907 1268 est
932 1243 1092 1281 corpore
1122 1230 1219 1267 mica
1247 1231 1354 1276 salis,

241 1321 315 1347 non
347 1309 419 1345 leoe
447 1309 565 1353 dicit,
597 1309 696 1345 nz‘ln‘l
721 1309 758 1345 in
788 1320 948 1357 corpore
977 1309 1057 1345 eins
1084 1320 1164 1344 esse
1191 1307 1408 1345 ridiculum.
1467 1304 1596 1355 Vulgo
1625 1302 1689 1341 de-

241 1370 363 1402 tracta
401 1364 552 1412 negatio
583 1362 741 1400 Fabium
782 1363 899 1413 ipsum
932 1361 1128 1399 ridiculum
1168 1362 1270 1400 facit.
1333 1361 1405 1408 Et,
1447 1367 1486 1398 ut
1515 1359 1690 1397 nonnulla

240 1419 557 1470 praetermittam,
589 1419 626 1455 in
657 1418 791 1468 quibus
822 1419 901 1468 ipse
931 1418 1020 1454 mihi
1054 1416 1210 1454 nondum
1242 1418 1450 1462 satisfacio,
1485 1416 1555 1452 boc
1586 1422 1689 1453 certe

240 1476 294 1511 ita
324 1474 398 1522 legi
422 1472 533 1510 debet
547 1471 623 1525 †)·
655 1474 805 1511 Ludere
835 1485 1022 1522 nunquam
1052 1473 1229 1509 velimus.-
1263 1473 1450 1522 longeque
1476 1471 1576 1508 absit
1598 1483 1690 1520 pro·

234 1530 400 1581 positum
441 1529 559 1574 illud,
601 1529 730 1578 polias
769 1529 949 1572 amicam,
997 1539 1106 1577 quam
1148 1528 1285 1564 dietam
1321 1527 1523 1577 perdendi.
1583 1525 1688 1562 Male

241 1585 339 1622 enim
367 1584 501 1634 vulgo,
525 1584 695 1634 perdidi.
755 1582 931 1620 Omittam
963 1582 1055 1619 satis
1087 1582 1222 1619 multa:
1266 1582 1460 1633 spicilegio
1490 1581 1586 1618 enim
1616 1580 1690 1618 loci

240 1652 326 1677 esse
353 1638 493 1689 aliquid
519 1639 624 1677 volo:
657 1637 728 1675 duo
751 1645 887 1675 tantum
920 1651 966 1675 ex
991 1636 1122 1674 eodem
1152 1638 1272 1688 capite
1303 1638 1454 1683 notabo,
1478 1649 1572 1686 quae
1599 1635 1688 1673 mihi

238 1694 413 1733 videntur
443 1695 594 1731 minime
624 1693 864 1744 negligenda.
925 1693 968 1730 In
1001 1692 1112 1730 editis
1140 1693 1245 1730 libris
1285 1693 1442 1743 legimus
1457 1691 1563 1744 ††),
1600 1693 1689 1730 Em-

151 1757 214 1787 483
233 1752 355 1802 phase'
389 1751 515 1788 Lz'vz'as
553 1751 675 1795 delen,
708 1748 825 1798 ferro
867 1756 984 1787 cotem
1013 1750 1164 1787 Attium
1194 1750 1353 1787 Navium
1387 1749 1577 1786 memisse.
1640 1745 1690 1784 Et

239 1815 364 1844 notum
395 1804 540 1855 quidem
572 1811 644 1850 est,
676 1805 867 1842 historiam
900 1804 998 1841 illam
1029 1803 1073 1842 de
1098 1812 1181 1841 cote
1212 1818 1231 1841 a
1259 1804 1381 1841 Navio
1409 1804 1527 1841 incisa
1557 1808 1688 1840 extare

240 1861 338 1913 apud
367 1861 514 1898 Livium
548 1860 643 1897 libro
675 1861 810 1911 primo.
857 1859 933 1898 Sed
961 1872 1115 1910 quaero,
1148 1873 1253 1910 quam
1281 1859 1430 1897 tandem
1459 1859 1518 1896 hic
1547 1857 1688 1895 Fabius

241 1917 446 1967 emphasim
479 1914 624 1953 videat:
667 1923 730 1952 aut
760 1915 846 1966 quid
875 1916 1026 1953 omnino
1054 1916 1212 1952 historia
1243 1915 1336 1952 haec
1366 1914 1411 1951 ad
1440 1913 1477 1951 id
1506 1912 1601 1964 quod
1625 1913 1688 1950 hic

240 1974 366 2022 agitur
397 1972 598 2023 pertineat.
657 1970 792 2022 Neque
820 1978 929 2022 puto,
972 1970 1009 2008 id
1039 1983 1256 2023 quemquam
1289 1969 1417 2008 videre
1445 1981 1576 2020 posse3
1614 1969 1688 2005 nisi

241 2029 304 2078 qui
343 2029 393 2064 ita
421 2028 621 2077 perspicax
651 2027 720 2072 sit,
762 2035 801 2064 ut
831 2026 868 2063 id
899 2027 1033 2072 etiam,
1074 2027 1171 2077 quod
1204 2039 1382 2076 nusquam
1421 2032 1504 2070 est,
1545 2022 1684 2061 videat.

240 2083 285 2121 ln
321 2083 513 2121 veteribus
555 2082 778 2119 membranis
821 2083 913 2119 meis
954 2082 1024 2119 boc
1067 2081 1196 2118 modo:
1242 2082 1427 2132 Emplzasz'
1458 2082 1511 2119 A.
1552 2080 1688 2118 Villius

241 2140 364 2184 dc‘oeic,
393 2137 551 2189 serrum
581 2139 618 2174 ίη
650 2144 766 2174 cotem
796 2139 985 2175 incidisse.
1048 2137 1134 2174 Hoc
1163 2149 1234 2174 nec
1265 2137 1415 2181 verius,
1456 2148 1526 2173 nee
1554 2135 1687 2172 melius

240 2195 451 2246 quicquam.
511 2192 740 2243 Subiungam
756 2192 873 2246 †††)
906 2205 1015 2230 unum
1044 2193 1133 2230 item
1164 2192 1308 2229 locum:
1350 2189 1486 2229 deinde
1514 2191 1587 2228 iter
1615 2189 1686 2227 hoc

316 2310 360 2345 ἕε)
382 2310 414 2345 S.
428 2309 458 2337 9.
496 2310 629 2337 Praeter
649 2306 711 2336 tria
730 2307 786 2335 illa
803 2308 903 2335 verba
923 2314 942 2336 a
957 2307 1141 2342 Spaldingio
1163 2308 1195 2335 et
1212 2307 1396 2336 Gernhardo
1419 2306 1576 2341 particula
1595 2307 1686 2335 etiam

240 2347 354 2378 eiecta.
394 2348 511 2376 Paullo
534 2349 605 2381 post
626 2353 683 2380 pro
703 2345 929 2380 confessionem
948 2346 1129 2374 Ruhnkenii
1150 2345 1246 2374 editio
1268 2352 1434 2381 perperam
1453 2345 1685 2380 confectionem.

314 2398 364 2422 -211-÷::-
406 2398 427 2423 S
467 2395 473 2401 '
494 2418 500 2424 .
540 2417 544 2422 .
685 2415 691 2421 .

316 2396 408 2479 εῑῐ-ῑῑεξὲ)
431 2396 544 2479 agith}
569 2393 617 2471 ig’
632 2392 727 2471 goldd.
748 2443 787 2470 ab
808 2441 981 2470 editoribus
1001 2442 1170 2477 scriptum:
1199 2443 1292 2471 Nulla
1317 2443 1365 2469 est
1390 2443 1423 2469 in
1450 2448 1584 2475 corpore
1607 2441 1686 2470 mica

239 2484 326 2516 salis,
349 2490 431 2517 quae
453 2483 551 2509 verba
572 2489 614 2508 ex
633 2480 735 2514 ipsius
757 2480 876 2509 camni
897 2481 1086 2508 carminibus
1107 2481 1190 2513 apud
1210 2480 1452 2514 Quinctilianum
1473 2482 1594 2508 temere
1614 2486 1685 2508 cor-

239 2521 326 2549 rexit
353 2522 506 2548 Muretus.
553 2519 624 2547 vid.
654 2525 750 2546 carm.
779 2519 946 2548 LXXXIV.
974 2519 1163 2554 (LXXXVI.
1193 2519 1242 2547 eti.
1263 2518 1377 2553 Doer.)
1406 2524 1436 2546 v.
1464 2516 1495 2546 4.
1540 2516 1686 2551 Negandi

239 2558 397 2593 particula
416 2564 498 2585 nunc
519 2558 657 2590 recepta.

317 2605 363 2644 †)
386 2605 417 2641 S.
439 2606 489 2634 28.
527 2605 675 2634 Editores
694 2604 818 2632 laedere
838 2611 893 2638 pro
913 2604 1038 2639 ludere,
1065 2603 1179 2632 deinde
1197 2603 1348 2638 perdendi
1367 2609 1436 2631 cum
1458 2604 1592 2631 Mureto.

315 2652 388 2693 ††)
410 2654 442 2689 g.
458 2654 507 2682 69.
537 2654 641 2681 Locus
655 2654 693 2681 ab
715 2652 850 2681 eruditis
870 2652 1048 2680 hominibus
1069 2653 1160 2680 varie
1181 2653 1380 2689 emendatus,
1401 2651 1465 2680 vid.
1482 2652 1686 2681 Gernhardus

240 2699 314 2728 pag.
337 2693 406 2721 259.
436 2692 489 2726 qui
509 2691 679 2725 legendum
709 2697 782 2718 esse
802 2693 906 2724 putat:
934 2691 1082 2723 fimplzasz·
1101 2691 1233 2718 Iulius
1252 2691 1349 2725 dixit,
1378 2688 1501 2724 ferrum
1520 2692 1617 2719 cotem
1635 2691 1686 2718 iu·

240 2731 362 2759 cidisse.
401 2728 488 2757 Livii
506 2731 594 2757 locus
614 2729 729 2763 legitur
749 2729 802 2756 lib.
823 2730 846 2756 1.
865 2735 934 2762 cap.
955 2730 1007 2757 36.

316 2775 420 2816 †††)
440 2778 649 2812 subimplere,
676 2784 733 2812 pro
753 2777 883 2813 addere,
912 2783 976 2805 non
996 2777 1046 2805 est
1065 2775 1315 2805 ciceronianum.
1353 2775 1426 2805 Vid.
1445 2773 1627 2811 Scioppium
1646 2773 1686 2803 de

239 2814 318 2845 stilo
339 2816 415 2843 nist.
436 2822 507 2850 pag.
530 2816 600 2844 160.
639 2816 677 2843 D.
699 2816 737 2843 R.
759 2829 794 2836 -
834 2816 900 2844 Nec
926 2815 1028 2851 magis
1052 2817 1199 2844 veterum
1223 2814 1414 2844 auctoritate
1440 2813 1498 2843 niti
1522 2812 1682 2849 existimo,

240 2853 325 2888 quod
345 2852 504 2891 sequitur,
526 2853 585 2882 iter
605 2853 753 2883 dividere.
