1726 3106
111 811 173 841 183

205 135 285 180 174
766 134 894 176 VAR.
926 133 1081 176 LECT.

205 255 290 296 est,
318 245 385 289 καὶ
412 243 510 287 κατὰ
535 241 604 293 τὰς
636 241 752 293 ἄλλοις
777 248 849 285 τοῦ
875 241 1017 297 χρόνου
1044 243 1257 297 διαφορὰςε
1288 253 1326 285 et
1356 244 1393 285 id
1409 245 1521 298 'quod
1549 248 1644 287 citra

203 305 314 344 ullam
345 303 624 342 necessitatem.
684 300 875 340 Interdum
904 308 1025 339 autem
1055 302 1101 340 ad
1133 302 1202 340 hoc
1230 309 1366 340 tantum
1386 315 1519 352 genus,
1547 303 1644 353 quod

202 360 415 413 posteriore
460 358 543 395 loco
588 357 804 408 posuimus,
853 357 1041 409 pertinet,
1087 356 1153 397 καὶ
1189 355 1473 409 ἆντιδιαιρεῖται
1511 361 1564 412 τῷ
1606 357 1645 406 ἐξ

200 412 380 469 ἀνάγκης,
438 413 506 451 Illo
541 414 666 464 priore
698 412 806 450 modo
845 414 876 450 si
908 413 1096 463 accipias,
1135 413 1268 451 falsum
1305 416 1402 460 erit,
1443 413 1540 464 quod
1581 413 1642 452 hic

200 471 246 511 ab
276 469 485 508 Aristotele
521 467 690 506 traditur.
758 468 843 506 Non
881 468 980 506 enim
1021 468 1053 504 si
1085 474 1206 519 potest
1236 470 1333 519 ignis
1363 481 1449 507 esse
1479 467 1641 516 calidus,

201 527 388 577 sequitur,
419 531 459 562 ut
487 525 597 562 etiam
630 523 789 575 frigidus
820 537 905 562 esse
936 523 1068 574 possit.
1127 523 1258 575 Neque
1288 526 1319 562 si
1350 531 1472 576 potest
1501 524 1641 562 moveri

199 582 368 628 caelum,
417 586 542 632 potest
577 580 687 618 etiam
723 580 935 630 quiescere.
996 577 1091 615 Nam
1127 579 1163 616 in
1194 580 1264 626 iis,
1303 593 1396 631 quae
1426 579 1643 618 necessario

200 644 309 690 sunt,
336 649 408 674 non
439 643 635 687 utrumque
666 636 940 672 contrariorum
975 641 1035 672 est
1062 637 1139 673 τῶν
1166 634 1357 684 δυνατῶν,
1388 634 1452 673 sed
1482 635 1642 674 alterum

198 699 362 739 tantum3
393 704 514 742 neque
540 691 771 736 utrumlibet,
803 689 869 729 sed
900 697 1004 727 certo
1034 702 1077 727 ac
1108 689 1256 728 definite
1286 692 1457 729 alterum.
1519 689 1642 728 Nemo

199 755 323 786 autem
359 747 553 785 cavilletur
593 746 676 791 hic,
721 753 856 783 motum
887 752 925 783 et
953 745 1116 795 quietem
1148 758 1219 783 non
1250 759 1336 784 esse
1368 747 1518 797 proprie
1551 759 1642 784 con-

201 803 331 843 traria.
393 802 553 840 Constat
591 802 716 847 enim,
758 800 842 847 hie,
892 807 932 837 ut
970 813 1084 851 saepe
1119 800 1228 847 aiibi,
1268 801 1511 839 Aristotelem
1542 801 1644 839 acci·

199 871 291 912 pere
328 854 376 898 τὰ
412 856 565 897 ἐναντία
599 853 684 895 ἀντὶ
719 858 796 895 τῶν
834 852 1136 906 ὅπωςδηποτοῦν
1172 852 1449 907 ἀντικειμένων.
1506 856 1641 894 Poste-

199 915 303 953 riore
343 914 458 965 igitur
504 911 613 949 modo
654 911 908 962 accipiendum
957 910 1027 949 hoc
1066 915 1147 949 loeo
1192 919 1251 950 est
1287 909 1329 951 τὸ
1366 914 1437 950 τοῦ
1476 911 1643 951 δυνατοῦ

199 965 333 1021 ὄνομα.
390 968 441 1006 Et
469 968 520 1005 ita
550 968 785 1006 verissimum
814 968 910 1013 erit,
942 965 1038 1017 quod
1070 965 1238 1004 docetur.
1297 966 1396 1005 Nam
1430 966 1500 1004 hoc
1527 965 1641 1004 *modo

197 1028 278 1065 πᾶν
311 1020 354 1063 τὸ
385 1019 551 1063 δυνατὸν
580 1018 677 1062 εἶναι
712 1019 878 1062 δυνατόν
908 1021 985 1061 ἔστι,
1019 1021 1084 1062 καὶ
1112 1019 1164 1073 μὴ
1196 1018 1304 1062 εἶναι.
1360 1022 1419 1061 lta
1450 1021 1643 1074 disputan·

199 1088 262 1120 tur
285 1080 381 1119 haec
409 1079 456 1118 ab
485 1079 693 1117 Aristotele
723 1077 765 1118 ἐν
791 1081 844 1134 τῷ
872 1076 959 1131 περὶ
987 1078 1187 1131 ἑρμηνείας
1203 1076 1263 1130 ³7⁶).

710 1208 1000 1249 CAPUT
1055 1209 1135 1248 IX.

201 1291 409 1330 Correccus
449 1289 641 1327 Ciceronis
677 1289 784 1326 loeus
819 1301 869 1325 ex
907 1289 1080 1326 oratione
1109 1300 1186 1339 pro
1216 1289 1259 1326 C.
1286 1286 1442 1337 Rabirio
1464 1286 1644 1338 perduel-

808 1344 919 1382 lionis
947 1356 1029 1381 reo.

195 1423 394 1483 llIzsmeA
435 1450 493 1481 est
526 1444 731 1493 ignominia
759 1442 983 1480 iudiciorum
1006 1441 1266 1492 publicorum,
1304 1442 1442 1478 misera
1470 1441 1642 1479 multatio

197 1501 402 1545 bonorum,
444 1500 620 1537 miserum
651 1499 829 1536 exilium.-
867 1498 935 1534 sed
961 1504 1083 1535 tamen
1112 1499 1151 1534 ile
1182 1498 1284 1534 omni
1306 1497 1522 1534 calamitate
1550 1496 1643 1534 reti-

195 1562 310 1594 netur
338 1555 493 1605 aliquod
521 1555 720 1603 vestigium
752 1553 954 1590 libertatis.
1014 1553 1124 1590 Mors
1151 1552 1311 1601 [lenique
1338 1552 1376 1588 si
1394 1552 1639 1602 proponitur,

196 1612 236 1649 in
275 1610 451 1649 libertate
489 1611 720 1654 morz'amzer3
760 1605 938 1657 carnqsea:
980 1620 1095 1652 νενο,
1131 1614 1169 1644 et
1198 1606 1372 1644 obductio
1403 1606 1561 1657 capitis,
1604 1611 1646 1644 et

195 1679 328 1705 nomen
367 1666 486 1716 ipsum
526 1665 651 1702 crucis
678 1663 777 1701 absit
801 1676 877 1700 non
908 1663 1014 1700 modo
1044 1674 1067 1700 α
1101 1674 1261 1712 corpore
1293 1663 1427 1700 civium
1457 1664 1642 1700 Romano-

195 1735 280 1760 rum
296 1749 309 1767 ,
350 1721 419 1759 sed
452 1722 563 1759 etiam
597 1733 620 1758 a
648 1720 902 1769 cogitatione,
947 1719 1090 1763 oculis,
1134 1718 1304 1755 auribus.
1373 1719 1517 1755 Harum
1545 1717 1641 1754 enim

195 1779 359 1816 omnium
393 1789 520 1815 rerum
559 1789 632 1813 non
669 1776 787 1812 solam
826 1779 978 1811 eventus
1009 1781 1125 1824 atque
1156 1773 1377 1823 perpessio,
1426 1772 1497 1809 sed
1529 1772 1642 1809 etiam

197 1833 390 1878 conditio,
422 1832 678 1882 exspectant),
720 1830 856 1867 mentio
887 1830 969 1879 ipsa
998 1829 1156 1879 denique
1182 1828 1339 1878 indigna
1367 1828 1445 1865 cive
1476 1829 1642 1866 Romano

196 1895 311 1938 atque
341 1888 488 1925 homine
519 1887 638 1925 libero
665 1892 734 1923 est.
796 1883 994 1922 Ciceronis
1027 1883 1119 1921 haec
1150 1883 1263 1921 verba
1294 1890 1381 1921 sunt
1409 1895 1430 1920 e
1454 1881 1641 1919 luculenta

196 1943 259 1980 illa
305 1943 495 1987 oratione,
547 1955 619 1993 qua
661 1940 790 1979 consul
830 1939 876 1978 C.
920 1939 1116 1977 Rabirium
1159 1937 1329 1976 defendit
1371 1936 1639 1991 perduellionis

197 2011 303 2036 reum
321 1995 410 2046 **).
469 1997 511 2034 In
548 1997 680 2047 quibus
707 2009 788 2033 cum
820 1994 914 2032 duae
940 2007 1082 2040 voees,
1118 2007 1184 2031 seu
1212 1994 1368 2040 merito,
1413 2005 1481 2030 seu
1511 1993 1641 2030 imme-

197 2053 296 2099 rito,
344 2065 495 2102 semper
522 2053 610 2089 mihi
639 2058 836 2102 suspectae
871 2051 1030 2088 fuerint:
1074 2063 1145 2086 non
1176 2062 1351 2099 possum,
1393 2049 1479 2099 quin
1510 2060 1640 2098 suspe-

197 2109 359 2146 ctionem
374 2104 470 2154 7’ἫῖῑὶΥῆ
503 2120 621 2145 meam
652 2120 850 2157 exponam.
910 2105 1053 2142 Harum
1084 2117 1214 2141 vocum
1244 2105 1346 2154 prior
1370 2110 1430 2141 est
1450 2103 1637 2140 obductio.

197 2163 417 2214 Quanquam
443 2162 542 2200 enim
574 2176 646 2199 non
674 2175 751 2199 sum
784 2161 955 2205 nescius,
999 2160 1183 2198 obducere
1214 2157 1399 2196 interdum
1427 2170 1516 2195 esse
1543 2157 1640 2196 idem

197 2218 295 2269 quod
333 2217 535 2268 obtegere,
571 2218 745 2255 libentius
781 2223 902 2253 tamen
943 2215 1012 2251 hoc
1048 2214 1129 2252 loeo
1167 2214 1333 2264 legerem
1374 2214 1552 2263 obmcptio
1567 2211 1636 2265 †).

195 2274 295 2312 Nam
339 2272 436 2325 quod
471 2272 541 2310 hoc
577 2273 793 2311 vocabulum
832 2284 1008 2321 nusquam
1038 2270 1124 2307 alibi
1155 2269 1251 2320 apud
1280 2268 1508 2306 Ciceronem
1538 2268 1641 2318 lega-

196 2337 283 2375 tur3
325 2341 372 2366 ne
401 2328 575 2366 obductio
602 2328 763 2380 quidem.
821 2325 873 2363 Et
903 2327 1078 2376 obnuptio
1110 2326 1266 2371 melius,
1312 2325 1349 2362 ni
1379 2324 1512 2370 fallor,
1551 2336 1640 2361 con-

196 2385 345 2424 veniret
383 2396 464 2421 eum
502 2383 584 2422 diro
620 2384 682 2421 illo
717 2391 754 2421 et
792 2380 980 2419 horrendo
1017 2381 1207 2427 carmine,
1248 2380 1345 2431 quod
1387 2379 1496 2430 paulo
1526 2391 1640 2430 supra

197 2437 546 2493 recitaverat††):
581 2441 704 2492 Caput
732 2437 934 2484 obnubz't03
963 2436 1100 2475 arbori
1126 2436 1273 2489 infelici
1290 2436 1520 2487 suspendico.
1568 2434 1640 2473 Al-

272 2588 316 2625 ÷::-)
336 2595 405 2624 cap.
427 2588 475 2618 13.
497 2587 529 2624 S.
552 2587 602 2616 1⁰.

272 2638 343 2673 *etc-J
364 2645 434 2672 cap.
454 2637 484 2665 5.
504 2636 537 2671 §-
559 2635 609 2664 16.

273 2686 369 2721 ἥξετε-τῖε)
396 2687 484 2714 Rara
511 2691 577 2712 vox
604 2689 707 2717 neque
732 2681 870 2715 optimae
898 2681 978 2710 fidei.
1031 2682 1150 2710 Eadem
1179 2680 1278 2710 utitur
1305 2682 1385 2709 Mur.
1415 2678 1470 2709 inf.
1496 2684 1565 2714 cap.
1585 2677 1638 2706 2⁰.

199 2731 285 2760 supr.
306 2724 386 2753 med.
408 2722 552 2752 Terentii
573 2722 720 2756 exemplo
735 2722 893 2749 Muretum
913 2719 1052 2750 defendit
1071 2720 1197 2756 Seiopp.
1212 2719 1252 2748 de
1266 2718 1330 2748 stil.
1346 2718 1458 2748 histor.
1474 2723 1547 2754 pag.
1566 2716 1637 2746 128.

198 2763 248 2792 ed.
269 2761 374 2791 Fabri.
413 2763 527 2790 FAES1.

275 2808 320 2847 †]
341 2810 409 2838 Hoc
428 2816 542 2838 nomen
562 2816 581 2837 a
601 2809 725 2838 Mureto
745 2807 858 2837 fictum.

274 2857 349 2896 ††)
370 2865 439 2894 cap.
457 2858 486 2887 4.
507 2858 540 2893 S.
562 2858 612 2888 13.
