1778 3096
484 144 585 183 LIB.
615 143 746 184 XVII.
806 141 926 182 CAP.
954 143 1065 183 XIII.
1416 140 1500 184 409

62 270 180 308 genus
221 256 402 302 caritate,
452 253 713 292 Hebraeorum
753 252 1001 292 Christianam
1042 251 1263 304 religionem
1306 252 1500 303 suscipere

62 312 282 356 volentium,
316 311 561 355 Graecorum,
594 309 880 355 Armeniorum,
913 309 1199 360 Germanorum,
1232 308 1499 346 Britannorum

63 368 224 416 collegia
254 366 426 410 instituit,
460 365 656 415 magnilica
684 364 755 409 eis,
788 364 849 401 ubi
881 365 1063 409 habitent,
1095 364 1266 401 aedilicia
1297 363 1497 408 exstruxit,

63 420 204 460 reditus
218 419 287 473 ᾗ),
330 420 463 472 quibus
493 421 656 465 alantur,
688 419 880 465 attribuit,
922 420 1056 470 templa
1083 419 1247 469 ingentia
1277 418 1421 469 posuit:
1459 424 1499 454 ut

63 476 243 526 singulari
295 483 500 526 temporum
553 481 761 512 nostrorum
811 473 989 512 felicitate
1036 481 1313 511 saciosanctum
1357 472 1499 510 Christi

62 543 197 569 nomen
234 544 277 568 ac
317 543 451 569 numen
490 531 647 567 omnium
686 528 899 579 populorum
939 529 1077 578 linguis
1116 542 1160 566 ac
1190 529 1321 566 ritibus
1358 541 1431 566 una
1461 527 1499 564 in

62 586 156 623 urbe
195 586 421 624 celebretur.
483 585 599 623 Cuius
629 582 819 621 pontilicis
855 583 1076 621 inexhausta
1107 591 1143 621 et
1181 583 1373 622 indefessa
1408 582 1502 620 libe-

61 641 212 688 ralitas,
258 641 360 678 orbis
402 641 520 679 nostri
551 640 683 677 finibus
712 652 785 676 non
823 646 1022 685 contenta,
1065 640 1273 689 penetravit
1312 639 1425 677 etiam
1454 636 1502 676 ad

63 703 195 747 gentes
224 696 413 734 veteribus
451 696 659 745 incognitas
695 702 732 731 et
769 701 898 731 nostro
933 695 1089 745 primum
1128 695 1278 732 saeculo
1312 700 1500 744 repertas,

63 752 273 789 constitutis
306 752 496 802 quaternis
527 763 718 788 numorum
747 762 944 786 aureorum
976 749 1151 796 millibus,
1185 762 1278 799 quae
1306 748 1502 800 quotannis

62 818 179 857 usque
219 807 255 844 in
293 806 491 857 lapponem
532 805 577 843 ad
618 804 880 842 sustentandos
910 817 1000 850 eos,
1040 805 1100 855 qui
1138 805 1293 842 caelesti
1332 804 1503 841 doctrina

60 861 215 913 populos
246 861 330 899 illos
360 861 592 908 imbuerent,
634 861 882 898 mitterentur.
942 860 1027 897 Hoc
1058 867 1117 898 est
1145 872 1236 899 vere
1272 871 1503 897 communem

63 917 222 954 omnium
259 924 467 968 pastorem,
508 928 595 954 vere
625 915 769 953 Christi
808 916 986 953 vicarium
1023 928 1123 953 esse.
1184 913 1261 953 Sed
1295 913 1351 955 ad.
1376 913 1503 951 laudes

61 971 162 1009 illius
191 972 359 1022 pleniore
390 984 457 1009 ore
497 969 742 1010 celebrandas
770 970 865 1008 alius
897 971 1007 1017 mihi,
1052 971 1083 1008 si
1111 970 1218 1008 Deus
1246 970 1366 1016 volet,
1413 983 1504 1006 con-

64 1027 215 1064 stitutus
242 1034 299 1065 est
328 1027 429 1064 locus
444 1024 534 1079 ἠως).
593 1025 703 1063 Nunc
732 1025 828 1076 qnod
859 1025 986 1064 dicere
1016 1039 1239 1076 coeperam,
1271 1039 1353 1063 cum
1383 1024 1504 1062 Athe-

64 1094 180 1119 naeus
206 1095 277 1119 non
307 1081 495 1127 indicarit,
518 1082 600 1132 quis
631 1094 652 1119 c
680 1081 871 1119 veteribus
890 1084 1042 1120 Romam
1071 1083 1251 1131 epitomen
1279 1083 1348 1131 τῆς
1376 1080 1504 1119 οἰκου-

63 1135 178 1187 μένης
214 1144 411 1183 vocasset,
451 1138 567 1174 visum
601 1144 657 1174 est
687 1149 863 1183 monere,
907 1137 987 1174 eius
1023 1136 1280 1187 appellationis
1311 1143 1503 1173 auctorem

64 1192 182 1230 fuisse
220 1199 406 1230 oratorem
446 1192 708 1237 Polemonem,
755 1198 794 1228 ut
834 1198 994 1230 testatur
1034 1192 1195 1231 Galenus
1234 1191 1502 1229 commentario

62 1247 182 1299 primo
211 1247 249 1285 in
276 1247 545 1298 Hippocratem
573 1247 619 1285 de
646 1248 821 1285 articulis
837 1245 960 1299 ***).

549 1408 828 1449 CAPUT
883 1409 1013 1449 XIII.

91 1487 227 1540 Neque
258 1488 362 1527 vivus
393 1500 513 1539 neque
542 1495 708 1526 mortuus
736 1501 840 1535 sum,
879 1501 903 1527 α
925 1488 1100 1540 pluribus
1128 1493 1348 1539 usurpatum
1379 1500 1472 1526 esse.

68 1574 202 1641 QUOD
237 1597 333 1649 apud
362 1597 584 1649 Euripidem
620 1599 658 1636 in
693 1598 928 1649 Supplicibus
945 1598 996 1652 †)
1035 1598 1168 1636 mulier
1196 1599 1329 1636 nobilis
1364 1604 1504 1637 sortem

68 1666 170 1690 suam
210 1652 408 1704 deplorans
449 1655 520 1700 ait,
562 1667 602 1691 se
633 1654 703 1691 iam
739 1667 858 1704 neque
895 1656 932 1692 in
970 1655 1084 1700 veneis,
1127 1668 1246 1705 neqve
1279 1656 1318 1692 in
1347 1655 1505 1693 mortuis

60 1721 174 1759 posse
200 1711 419 1755 namerffnz,
459 1709 495 1746 id
527 1722 548 1746 a
577 1708 725 1754 Dante,
771 1711 878 1758 poc'ta
907 1708 1093 1755 Etrusco,
1132 1710 1168 1746 in
1200 1711 1323 1759 magni
1361 1709 1504 1746 timoris

68 1763 339 1813 significatione
360 1765 517 1814 positum
543 1776 643 1809 esse,
665 1763 960 1803 dicitVictorius
981 1766 1103 1816 capite
1115 1764 1227 1803 XXI.
1252 1765 1337 1802 libri
1351 1764 1502 1802 XXXI.

67 1817 269 1856 Variarum
299 1819 534 1858 Lectionum.
595 1819 824 1870 Quamquam
851 1828 997 1866 autem,
1040 1820 1136 1871 quod
1176 1827 1314 1858 tantum
1350 1832 1505 1858 acumen

68 1873 107 1910 in
138 1886 183 1911 eo
213 1873 312 1912 dicto
341 1875 409 1920 sit,
448 1887 560 1913 curve
591 1875 627 1912 id
657 1882 852 1925 tantopere
883 1875 1059 1913 admirari
1084 1875 1311 1922 debeamus,
1352 1889 1424 1913 non
1454 1876 1507 1913 vi-

69 1927 164 1966 deo:
203 1942 315 1980 saepe
346 1931 441 1968 enim
470 1937 508 1968 et
538 1930 706 1968 homines
736 1942 855 1981 neque
885 1931 1101 1983 ingeniosos
1129 1944 1248 1982 neque
1278 1930 1442 1969 cruditos
1471 1937 1509 1967 et

69 1984 306 2022 mulierculas
337 1987 386 2022 ita
413 1986 522 2035 vulgo
547 1986 741 2037 loquentes
767 1986 916 2024 audivi.
949 1988 1034 2038 quia
1062 1993 1182 2024 tamen
1214 1987 1270 2024 vir
1298 1986 1508 2024 cruditissi-

70 2052 151 2076 mus
178 2041 271 2077 tanti
301 2053 384 2078 esse
416 2040 537 2086 duxit,
568 2042 702 2079 notabo
731 2054 801 2092 ego
833 2055 977 2094 quoque
1008 2056 1029 2080 a
1058 2042 1223 2079 Plauto
1214 2056 1250 2079 ιιι
1282 2041 1508 2079 Curculione

71 2093 202 2132 eodem
253 2095 360 2133 modo
398 2096 608 2147 loquentem
648 2097 832 2149 virginem
870 2097 1011 2137 induci.
1084 2097 1232 2137 Versus
1271 2097 1433 2136 Plautini
1470 2096 1509 2134 hi

70 2157 157 2187 sunt
177 2149 284 2203 ††):

183 2237 267 2285 Ego
293 2237 543 2286 pertimesco:
575 2243 649 2275 tum
679 2237 736 2276 ibe·
759 2250 816 2275 me
842 2239 968 2277 neseio
999 2239 1082 2289 quis
1108 2238 1251 2287 arripit

187 2293 368 2329 Timidam
399 2299 510 2343 atque
535 2293 733 2342 pavidam,
763 2306 832 2332 nec
859 2295 977 2332 vivam
1008 2307 1077 2331 nec
1105 2299 1304 2330 mortuam.

182 2348 264 2385 Nec
294 2360 364 2397 qao
393 2360 448 2385 me
470 2355 584 2398 pacto
613 2348 835 2396 abstulerit,
860 2362 1013 2400 possum
1045 2349 1185 2385 dicere.

73 2422 160 2462 Hoc
194 2436 364 2475 quoque,
407 2424 479 2462 etsi
508 2425 643 2476 stipula
671 2425 812 2473 levius,
852 2432 1001 2464 notetur
1034 2426 1072 2462 in
1103 2425 1176 2462 illis
1206 2423 1398 2476 Euripidis
1426 2436 1512 2462 ver·

153 2581 195 2617 ³12]
224 2583 272 2610 De
299 2583 359 2611 hoc
387 2589 445 2611 usu
474 2581 565 2610 verbi
591 2582 710 2610 reditus
734 2581 798 2611 vid.
828 2581 952 2617 Sciopp.
980 2583 1018 2610 de
1047 2581 1112 2613 stil.
1138 2582 1251 2612 histor.
1280 2588 1351 2618 pag.
1373 2581 1444 2612 12⁷.
1465 2581 1517 2611 ed.

78 2620 183 2649 Fabri.
222 2621 330 2648 Fami.
354 2634 390 2640 —
428 2619 510 2648 Add.
532 2620 644 2648 Krebs.
665 2620 831 2650 Antibarb.
852 2627 924 2655 pag.
945 2620 1016 2649 41⁷.

153 2678 221 2713 tete)
243 2678 289 2708 cf.
310 2679 387 2714 opp.
408 2680 494 2708 Tom.
514 2681 538 2708 1.
559 2686 629 2714 pag.
648 2680 720 2709 632.
740 2681 829 2717 (vol.
850 2682 888 2709 ΙΙ.
910 2687 981 2716 pag.
1003 2680 1074 2710 216.
1095 2679 1188 2709 huius
1208 2679 1313 2715 edit).

152 2739 245 2775 ιτεεῑεεῑε)
267 2741 352 2768 Τοιιι.
373 2740 411 2769 V.
432 2746 503 2775 pag.
523 2740 594 2769 585.
616 2747 646 2769 v.
665 2741 716 2770 52.
737 2740 785 2769 ed.
806 2739 906 2770 Basil.

154 2799 200 2837 †)
220 2807 251 2828 v.
271 2799 342 2828 967.

155 2861 228 2900 ††)
250 2862 286 2890 V.
308 2861 336 2897 Β,
359 2860 409 2889 48.

1533 1882 1596 1914 430
