1778 3096
487 132 587 170 LIB.
616 130 727 169 XlV.
784 129 901 169 CAP.
933 129 1044 167 XIII.
1409 127 1489 170 317

53 252 162 295 agat,
196 251 233 288 ct
265 243 352 281 nibil
382 255 495 292 agere
526 256 597 279 non
630 249 772 292 potest,
806 239 977 278 indicabo
1009 239 1069 284 ei,
1108 238 1169 289 qui
1198 250 1330 275 versus
1362 237 1490 275 dican-

54 308 112 338 tur
153 297 500 349 3662711711pot:quos
539 298 570 334 si
609 309 790 346 quzwieieie
827 303 955 346 postea
993 295 1114 338 volet,
1155 293 1372 343 praestabo,
1414 307 1487 330 non

53 355 182 392 defore
220 354 293 398 illi,
346 352 407 388 ubi
446 365 486 389 se
527 359 714 390 exerceat.
783 350 876 387 Cum
918 351 1032 398 igitur
1071 349 1216 386 litterae
1256 347 1488 386 Graecorum

53 412 163 448 etiam
191 407 235 445 ad
268 419 440 444 numeros
470 407 751 457 significandos,
783 412 821 442 ut
852 412 974 442 notum
1005 411 1076 449 est,
1108 403 1367 449 adhibeantur,
1398 416 1490 453 quo-

53 479 132 503 rum
177 475 347 501 versuum
398 475 526 499 omnes
579 463 724 499 litterae
774 474 840 511 pro
890 460 1053 497 nummis
1101 465 1278 508 acceptae
1328 457 1489 496 eundem

52 531 242 557 numerum
273 517 465 554 efficerent
500 530 543 555 ac
573 517 865 559 constituerent,
909 527 974 551 eos
1003 526 1135 550 versus
1164 510 1389 563 ἰσοψηφους
1423 526 1490 551 vo-

49 575 196 612 cabant.
264 571 358 609 Eius
398 573 453 609 rei
497 573 702 622 exemplum
742 568 933 607 ostendam
982 569 1018 604 in
1061 567 1202 604 duobus
1251 568 1484 606 nominibus.

49 628 251 678 eademque
281 627 478 664 declarabo
512 627 736 677 epigramma
768 625 953 662 Graecum
984 624 1118 660 incerti
1148 624 1311 660 auctoris
1342 636 1362 661 e
1392 623 1488 660 libro

48 682 212 721 secundo
250 681 497 732 Antbologias
515 680 583 733 *H
635 680 731 732 quod
774 681 835 730 qui
875 678 1098 729 explicarit,
1147 679 1332 716 neminem
1367 678 1488 716 adhuc

47 737 156 777 video
185 738 371 776 extitisse.
430 737 596 774 Primum
628 737 741 787 igitur
772 734 861 772 illud
894 733 1124 772 adscribam·

155 810 409 881 Δαμαγόοαν
416 812 482 852 καὶ
508 809 643 864 λοιμὸν
674 809 875 863 ισόψηφόν
903 827 960 858 τις
989 806 1159 857 ἀκούσας

195 866 354 920 ’Έστησ
390 865 614 919 ἀμφοτέρων
641 865 707 908 τὸν
730 865 876 936 τρόπον
905 866 946 906 ἐκ
971 863 1146 911 κανόνος.

154 920 220 971 Ὡς
247 922 290 963 τὸ
320 923 432 975 μέρος
460 921 500 962 δὲ
528 921 740 963 masline-5²
777 920 987 962 εἰνελκυσθὲ
977 937 1013 961 ν
1038 917 1080 960 τὸ
1111 917 1295 960 τάλαντον

208 977 461 1032 Δαμαγόρου,
494 977 628 1030 λοιμὸν
657 976 691 1018 δ’
725 972 833 1032 εὗρεν
863 978 980 1030 ἐλαφο
984 975 1127 1029 ότερον.

44 1055 194 1095 locatur
222 1058 386 1107 quisquis
415 1064 471 1095 est
501 1057 535 1094 in
563 1058 787 1107 flagitiosum
817 1054 1014 1107 quendam,
1042 1053 1281 1104 Damagoran
1312 1052 1482 1089 nomine:

44 1112 148 1149 cuius
191 1125 324 1148 nomen
370 1125 450 1149 cum
498 1087 633 1162 pestiso
652 1113 798 1149 nomine
838 1108 1039 1161 ἰσόψηφον
1085 1122 1171 1147 esse
1212 1106 1357 1159 quidam
1402 1120 1484 1144 cum

43 1165 247 1208 audiisset,
290 1168 394 1216 quasi
424 1168 460 1203 in
492 1174 631 1204 statera
661 1166 837 1217 expendit
865 1167 1053 1216 ingenium
1085 1164 1201 1215 pestis
1229 1170 1266 1200 et
1295 1163 1485 1212 ingenium

41 1220 302 1270 Damagorae:
337 1220 654 1271 praeponderasse
682 1230 802 1258 autem
833 1234 913 1258 eam
944 1221 1111 1266 lancem,
1143 1220 1179 1255 in
1209 1230 1315 1267 quam
1346 1218 1487 1254 Dama-

41 1288 157 1326 gorae
196 1276 246 1312 in
237 1277 387 1325 genium
432 1277 640 1327 impositum
686 1283 791 1314 erat·
842 1274 937 1326 quod
977 1273 1153 1311 videlicet
1189 1273 1302 1309 multo
1345 1272 1485 1308 leviora

42 1336 170 1368 essent
196 1331 311 1376 mala,
344 1344 437 1382 quae
466 1344 487 1368 a
513 1337 638 1396 peste,
678 1344 786 1381 quam
816 1343 917 1392 quae.
940 1343 962 1366 a
991 1328 1207 1378 Damagora
1239 1328 1485 1392 importaren-

41 1393 115 1424 tur.
177 1385 272 1423 Sunt
312 1395 435 1424 autem
465 1383 644 1437 ἰσόψηφοι
681 1386 788 1448 plane
820 1385 968 1422 nomina
998 1380 1233 1436 Δαμαγόρας
1271 1390 1309 1421 et
1338 1377 1484 1433 λοιμὸς,

42 1448 81 1478 ut
109 1454 129 1479 e
159 1441 327 1479 subiecta
356 1441 609 1492 desciiptione
638 1442 802 1493 perspici
832 1447 975 1492 potest:

480 1516 504 1555 δ
619 1523 647 1555 4
867 1520 888 1555 λ
980 1519 1033 1553 50

479 1587 504 1610 α
625 1576 642 1609 1
870 1587 890 1610 o
978 1575 1030 1607 70

482 1642 510 1676 μ
593 1630 647 1664 40
870 1642 884 1664 ι
977 1629 1030 1662 10

482 1697 507 1719 α
621 1686 641 1719 1
868 1697 894 1732 μ
977 1683 1032 1717 40

480 1752 504 1788 γ
620 1741 646 1773 5
868 1752 889 1775 o
978 1739 1030 1772 70

482 1806 503 1830 ο
595 1795 647 1828 70
870 1808 889 1838 ς
952 1793 1033 1826 200

482 1862 503 1898 ρ
567 1849 646 1883 ‘¹00
900 1845 1087 1895 lma—-

479 1917 504 1940 α
621 1906 639 1938 1

480 1972 500 2002 ς
564 1959 645 1993 200

514 2027 610 2060 420.

40 2093 198 2132 Multum
237 2096 354 2145 igitur
392 2100 532 2148 negotii
573 2100 720 2144 habuit,
761 2106 824 2135 aut
862 2100 983 2148 potius
1013 2097 1161 2135 multum
1202 2096 1235 2133 ei
1272 2095 1318 2133 ab
1346 2108 1388 2134 re
1416 2108 1482 2133 sua

41 2151 107 2187 otii
143 2152 346 2201 superfuit,
383 2155 601 2205 quicumque
642 2154 704 2191 ille
736 2154 804 2191 fuit
836 2154 948 2192 Gellii
982 2153 1194 2197 familiaris,
1236 2152 1301 2202 qui
1327 2152 1481 2200 conqui-

42 2206 173 2253 sierat,
195 2206 341 2256 quinam
363 2209 410 2245 iti
437 2209 535 2247 inter
552 2223 593 2247 se
615 2210 737 2247 affecti
757 2222 888 2247 v·e1sus
909 2209 1005 2260 apud
1027 2209 1231 2245 Homerum
1254 2207 1376 2243 fouent
1387 2204 1477 2256 ᾗᾗ).

41 2259 150 2307 Quod
185 2269 306 2299 autem
338 2271 533 2313 praeterea
572 2273 738 2312 notarat⁷
783 2278 936 2315 quorum
974 2265 1161 2302 nominum
1206 2263 1243 2298 in
1273 2261 1480 2298 Home1ieo

41 2318 207 2365 poemate
239 2319 470 2381 reperiretur
497 2320 737 2372 παραστιχίςε
772 2327 874 2357 notat
907 2320 1122 2357 Eustathius
1137 2314 1261 2369 ³ihm),
1302 2329 1322 2354 e
1349 2317 1479 2367 primis

42 2370 176 2407 litteris
202 2372 361 2422 quinque
390 2375 590 2424 primorum
615 2388 786 2413 versuum
810 2375 927 2412 ultimi
953 2376 1037 2412 libri
1061 2371 1196 2410 Iliados
1227 2371 1322 2409 effici
1345 2385 1480 2409 nomen

41 2422 176 2476 λεύκῃ,
207 2426 268 2463 ubi
298 2428 407 2465 etiam
441 2429 576 2476 tradit,
617 2438 764 2468 veteres
795 2430 975 2468 eiusmodi
1007 2428 1295 2480 quaestiunculis
1327 2427 1479 2464 [usitare

43 2480 171 2517 solitos
201 2493 311 2528 esse,
343 2484 470 2533 quales
501 2485 640 2535 aliquot
669 2487 770 2536 ponit
800 2494 836 2523 et
866 2499 904 2523 e>
901 2487 984 2536 ;pli‹
988 2492 1046 2522 at:
1087 2485 1189 2522 leves
1219 2483 1301 2520 illas
1331 2481 1480 2532 quidem

42 2541 79 2571 et
100 2535 274 2582 ludicras,
298 2537 364 2575 sed
394 2545 516 2578 tamen
547 2542 695 2591 cognitu
717 2555 788 2578 non
818 2540 1051 2579 iniucundas.
1101 2539 1199 2576 Nam
1219 2537 1315 2589 quod
1340 2536 1480 2574 ibidem

116 2656 158 2691 -:::-)
188 2658 322 2687 Brunek
345 2661 439 2689 Anal.
461 2662 549 2689 'rom
571 2661 806 2695 ill.nag.167.
844 2662 973 2691 Jacobs.
999 2657 1481 2691 Anth01.Gr.T0m.1v.pag.

41 2700 110 2727 135.
138 2707 232 2728 carm.
261 2702 411 2732 lxxxv
457 2703 609 2732 scribitur
637 2704 679 2732 ibi
715 2699 764 2736 εἰς
787 2699 825 2732 τὸ
849 2701 971 2746 ιεόος.
1022 2704 1169 2731 Ceterum
1197 2702 1319 2728 Graeca
1345 2699 1480 2734 genitivi

39 2738 155 2776 forma,
179 2741 283 2774 qualis
304 2745 353 2770 est
372 2744 588 2779 AnthozoqiaS,
611 2746 738 2772 veteres
758 2732 912 2773 videntur
925 2743 1130 2773 abstinuisse.

112 2762 180 2823 avi)
202 2790 284 2817 oen.
305 2791 341 2818 N.
363 2792 404 2819 A.
429 2792 483 2820 lii).
502 2791 584 2819 xw.
605 2798 674 2826 cap.
693 2792 723 2821 6.

112 2839 205 2876 ³222222÷J
226 2841 266 2869 ad
285 2840 417 2879 princip.
436 2842 527 2873 Iliad.
547 2839 595 2873 Ω.
615 2850 687 2880 pag.
710 2843 802 2881 13:35,
824 2843 877 2878 ‘lui
897 2843 994 2874 mitur
1014 2845 1112 2873 ³⁷⁶be
1134 2835 1350 2883 ακροσηχῖς·

1505 2103 1566 2132 331
