1726 3106
106 1235 169 1265 *93

187 120 243 165 88
672 117 678 120 ”
750 122 878 164 VAR.
909 122 1064 163 LECT.

195 245 311 272 nere:
344 246 500 284 quaem,
532 234 591 272 cui
623 245 664 271 se
694 233 764 271 hoe
794 233 954 285 probare
984 245 1096 284 posse
1126 234 1351 286 speraverit,
1386 240 1519 271 tenues
1548 234 1634 273 olim

197 296 235 327 et
275 301 417 339 egenos
452 290 645 334 homines,
693 296 732 325 ut
770 302 898 340 panem
935 290 1115 326 cibarium
1156 302 1270 336 esse,
1320 290 1372 326 ita
1416 289 1634 336 theriacam,

196 357 359 382 amaram
393 344 569 381 videlieet
606 343 787 394 quandam
827 351 864 382 et
899 345 1042 382 tristem
1076 345 1288 395 potionem,
1330 345 1458 382 bibere
1489 345 1635 383 solitos.

198 399 318 446 Quam
351 398 498 449 quidem
530 399 752 437 cuicuimodi
785 399 927 450 lingas,
960 399 1172 450 oportebit,
1204 407 1242 437 ut
1275 412 1388 446 reor,
1429 401 1542 451 pluris
1573 412 1638 438 ve-

197 456 302 500 nire,
332 467 437 505 quam
468 454 646 500 mulsum,
692 456 804 505 quasi
829 469 916 493 vero
945 468 1075 505 aquam
1105 455 1222 504 gratis
1251 468 1398 493 sumere
1428 469 1498 493 non
1529 467 1639 506 prae-

198 510 358 554 stiterit,
400 522 506 560 quam
545 521 670 547 emere
707 509 804 562 quod
844 517 1050 561 torqueret.
1109 509 1206 547 Nam
1246 511 1279 547 si
1306 523 1470 548 amarum
1502 508 1640 561 aliquid

199 577 219 601 e
261 563 455 602 medicinis
487 566 714 616 quaerebat,
755 565 851 616 quod
882 566 997 603 mulso
1028 571 1259 615 opponeret3
1299 565 1426 603 debuit
1458 579 1548 604 sane
1576 578 1641 603 ea-

197 618 280 656 dem
319 620 464 657 ratione
502 621 677 669 siligineo
721 622 805 671 pani
845 633 1034 672 opponere
1062 634 1133 657 non
1164 632 1294 670 panem
1324 621 1526 667 cibarium,
1574 619 1641 659 sed

197 674 388 724 agaricum
425 683 489 713 aut
528 675 821 727 colocynthidas.
894 676 977 725 Ego
1016 674 1113 726 quod
1151 687 1341 713 senseram
1374 675 1419 714 de
1451 677 1512 713 illo
1541 675 1642 714 Var-

199 731 302 767 ronis
340 730 449 777 loco,
489 738 683 781 antequam
714 731 907 770 Victorius
937 731 1137 770 Vax-iarum
1179 730 1376 768 lectionum
1408 732 1523 769 libros
1554 730 1644 769 ede-

199 791 280 830 ret,
308 784 405 823 idem
435 799 531 824 nune
557 799 703 836 quoque
731 789 875 824 sentio:
915 786 1026 837 idque
1058 797 1154 822 nune
1183 787 1369 836 aperiam,
1400 794 1440 824 ut
1468 800 1516 824 ex
1550 800 1641 825 con-

198 841 394 887 tentione,
427 849 509 878 utra
540 841 666 877 verior
695 843 880 880 sententia
911 842 981 887 sit,
1010 841 1256 878 existimetur.
1317 841 1414 879 Puto
1446 843 1561 892 igitur
1592 843 1644 880 ita

197 894 395 945 legendum
432 909 543 934 esse:
597 897 669 934 Vel
700 899 862 934 maxime
898 898 976 934 illic
1017 897 1153 940 didici,
1195 898 1342 934 sitienti
1375 898 1501 935 videri
1534 910 1643 935 acam

198 951 380 997 mulsam,
427 952 612 989 esurienti
656 965 789 1000 panem
837 952 1019 989 cibarium
1058 953 1269 1001 siligineum
1284 979 1296 997 ,
1353 959 1390 990 et
1430 954 1642 990 exercitato

196 1018 361 1043 somnum
398 1019 562 1045 suavem.
633 1006 729 1043 Nam
769 1019 789 1044 e
829 1006 970 1044 duabus
1002 1006 1179 1051 vocibus,
1219 1007 1372 1044 sitienti
1394 1008 1542 1052 videri,
1582 1020 1644 1045 su-

199 1061 326 1110 spicor
363 1061 498 1099 sactum
535 1062 581 1099 ab
622 1062 802 1112 imperitis
834 1063 997 1100 librariis
1034 1063 1184 1099 sitienti
1216 1063 1301 1099 teri.
1361 1065 1484 1101 Aesim
1502 1060 1548 1114 ἢ)
1580 1076 1646 1100 au-

199 1122 273 1153 tem
312 1129 379 1166 pro
412 1130 548 1167 aquam
585 1118 735 1168 antiqua
774 1119 960 1169 scriptura
997 1124 1077 1161 est,
1122 1124 1160 1154 ut
1188 1117 1264 1154 loci
1288 1130 1355 1167 pro
1389 1119 1511 1169 loqui,
1549 1119 1648 1156 coad

198 1184 265 1221 pro
310 1173 458 1222 quoad,
501 1175 638 1211 cotidie
682 1186 747 1222 pro
783 1174 963 1223 quotidie.
1024 1173 1109 1210 Hoc
1149 1172 1261 1222 igitur
1291 1171 1390 1210 dicet
1416 1173 1566 1219 Varro,
1603 1186 1645 1211 se

199 1226 275 1264 illie
316 1226 516 1274 didicisse,
559 1229 702 1265 sitienti
742 1228 860 1266 videri
895 1242 1024 1279 aquam
1057 1228 1227 1265 mulsum.
1290 1227 1398 1274 Quae
1430 1229 1649 1267 coniectura

199 1282 231 1319 si
264 1282 325 1318 eui
362 1281 554 1333 displicet,
597 1284 677 1334 ipse
719 1284 908 1321 meliorem
949 1284 1092 1320 afferat.
1162 1282 1319 1330 Quidvis
1360 1290 1464 1321 certe
1508 1285 1647 1335 potius,

198 1350 305 1387 quam
337 1345 376 1374 ut
405 1339 500 1375 illam
532 1339 705 1388 liquidam
732 1338 932 1377 theriacam
953 1338 1186 1376 sorbeamus.
1248 1337 1488 1376 Crediderim
1506 1346 1647 1385 autem,

198 1391 443 1439 Varronem,
488 1407 567 1431 cum
604 1395 662 1431 illo
694 1394 909 1441 scriberet,
952 1395 1169 1443 respexisse
1206 1393 1252 1431 ad
1294 1394 1389 1432 hunc
1419 1395 1539 1432 locum
1569 1394 1651 1433 Xe-

199 1448 401 1497 nophontis
429 1461 449 1486 e
475 1450 594 1499 primo
617 1449 806 1495 Παιδείας
820 1447 906 1519 *ἢ
945 1449 980 1488 εἰ
1008 1447 1048 1487 ὁέ
1077 1464 1134 1495 τις
1161 1445 1302 1495 αὐτους
1318 1450 1436 1489 οἱέται
1458 1447 1484 1500 ἢ
1505 1449 1653 1489 ἐσθίειν

199 1499 350 1553 ἀηδῶς,
391 1500 484 1542 όταν
522 1501 711 1556 κάοόαμιν
739 1501 859 1555 μόνον
891 1504 1037 1569 ἔχωσιν
1050 1503 1112 1543 ἐπὶ
1141 1507 1194 1558 τῷ
1223 1505 1333 1556 σίτῳ,
1370 1521 1394 1556 η
1425 1505 1551 1544 πίνειν
1582 1502 1650 1557 ἀη-

200 1558 302 1606 δῶς,
341 1557 433 1598 όταν
460 1557 565 1611 ύδωο
589 1560 771 1607 πίνωσιν,
804 1555 1112 1625 εἰναμνησθητω,
1150 1562 1232 1606 πῶς
1261 1557 1337 1610 ηδὺ
1365 1558 1433 1610 μὲν
1461 1557 1558 1611 μαζα
1586 1559 1653 1600 καὶ

198 1609 312 1665 ἄρτος
347 1617 527 1653 πεινῶντι
564 1619 721 1668 φαγεῖν,
759 1618 841 1661 πῶς
881 1613 922 1653 δε
958 1611 1034 1666 ηὸὺ
1072 1612 1177 1665 ’ὕδωρ
1215 1615 1380 1664 διψῶντι
1419 1620 1533 1655 πιεῖν
1591 1616 1651 1653 Eo

202 1670 346 1720 magis,
378 1669 475 1721 quod
505 1670 615 1707 alium
647 1671 766 1708 locum
799 1672 948 1720 r‘epeiio
979 1683 1026 1708 ex
1056 1669 1188 1707 eodem
1221 1671 1407 1709 Varronis
1438 1672 1556 1716 libro,
1590 1672 1652 1723 qui

202 1737 250 1762 ex
263 1698 409 1762 t'eodem
437 1725 702 1776 Xenophontis
737 1739 942 1764 consensus
973 1733 1045 1763 est.
1115 1723 1413 1776 Xenophoum
1410 1728 1465 1777 ⁵.)
1498 1724 1654 1793 αἰσχρὸν

201 1777 270 1830 μὲν
307 1796 379 1845 γαο
417 1779 469 1819 ε’τι
511 1780 578 1820 καὶ
614 1784 687 1819 νῦν
730 1780 806 1820 ἐστι
837 1780 1027 1834 Πέοσαις,
1066 1780 1131 1819 καὶ
1169 1777 1211 1820 τὸ
1244 1778 1474 1830 ἆποπτύειν,
1515 1798 1581 1821 και
1608 1779 1650 1822 τὸ

201 1831 502 1886 ἀπομύττεσθαι,
533 1835 598 1875 καὶ
620 1833 663 1875 τὸ
695 1833 822 1888 φύσης
849 1833 1007 1887 μεστοὺς
1035 1836 1257 1887 φαίνεσθαι.
1317 1837 1438 1875 Varro
1452 1836 1529 1890 †):
1561 1840 1653 1876 Per-

199 1903 266 1928 sae
295 1899 456 1942 μορίω
490 1894 789 1930 eoeetcztatonnes
825 1894 994 1943 puetiles
1035 1893 1203 1931 modicas
1233 1906 1315 1930 eam
1342 1900 1433 1931 sunt
1459 1895 1655 1931 consecuti

203 1959 362 1995 corpore
406 1948 636 1993 siccitatem,
686 1955 730 1985 nt
770 1961 890 2000 neque
931 1955 1133 2000 spuerent,
1180 1961 1300 1999 neque
1336 1955 1646 1999 emungerentur,

202 2001 428 2052 sufflatoque
459 2015 620 2053 corpore
651 2010 788 2041 essent.

712 2122 1004 2161 CAPUT
1058 2123 1156 2162 XV.

231 2200 429 2238 Sententia
459 2200 640 2250 quaedam
670 2202 827 2238 Horatii
847 2201 894 2238 ab
923 2202 1050 2239 Arato
1076 2203 1187 2252 prius
1209 2202 1368 2253 prolata
1396 2201 1622 2240 ostenditur.

206 2278 340 2344 Quom
372 2299 552 2337 Horatius
595 2300 631 2337 in
662 2300 756 2338 Odis
787 2300 1067 2350 elegantissime
1097 2302 1256 2347 cecinit,
1298 2313 1381 2338 cum
1411 2300 1648 2350 ostenderet,

206 2362 342 2408 quanta
372 2356 471 2392 facta
502 2363 602 2393 esset
631 2355 676 2394 ad
709 2356 896 2394 hominum
927 2357 1131 2408 nequitiam
1161 2357 1349 2404 accessio,
1378 2358 1556 2409 quasique
1586 2370 1649 2395 va-

280 2476 322 2512 ‚eq
344 2477 390 2506 Cf.
412 2478 523 2505 xvin.
543 2476 593 2506 20.
615 2478 696 2506 extr.
727 2484 833 2506 aecum
861 2486 915 2514 pro
944 2485 1082 2514 aequum.
1129 2480 1209 2508 Mur.
1238 2478 1343 2507 Schol.
1373 2478 1406 2507 in
1427 2478 1490 2508 Cic.
1511 2478 1650 2516 Philipp.

205 2522 277 2551 pag.
297 2516 359 2544 980
380 2514 440 2550 s:
463 2515 565 2549 9772).

281 2564 349 2599 elale)
371 2571 439 2598 cap.
461 2563 489 2591 2.
511 2564 541 2597 §-
566 2563 613 2590 12.

281 2611 374 2647 εῑε--ῑὶε-εῑε)
396 2612 510 2646 Cyrop.
532 2612 587 2640 lib.
609 2613 631 2640 1.
653 2617 721 2647 cap.
743 2613 772 2641 2.
793 2613 823 2647 ς.
848 2614 896 2642 16.

280 2660 326 2698 τ)
347 2661 408 2694 An.
429 2662 506 2688 Non.
528 2661 595 2689 vii.
622 2660 690 2689 109.
718 2661 833 2690 &vomu
855 2677 891 2683 -
930 2661 989 2690 Hic
1017 2663 1106 2690 locus
1135 2669 1198 2690 non
1225 2662 1411 2696 desumptus
1438 2663 1550 2690 estex
1570 2663 1650 2690 Non.

207 2700 274 2728 VH.
299 2698 359 2727 109
387 2699 448 2733 (al.
472 2699 571 2732 111.)
594 2699 642 2726 ed.
665 2701 759 2727 Mero.
782 2706 852 2734 pag.
875 2700 945 2728 48¹.
967 2707 1039 2728 nam
1062 2699 1103 2727 ihi
1121 2703 1191 2734 nost
1210 2701 1445 2734 emmzqerentur
1465 2699 1542 2728 nihil
1563 2699 1654 2727 addi-

206 2738 276 2769 tur·
307 2737 364 2764 sed
386 2743 428 2764 ex
449 2736 500 2764 IV.
522 2736 593 2765 426.
622 2743 692 2771 pag.
713 2737 784 2765 395.
815 2738 864 2765 ed.
885 2739 980 2765 Mei-c.
1007 2738 1059 2766 ubi
1086 2737 1131 2766 ita
1152 2738 1336 2766 exhibetur:
1371 2739 1473 2766 Varro
1497 2738 1572 2766 cato
1600 2738 1650 2765 vet

205 2775 243 2801 de
262 2775 368 2802 liberis
387 2774 572 2802 educandis.
593 2774 711 2802 Persae
729 2777 858 2808 propter
877 2776 1118 2804 exercitationes
1134 2778 1262 2809 puerilis
1278 2777 1414 2804 modicas
1434 2783 1460 2803 e.
1481 2782 1506 2802 s.
1527 2782 1554 2804 c.
1574 2782 1650 2802 em-

203 2812 294 2845 poris
313 2812 481 2839 siccitatem
501 2818 530 2840 u.
551 2818 581 2838 n.
601 2819 625 2839 ε.
647 2819 676 2839 n.
699 2820 726 2840 e.
753 2812 920 2847 suf'ltutove
939 2820 1075 2847 corpore
1093 2815 1205 2844 essent.
1244 2814 1328 2844 Illud
1348 2821 1425 2849 que,
1455 2811 1580 2842 omnino
1601 2811 1653 2840 vi-

206 2850 337 2885 tiosum,
360 2848 452 2878 fluxit
473 2857 514 2877 ex
536 2849 610 2877 edit.
632 2850 707 2879 Bas.
730 2857 801 2886 pag.
826 2851 913 2880 1375.
954 2853 1066 2880 Facsr.
