1778 3096
177 421 241 450 344

267 132 351 177 330
831 135 960 175 VAR.
993 134 1148 175 LECT.

268 248 368 287 illum
408 247 638 299 praeclarum
679 243 838 282 indicem
856 244 931 297 ³⁶⁵),
972 246 1032 297 qui
1063 247 1214 284 istorum
1254 247 1394 286 ohruza
1432 248 1512 293 est,
1551 247 1711 286 relatas:

268 303 521 342 admiscebant
553 315 618 340 eas
649 300 696 338 de
727 301 911 338 industria
942 302 1102 339 orationi
1136 315 1253 348 meae,
1287 317 1367 341 cum
1398 303 1443 340 ad
1473 315 1531 340 me
1558 303 1714 342 audien-

268 358 353 397 dum
384 358 491 396 amici
525 357 670 408 quidam
702 356 786 402 hoc,
823 355 869 394 de
899 369 970 407 quo
1001 357 1154 407 loquor,
1188 359 1315 396 morbo
1347 359 1559 397 laborantes
1589 359 1714 397 venis-

270 421 367 453 sent.
429 413 486 450 llli
516 420 556 449 ut
594 425 719 449 earum
750 424 930 462 quamque
969 411 1184 459 audierant,
1227 415 1412 452 cervicem
1445 421 1710 464 contorquere,

265 471 443 509 humeros
474 467 670 514 attollere,
712 468 871 505 frontem
903 468 1152 514 contrahere,
1197 469 1290 505 alius
1315 470 1376 507 alii
1407 471 1443 507 in
1485 482 1611 507 aurem
1654 470 1711 506 in-

267 536 482 569 susurrare,
515 523 638 561 excuti
668 523 738 560 sihi
770 523 981 569 cerebrum,
1016 524 1141 574 perire
1171 536 1298 570 aures,
1329 538 1409 562 curn
1443 525 1577 562 talibus
1610 525 1711 562 voci-

265 580 335 618 bus
365 579 670 617 verberarentur.
731 578 830 625 Quin
873 579 980 616 ctiam
1019 585 1127 616 coetu
1159 577 1311 617 dimisso
1349 593 1430 618 cum
1462 593 1541 625 me,
1584 586 1624 617 ut
1653 580 1708 625 fit,

265 635 375 673 officii
405 647 537 672 caussa
560 633 705 671 domum
736 632 960 672 reducerent
975 632 1074 686 ³5⁶⁴4),
1109 634 1202 672 male
1225 646 1266 672 se
1297 648 1316 673 a
1341 648 1399 673 me
1428 635 1573 673 habitos
1599 642 1710 686 atque

265 697 442 741 acceptos
472 702 557 727 esse
589 689 927 739 conquerebantur.
978 688 1064 740 Ego
1094 688 1303 740 aliquandiu
1336 702 1401 728 eos
1431 691 1604 741 ambiguo
1630 703 1710 727 ser-

264 759 374 784 mone
398 746 597 783 l'rustratus
623 743 768 782 tandem
795 747 993 796 sponsione
1019 745 1263 791 lacessebam,
1287 746 1323 783 ni
1346 746 1430 783 illae
1452 747 1555 797 ipsae
1579 758 1707 789 voces,

266 802 400 853 quibus
439 801 575 839 auditis
606 806 715 850 caput
757 801 828 837 sibi
860 800 1098 838 condoluisse
1129 800 1323 848 dicerent,
1364 802 1480 852 ipsius
1511 800 1709 839 Ciceronis

265 864 409 895 essent.
471 855 571 904 Quid
599 854 779 906 quaeris?
816 868 897 893 cum
927 855 964 893 id
991 857 1042 893 ita
1072 869 1157 894 esse
1190 857 1454 906 pervicissem:
1495 857 1566 893 iam
1597 868 1708 893 voces

264 913 353 951 illae
383 925 528 949 omnem
560 910 729 948 duritiam
760 918 870 961 atque
901 913 1136 963 asperitatem
1169 910 1442 962 deposuerant,
1484 912 1555 948 iam
1586 911 1707 956 lenes,

265 980 417 1014 suaves,
449 966 631 1004 iucundae
654 965 781 1004 auditu
811 967 933 1005 sactae
953 974 1060 1005 erant
1091 974 1144 1012 et,
1177 973 1215 1004 ut
1245 967 1358 1017 lupini
1390 979 1483 1016 aqua
1514 967 1707 1011 macerati,

263 1035 411 1061 omnem
441 1022 647 1060 amaritiem
664 1019 765 1072 *ἦῆ
796 1031 998 1069 exuerant,
1045 1022 1266 1072 simulatque
1298 1035 1362 1059 eas
1394 1021 1593 1059 Ciceronis
1622 1033 1708 1059 esse

263 1080 499 1118 constiterat.
558 1077 834 1123 Meministine,
865 1091 947 1115 eum
979 1092 1050 1115 vox
1076 1079 1350 1116 illustr-tissimus
1377 1076 1473 1128 apud
1498 1078 1591 1114 istos
1622 1089 1708 1115 cen-

265 1147 373 1172 sores
411 1135 450 1171 in
485 1133 578 1172 urbe
618 1134 675 1170 ius
710 1139 819 1198 togae
857 1135 954 1171 tueri
994 1147 1065 1171 non
1098 1140 1265 1183 poterat,
1309 1131 1375 1170 sed
1408 1145 1475 1183 pro
1509 1133 1710 1183 peregrina

264 1189 501 1228 habebatur?
566 1190 624 1228 N
628 1202 648 1226 c
687 1190 848 1226 rm‘setae
883 1191 1064 1239 prodesse
1107 1190 1143 1226 ’ίιι
1183 1190 1256 1227 tale
1289 1197 1454 1239 tempore
1492 1186 1705 1239 qzce'bae†),

265 1244 364 1297 quod
395 1245 540 1282 Gellius
556 1243 640 1296 ††)
672 1245 947 1282 ῑ’ί[ιι3’·ίιῑ’33ηι(ι3
973 1246 1185 1290 orationes,
1218 1251 1256 1281 et
1285 1244 1558 1281 zllusttz'ssz'mos
1583 1244 1708 1292 phelo-

263 1301 465 1351 sophorum
497 1299 633 1336 alicubi
665 1298 836 1336 dixisset.
898 1300 1025 1349 Itaque
1059 1300 1090 1336 si
1121 1300 1202 1349 quis
1224 1297 1360 1336 Latine
1391 1298 1544 1348 loquens
1573 1299 1709 1336 Cardi-

266 1357 426 1394 ἀιήαῐειη
458 1355 664 1405 quempiam
691 1355 979 1392 ι’·ΙΙιιείιιἪςηιηηηι
995 1353 1135 1406 †††),
1169 1361 1207 1390 ut
1228 1354 1283 1399 fit,
1314 1360 1529 1398 vocaverat,
1555 1354 1591 1390 in
1623 1365 1708 1390 eum

265 1409 342 1450 ’ὄλω
381 1414 434 1465 τῷ
470 1413 652 1461 μυκτῆοι,
694 1416 733 1445 ut
762 1408 900 1447 Graeci
939 1409 1086 1454 dicunt,
1134 1409 1345 1447 utebantur.
1406 1408 1445 1446 N
1449 1421 1542 1459 eque
1581 1415 1707 1446 extor-

266 1466 373 1517 queri
405 1466 460 1503 eis
490 1471 658 1516 poterat,
699 1470 740 1500 ut
768 1477 840 1501 non
870 1466 1031 1502 maxime
1059 1465 1243 1502 illustrem
1273 1476 1340 1514 pro
1369 1465 1621 1502 ellustrz'sse'mo
1653 1462 1708 1501 di-

264 1527 418 1567 cerent,
457 1521 553 1565 nisi,
592 1525 780 1570 postquam
812 1533 859 1556 ex
890 1519 1065 1556 Varrone
1081 1518 1126 1567 ²³²¹)
1157 1518 1376 1564 audierunt,
1416 1520 1709 1557 i'llustrzssimum

265 1588 446 1628 quemque
484 1590 533 1613 ew
562 1574 748 1613 veter-ebus
777 1581 969 1626 pastorem
996 1573 1137 1624 ficisse.
1196 1572 1247 1610 Et
1282 1573 1428 1624 quidem
1467 1586 1546 1611 eam
1576 1587 1707 1612 vocem

264 1645 375 1670 nemo
406 1630 537 1668 maiori
565 1629 745 1667 cachinno
774 1630 949 1680 excipere
981 1629 1109 1666 solitus
1139 1636 1235 1674 erat,
1268 1642 1373 1679 quam
1402 1628 1480 1674 ille,
1514 1641 1620 1680 quem
1651 1630 1709 1667 sui

264 1688 316 1725 ita
338 1699 424 1724 esse
446 1686 644 1724 Ciceronis
668 1685 823 1722 similem
855 1683 1133 1748 praedicabant,
1157 1691 1196 1721 ut
1222 1683 1408 1729 dicerent,
1432 1680 1535 1739 σύκῳ
1559 1682 1612 1735 μὰ
1629 1681 1709 1753 τὴν

264 1738 452 1793 Δημητρα
465 1739 565 1791 “*):
606 1741 714 1790 eique
754 1740 843 1778 illud
884 1741 1127 1785 occinerent,
1172 1736 1219 1779 οὗ
1247 1743 1338 1787 παῖς
1362 1726 1580 1790 Ἀχιλλέως,
1620 1736 1702 1779 ἀλλ’

258 1795 451 1848 Ἀχιλλεὺς
480 1793 596 1843 αυτὸς
624 1800 667 1835 εἰ.
726 1796 800 1844 Qui
827 1810 908 1834 cum
933 1795 1128 1846 aliquando
1154 1795 1197 1832 ad
1228 1809 1285 1833 me
1315 1795 1430 1833 libros
1462 1802 1536 1832 tum
1558 1795 1708 1833 Aristo-

264 1854 351 1891 telis
390 1852 436 1891 ad
466 1852 736 1890 Nicomachum
776 1853 1083 1902 interpretantem
1122 1851 1286 1888 venisset
1324 1849 1565 1901 audissetque
1595 1850 1708 1889 adfir-

264 1915 427 1946 mantem
441 1905 570 1960 ***),
616 1907 901 1945 innumerabilia
931 1919 1015 1944 esse
1057 1907 1095 1944 in
1126 1907 1293 1944 omnibus
1333 1905 1591 1957 philosophiae
1623 1919 1709 1958 par-

264 1964 386 2009 tibus,
417 1976 510 2014 quae
541 1963 676 2000 Latine
707 1962 782 2000 dici
812 1977 884 2000 non
915 1969 1070 2013 possent
1098 1962 1144 1999 ab
1173 1962 1242 2007 iis,
1275 1962 1336 2012 qui
1366 1968 1439 1998 tam
1471 1963 1596 1999 severi
1625 1974 1709 2000 esse

264 2020 426 2056 vellent:
461 2031 617 2068 egresso
646 2019 757 2065 mihi,
788 2031 869 2056 cum
901 2018 1126 2056 circumfusa
1151 2017 1258 2054 nobis
1289 2023 1391 2054 esset
1420 2030 1552 2067 magna
1581 2016 1709 2055 erudi-

265 2081 386 2112 torum
416 2074 601 2110 hominum
632 2087 793 2120 corona,
827 2074 953 2111 mirari
984 2086 1025 2111 se
1055 2072 1169 2119 dixit,
1203 2071 1291 2124 quid
1320 2073 1372 2110 ita
1400 2073 1491 2110 mihi
1518 2071 1710 2112 videretur

341 2208 386 2244 ·³'=-)
409 2207 569 2242 Significat
583 2207 700 2236 Nizolii
719 2205 862 2235 Lexicon
877 2205 1130 2239 Ciceronianum,
1147 2206 1230 2240 quod
1250 2204 1375 2234 auctius
1395 2204 1492 2234 edidit
1508 2205 1709 2236 racciotatus

264 2246 597 2280 Patav.1734.quae
617 2245 711 2274 editio
731 2244 867 2279 repetita
887 2247 936 2272 est
957 2243 1090 2271 Londini
1113 2244 1203 2272 1820.
1224 2245 1244 2272 3
1264 2245 1291 2272 V
1294 2245 1348 2272 oll.

342 2297 387 2306 ······
367 2295 410 2330 -.-·)
431 2295 569 2323 Verbum
589 2295 648 2322 hac
664 2294 693 2321 in
713 2301 748 2321 re
769 2291 929 2327 proprium
950 2293 1032 2325 apud
1050 2293 1210 2320 Romanos
1226 2294 1296 2321 erat
1314 2292 1476 2329 deducere,
1497 2290 1537 2320 cf.
1553 2293 1708 2322 Goerenz.

266 2333 307 2363 ad
329 2307 393 2362 cic
414 2333 565 2360 Academ
586 2332 638 2360 lib.
660 2333 682 2360 1.
703 2338 770 2366 cap.
791 2332 820 2358 3.
841 2336 913 2365 pag.
937 2331 984 2358 16.
1025 2330 1148 2358 Knxrr.

343 2381 437 2415 εῖεεὶειῑξ)
465 2381 554 2408 Hanc
582 2379 713 2407 formam
739 2379 827 2406 solus
857 2378 953 2406 habet
980 2378 1126 2407 Catullus
1152 2385 1248 2407 carm.
1268 2378 1353 2407 Lxx
1355 2379 1377 2406 1.
1399 2377 1460 2413 (al.
1480 2378 1564 2408 LXV
1566 2377 1639 2414 111.)
1661 2379 1708 2407 18.

266 2418 484 2449 praeferenda
504 2420 554 2446 est
575 2418 676 2446 altera
695 2416 877 2445 ainzu-itudo.

343 2467 389 2505 T)
410 2469 459 2495 Ex
480 2467 603 2494 lucret.
624 2465 719 2493 1.94.

343 2513 962 2552 ††]Noct.Att.lib.XV111.cap.9.
991 2512 1244 2546 philosophorum
1269 2511 1555 2539 illustrissimi.
1584 2511 1636 2539 lib.
1657 2513 1708 2539 ΙΧ.

267 2553 584 2621 ssggviigtepwissme
601 2553 692 2586 atque
711 2552 988 2580 illustrissime
1008 2551 1198 2585 3ὶηιρ1ῐιῑιμιε
1214 2551 1244 2577 et
1258 2550 1390 2577 incomta
1407 2550 1557 2577 orationis
1571 2552 1713 2585 antiquae

343 2636 445 2676 -ὶ-ῨΤ)
466 2638 500 2664 ut
519 2638 596 2666 tar.
616 2638 701 2665 Lect.
722 2636 776 2665 lib.
797 2637 878 2665 XIV.
900 2642 968 2670 cap.
991 2639 1022 2665 8.

343 2686 386 2721 2⁰³)
417 2686 456 2714 de
477 2687 524 2713 Re
544 2687 634 2714 Rus-t.
656 2686 708 2713 lib.
731 2687 767 2713 Π.
788 2691 855 2718 cap.
879 2685 905 2712 1.
929 2685 960 2717 ξ.
981 2684 1010 2711 6.
1050 2685 1156 2718 Nepos
1182 2691 1307 2719 quoque
1326 2685 1465 2712 Pausan.
1492 2690 1560 2718 cap.
1581 2683 1609 2712 1.
1629 2683 1662 2718 §-
1681 2684 1711 2713 2.

269 2724 345 2753 dicit
364 2724 689 2752 illustrissimum
706 2723 869 2758 proelium.
908 2724 1018 2749 Fami.

345 2772 413 2807 -:::--:::-)
435 2774 483 2799 Ex
505 2771 569 2800 Cic.
590 2771 692 2805 Epist.
712 2771 751 2799 ad
773 2770 870 2799 Attic.
890 2770 942 2798 IV.
964 2771 993 2796 ὃ.
1027 2768 1073 2797 Cf.
1095 2771 1128 2797 P.
1151 2768 1286 2797 Victorii
1306 2769 1381 2797 Var.
1401 2770 1488 2797 Lect.
1508 2769 1661 2798 xxxvn.
1681 2771 1711 2797 5.

272 2813 304 2840 et
325 2811 396 2839 Ast.
418 2810 457 2838 ad
479 2811 688 2844 Theophrast.
710 2810 803 2838 Char.
824 2810 853 2836 5.
874 2809 995 2836 Erasm.
1018 2807 1121 2841 Adag.
1142 2809 1179 2835 11.
1199 2808 1230 2840 3,
1254 2807 1282 2835 7.
1323 2809 1433 2834 FAEst.

350 2858 442 2895 iss-szezzz)
466 2858 513 2889 Cf.
533 2858 705 2889 comment.
723 2855 753 2884 in
771 2855 872 2885 Arist.
886 2854 984 2886 Etltic.
1001 2855 1079 2891 Opp.
1095 2857 1182 2885 Tem.
1198 2857 1250 2884 111.
1269 2861 1340 2891 pag.
1362 2854 1432 2884 140.
1453 2854 1514 2883 427
1526 2862 1572 2889 sq.
1601 2856 1710 2884 FAzsi.
