1726 3106
222 123 255 157 X

223 222 341 271 omni
384 228 506 271 caret
548 224 738 271 macula.
807 223 934 284 Quod
971 240 1028 273 ne
1073 225 1141 273 vel
1177 226 1382 276 callidius
1427 230 1495 278 vel
1538 247 1668 280 arro-

222 291 397 354 gantius
433 291 598 339 dixisse
629 292 802 351 videar,
847 292 1021 354 singula
1055 294 1263 356 quaedam
1300 301 1664 347 commemorabo.

221 360 312 406 llic
330 366 373 406 ct
391 359 487 405 illic
501 359 704 406 Muretus
727 361 912 419 rariora,
929 361 1196 408 obsoletiora
1214 368 1258 409 et
1276 366 1450 425 poetica
1471 373 1666 413 sectatur

223 428 461 485 vocabula,
502 443 559 474 ex
593 426 822 488 Varrone,
857 427 1096 487 Lucretio,
1139 430 1239 476 aliis
1274 432 1436 493 petita,
1479 449 1662 495 quorum

220 511 422 555 magnam
452 500 618 557 partem
645 495 739 541 sinc
770 500 874 542 nota
900 496 1198 543 transmittens
1226 497 1377 544 harum
1407 500 1663 549 deliciarum

219 562 393 625 cupidis
443 562 732 624 indagandam
785 564 962 626 reliqui.
1051 562 1105 610 Si
1163 564 1232 610 cui
1285 566 1434 626 lubet,
1490 569 1663 616 evolvat

218 629 411 692 exempli
447 631 589 692 gnatia
625 631 703 677 lib.
739 629 825 677 III.
858 647 956 694 cap.
991 628 1068 676 14.
1138 629 1200 678 Et
1243 633 1358 695 quod
1393 635 1436 680 iu
1475 633 1663 682 Graecis

218 697 444 744 Muretum
480 697 640 744 secisse
684 698 833 761 paullo
878 705 977 745 ante
1013 699 1187 757 monui,
1231 701 1407 747 novavit
1447 702 1664 750 adiectiva

219 764 457 829 quaedam,
491 770 539 811 ut
574 765 867 828 gibberus,
902 771 946 812 et
981 766 1248 829 composita,
1283 768 1525 815 cuiusmodi
1561 776 1664 817 sunt

218 832 631 892 subabsurdus,
676 833 1040 895 subiniquus,
1090 849 1200 895 quae
1235 835 1349 897 apud
1385 837 1523 883 bonos
1555 838 1665 885 lati-

217 900 372 946 nitatis
416 906 619 946 auctores
655 916 743 946 non
784 903 924 961 magis
967 900 1192 960 invenias,
1237 917 1364 964 quam
1410 903 1663 966 delphinum

216 968 265 1013 in
298 968 435 1014 silvis.
494 966 699 1029 Denique
728 967 771 1012 in
806 967 951 1013 verbis
981 968 1304 1015 conformandis
1328 976 1372 1016 et
1403 979 1523 1018 rectc
1548 973 1665 1019 inter

216 1050 266 1082 se
303 1033 536 1097 iungendis
575 1050 882 1098 nonnunquam
913 1035 1097 1081 recessit
1135 1051 1161 1082 a
1197 1037 1414 1083 communi
1454 1038 1664 1102 loquendi

216 1102 550 1149 consuetudine.
615 1102 935 1149 Animadversa
972 1102 1082 1148 hacc
1124 1118 1150 1148 a
1184 1119 1251 1150 me
1287 1105 1533 1167 reperient,
1588 1106 1663 1169 qui

215 1170 382 1231 legent.
453 1169 616 1230 Unum,
653 1187 777 1232 quem
807 1171 968 1216 nollem
1004 1172 1382 1232 praetermissum,
1415 1173 1558 1219 locum
1589 1174 1665 1221 hio

215 1208 449 1297 adiiciam,
506 1254 561 1284 ex
598 1238 703 1284 libri
739 1236 877 1284 XIII.
915 1254 1013 1300 cap.
1047 1238 1094 1284 2.
1131 1255 1231 1301 pag.
1265 1239 1379 1287 287
1417 1241 1516 1299 ubi,
1563 1257 1664 1289 cum

217 1304 327 1351 dicit
350 1304 554 1352 Muretus
589 1305 729 1369 apud
760 1321 894 1368 quos
923 1305 1014 1368 qui
1044 1305 1272 1353 iuvenes
1304 1307 1662 1367 immaturam,

216 1377 275 1419 ut
312 1371 642 1432 videbatur,
691 1378 921 1419 mortem
969 1373 1256 1433 obierunt,
1308 1381 1530 1437 praestat,
1575 1376 1664 1422 nisi

216 1440 378 1500 fallor,
434 1446 493 1486 ut
537 1440 911 1487 videbantur.
990 1439 1217 1487 Nonnulla
1261 1441 1347 1488 huc
1397 1442 1664 1504 pertinentia

216 1513 541 1570 occupaverunt
575 1508 893 1569 Ruhnkenius,
926 1506 1124 1554 Wolfius
1158 1514 1287 1571 atque
1319 1509 1552 1568 Kraftius,
1588 1510 1663 1573 qui

215 1573 453 1621 ‘Variarum
483 1574 748 1622 Lectionum
776 1575 1009 1622 Delectum
1046 1574 1230 1638 Lipsiae
1260 1591 1301 1621 a.
1336 1576 1465 1622 huius
1496 1578 1665 1624 sacculi

215 1643 440 1689 tricesimo
479 1643 698 1705 vulgavit:
754 1643 882 1705 plura
917 1643 1152 1705 eademque
1197 1643 1308 1690 scite
1346 1650 1390 1690 et
1425 1644 1664 1706 prudenter

215 1709 262 1756 in
297 1709 409 1756 hanc
444 1727 536 1756 rem
569 1710 789 1773 disputata
824 1710 1028 1756 debemus
1065 1710 1253 1770 Faesio,
1303 1712 1426 1757 cuius
1462 1711 1663 1758 animad-

215 1778 440 1824 versiones
469 1777 555 1824 huc
588 1778 735 1840 recepi
771 1784 936 1824 tantum
973 1794 1060 1823 non
1098 1794 1273 1837 omnes,
1320 1794 1428 1841 quas
1465 1795 1551 1825 non
1585 1795 1662 1825 re·-

215 1845 387 1907 cepisse
421 1846 642 1908 piaculum
676 1846 848 1892 fuisset.
916 1843 1071 1907 Neque
1106 1861 1208 1892 vero
1235 1862 1287 1892 eo
1323 1862 1458 1908 usque
1492 1845 1663 1893 seduli-

214 1913 319 1958 tatis
372 1929 631 1975 progressus
684 1929 809 1972 sum,
875 1919 922 1959 ut
974 1913 1187 1959 vocabula
1238 1921 1497 1975 argenteae,
1551 1928 1663 1975 quae

216 1978 403 2039 dicitur,
453 1981 610 2026 aetatis
650 1980 803 2026 rimari
848 1981 1089 2043 placuerit,
1139 1997 1192 2026 ne
1236 1981 1310 2042 qui
1356 1980 1661 2027 adnotationes

215 2062 335 2093 meas
363 2047 538 2108 legerit,
573 2047 614 2094 ei
642 2065 737 2094 mco
768 2063 835 2093 me
869 2047 1016 2109 gladio
1046 2047 1268 2108 iugulasse
1302 2047 1465 2093 videar.
1525 2046 1660 2094 Scri-

215 2114 369 2162 bebam
395 2113 582 2178 Lipsiae
615 2115 754 2178 primo
787 2115 856 2161 die
886 2114 1138 2176 incipientis
1169 2114 1272 2161 anni
1299 2112 1663 2162 MDCCCXLI.
