1726 3106
526 153 630 195 LIB.
663 155 754 197 VII.
809 153 928 201 CAP.
956 153 1009 195 X.
1406 157 1484 200 145

49 272 122 303 tam
168 265 478 317 significationem
515 263 781 317 impudentiae.
848 263 976 312 Quare
1011 272 1107 304 totus
1150 265 1328 318 sophistis
1366 269 1481 307 relin-

49 319 216 372 quendus
254 328 323 359 est.
392 320 540 358 Primus
580 320 709 358 modus
746 326 826 366 est,
875 333 956 358 cum
993 333 1147 369 eorum,
1190 335 1283 373 quae
1321 336 1343 360 a
1373 324 1479 362 nobis

48 383 240 413 sumuntur
274 374 317 413 ad
350 375 588 412 evertendam
616 376 765 421 thesin,
806 374 941 425 aliquid
973 384 1132 426 negatur
1159 377 1204 415 ab
1233 377 1476 417 adversario:

45 432 98 469 ita
125 438 244 468 autem
277 443 337 468 res
368 430 465 476 fert,
510 437 547 467 ut
574 430 621 468 ad
649 430 685 467 id
715 431 860 481 ipsum,
904 429 1001 481 quod
1029 439 1207 482 negatur,
1247 433 1476 471 tractandum

45 486 306 524 instructiores
336 486 467 530 simus,
499 499 603 536 quam
633 485 679 523 ad
708 498 804 531 eam,
837 486 943 522 cuius
972 499 1084 524 eausa
1112 486 1148 523 id
1176 495 1354 538 sumptum
1376 496 1474 535 erat,

46 541 318 592 quaestionem.
376 541 482 578 Tunc
513 541 609 578 enim
641 540 790 586 licebit,
824 538 894 577 diis
926 540 1208 592 hominibusque
1239 544 1476 593 approbanti-

43 596 139 642 hus,
182 603 315 646 quanta
348 596 504 633 maxima
541 597 742 646 poterimus
773 596 954 633 orationis
984 596 1153 633 ubertate
1182 610 1225 634 ac
1255 600 1362 648 copia
1392 612 1476 637 ver-

45 651 119 689 sari
157 651 193 688 in
234 663 279 687 eo
317 650 591 697 confirmando,
630 649 725 702 quod
766 658 936 701 negatur.
994 650 1166 702 Exempli
1196 665 1326 690 caussa
1356 654 1473 703 finge,

43 705 222 756 disputari
253 706 351 742 inter
378 705 469 742 duos
500 705 544 743 dc
580 719 718 743 summo
746 705 867 743 bono:
909 719 1060 756 quorum
1091 719 1185 744 unus
1217 708 1253 744 in
1289 708 1475 758 voluptate

41 761 129 798 illud
169 759 376 811 ponendum
415 773 501 798 esse
530 760 723 798 defendat:
762 761 857 798 alter
893 773 973 797 eam
1007 762 1228 799 sententiam
1267 762 1471 813 impugnet.

40 816 152 855 Hunc
183 823 305 853 autem
336 829 539 865 ponamus,
572 829 643 853 non
675 814 781 853 valde
808 817 930 853 tritum
961 829 1048 853 esse
1078 817 1115 853 in
1146 829 1188 854 ea
1220 824 1324 868 parte
1353 818 1473 867 philo-

41 871 220 922 sophiae,
258 883 351 921 quae
389 871 523 908 format
560 883 704 908 mores:
745 869 810 908 sed
841 871 877 907 in
909 871 1074 922 physicis
1104 875 1258 922 egregie
1289 874 1472 910 exercita-

40 933 131 963 tum.
198 924 341 975 Nempe
384 926 498 975 igitur
533 926 578 963 ad
619 926 841 976 propositam
884 927 1166 976 quaestionem,
1215 940 1308 978 quae
1349 928 1471 965 ethica

38 988 112 1026 est,
145 995 215 1018 non
248 981 383 1030 poterit
412 982 446 1017 ei
479 994 609 1031 magna
639 981 692 1017 vis
723 988 1021 1031 argumentorum
1052 988 1265 1032 suppetere.
1325 982 1470 1029 Quodsi

37 1035 122 1086 quid
151 1036 342 1087 physicum
373 1044 563 1085 ageretur,
596 1035 764 1080 haberet,
796 1035 858 1072 ubi
888 1036 1098 1073 facultatem
1121 1043 1327 1074 ostentaret
1349 1051 1465 1075 suam.

34 1091 213 1141 Accingit
254 1103 293 1127 se
334 1097 455 1127 tamen
487 1090 533 1128 ad
563 1090 874 1141 disputationem:
916 1091 951 1128 in
984 1104 1137 1141 eamque
1163 1091 1371 1141 ingreditur
1397 1093 1467 1130 hoe

35 1145 160 1184 modo.
227 1144 435 1182 Motionem
479 1158 624 1182 omnem
670 1146 927 1195 imperfectum
962 1145 1129 1195 quiddam
1165 1158 1266 1183 esse.
1337 1147 1466 1194 Quare

35 1201 282 1251 voluptatem,
322 1213 403 1236 cum
437 1201 550 1237 motio
587 1200 658 1246 sit,
699 1212 784 1237 esse
825 1201 934 1237 etiam
978 1201 1236 1250 imperfectum
1266 1201 1463 1252 quiddam:

35 1268 157 1306 neque
195 1253 416 1304 dignandum
449 1255 579 1292 summi
612 1255 697 1292 honi
737 1255 899 1292 nomine.
955 1254 1081 1304 Neget
1117 1255 1180 1293 ille
1217 1256 1329 1300 alter,
1369 1257 1466 1306 quod

35 1311 172 1362 prioris
198 1309 404 1361 syllogismi
429 1310 534 1346 initio
564 1316 743 1358 sumptum
775 1315 854 1346 est:
885 1322 1029 1346 omnem
1061 1309 1235 1347 videlicet
1267 1312 1464 1349 motionem

36 1378 121 1403 esse
154 1365 421 1416 imperfectam.
478 1364 571 1411 Quis
606 1364 763 1401 inficiari
794 1362 945 1409 audeat,
984 1365 1204 1415 voluptatem
1234 1365 1463 1416 impugnanti

34 1420 174 1466 licere,
214 1419 418 1457 transferre
448 1420 653 1456 orationem
690 1417 734 1456 ad
765 1417 1088 1456 demonstrandum
1125 1419 1186 1465 id,
1230 1420 1325 1471 quod
1350 1435 1465 1471 nega-

34 1482 110 1512 tum
136 1474 224 1513 est?
260 1474 405 1512 Pandet
432 1475 545 1523 igitur
567 1475 673 1519 vela,
715 1481 754 1510 et
779 1487 944 1511 emersus
973 1487 1020 1511 ex
1047 1475 1133 1521 illo,
1164 1476 1201 1512 in
1231 1489 1302 1525 quo
1331 1476 1465 1526 depre-

34 1530 173 1568 hensus
205 1537 301 1575 erat,
333 1527 502 1580 fretuss'ffi
533 1529 569 1566 in
598 1528 814 1579 explicanda
845 1530 879 1567 vi
909 1541 952 1565 ac
986 1537 1115 1567 natura
1134 1531 1324 1576 motionis,
1355 1532 1464 1582 pleno

35 1586 130 1624 mari
165 1586 322 1622 feretur.
383 1584 549 1634 Quippe:
588 1591 645 1620 est
681 1584 776 1621 enim
804 1596 848 1621 ea
874 1585 1044 1621 tractatio
1072 1585 1333 1651 Physicorum.
1394 1587 1462 1624 Al-

34 1648 117 1678 tera
142 1640 235 1678 ratio
264 1639 322 1676 his
355 1639 479 1676 verbis
511 1638 556 1676 ab
577 1638 783 1675 Aristotele
815 1640 1010 1705 exponitur
1025 1636 1119 1689 ’Ὴξγ
1160 1636 1301 1691 ομοίως
1330 1639 1371 1679 δὲ
1399 1641 1465 1680 καὶ

36 1693 130 1735 όταν
169 1690 368 1760 ἐπαγωγὴν
396 1690 492 1743 ποός
519 1708 555 1731 τι
585 1689 649 1731 διὰ
674 1693 742 1731 τοῦ
770 1692 943 1744 κειμένου
971 1693 1251 1745 ποιησαμένου,
1293 1692 1464 1748 ἀναιρεῖν

35 1750 212 1805 ἐπιχειρῇ.
248 1746 384 1788 τούτου
415 1745 486 1801 γὰο
516 1745 785 1799 αναιρεθέντος
811 1747 876 1787 καὶ
902 1745 943 1787 τὸ
970 1749 1217 1799 ποοκείμενον
1245 1747 1461 1802 αναιοεῐται.

35 1808 142 1853 Quae
172 1791 285 1842 verba
314 1817 485 1853 magnum
517 1803 706 1852 negotium
738 1802 1006 1841 ficesserunw
1011 1802 1082 1855 a.)
1113 1805 1464 1843 Alexand10.lta

34 1862 131 1899 enim
162 1872 250 1898 sane
280 1872 453 1896 vocemus
482 1858 663 1895 cruditum
696 1858 795 1895 illum
827 1859 1096 1909 intel-·pietem,
1137 1861 1167 1896 si
1198 1874 1269 1897 non
1300 1873 1393 1906 suo,
1425 1869 1464 1898 at

31 1917 168 1953 usitato
201 1923 321 1952 tamen
353 1915 527 1959 nomine,
565 1913 670 1950 cuius
699 1926 792 1963 quae
822 1913 891 1951 hoc
921 1914 1002 1951 loco
1032 1913 1140 1966 sit†)
1171 1911 1378 1965 αμηχανιά,
1409 1917 1465 1953 vi-

34 1970 124 2008 dere
157 1977 226 2007 est.
286 1969 371 2019 Ego
400 1976 539 2013 autem,
570 1981 650 2005 cum
680 1968 725 2005 ab
755 1981 799 2006 eo
830 1968 1060 2015 dissentiam,
1091 1982 1163 2006 non
1185 1971 1358 2007 constitui
1380 1984 1464 2008 seu-

33 2026 185 2063 tentiam
217 2026 331 2075 ipsius
362 2025 523 2062 referre.
582 2022 717 2060 Petant
746 2036 826 2061 eam
861 2037 882 2062 e
911 2024 1018 2069 libro,
1051 2024 1112 2075 qui
1141 2025 1276 2063 volent.
1338 2025 1463 2063 Meam

32 2093 259 2131 proponam:
311 2086 375 2124 ut,
429 2079 488 2116 cui
527 2078 732 2128 placuerit,
770 2091 849 2116 eam
888 2085 1076 2129 sequatur.
1148 2079 1314 2118 Primum
1351 2082 1466 2149 igitur

32 2135 249 2173 Aristotelis
292 2134 406 2172 verba
436 2135 487 2170 ita
515 2131 672 2182 legenda
704 2146 860 2171 censeo:
906 2130 1046 2185 ὁμοίως
1085 2131 1127 2173 δὲ
1155 2134 1220 2173 καὶ
1248 2133 1340 2175 όταν
1368 2134 1465 2175 ἀπα-

33 2205 160 2243 γωγην
194 2186 291 2254 πρός
322 2204 358 2228 τι
397 2185 461 2227 διὰ
496 2191 564 2227 τοῦ
602 2186 852 2239 προκειμένου
886 2187 1139 2240 ποιησάμενος
1179 2186 1348 2242 ἆναιρειν
1386 2191 1465 2230 ἐπι-

33 2257 159 2300 χειρῃ
201 2241 338 2284 τούτου
372 2240 446 2307 γὰρ
484 2240 752 2294 αναιρεθὲντος
784 2243 848 2283 καὶ
884 2241 925 2283 τὸ
961 2245 1211 2297 ποοκείμενον
1245 2243 1462 2299 αναιοεῐται.

33 2301 75 2338 1η
113 2313 208 2351 quo,
246 2313 292 2337 ne
321 2300 402 2350 quis
430 2300 526 2336 forte
557 2299 665 2336 alite1
693 2305 814 2349 putet,
855 2301 1053 2350 prolitcffl,
1099 2313 1157 2337 me
1186 2314 1293 2338 unam
1324 2308 1464 2339 tnntum

32 2356 192 2393 litteram
231 2367 277 2392 ex
314 2367 371 2391 me
410 2361 551 2391 mutare
589 2366 673 2391 esse
711 2367 854 2391 ausum.
914 2354 1010 2392 Nam
1042 2355 1136 2405 quod
1166 2369 1234 2407 pro
1265 2354 1465 2410 ἐπαγωγὴν

36 2410 168 2460 scripsi
218 2405 443 2462 ἆπαγωγην,
491 2408 705 2446 coniectura
746 2408 902 2457 ductus,
946 2417 984 2446 ut
1017 2423 1144 2448 vetum
1181 2412 1324 2458 fatear,
1372 2414 1460 2449 feci.

36 2463 320 2527 Ποοκειμένου,
363 2465 423 2502 ubi
456 2464 565 2514 vulgo
597 2463 733 2514 legitur
759 2464 953 2516 κειμένου,
992 2465 1087 2516 apud
1117 2465 1371 2504 Alexandnnn]
1402 2480 1462 2505 re-

34 2520 131 2570 peri.
190 2519 304 2570 quue
343 2520 475 2557 melius
505 2520 621 2556 visum
633 2493 711 2556 ³3est
746 2527 899 2570 ρῐόρῑοι
936 2519 997 2566 id,
1039 2520 1135 2571 quod
1172 2522 1361 2571 sequitur:
1399 2520 1464 2561 καὶ

33 2571 78 2613 τὸ
113 2574 361 2627 ποοκείμενον
374 2574 456 2627 ††)
495 2570 711 2626 ἀναιρεῖται.
762 2571 1045 2627 ποιησάμενος,
1085 2589 1152 2627 pro
1191 2575 1463 2627 ποιησαμένου,

109 2693 129 2715 ΞΥ
108 2694 151 2765 ἓξ)
173 2693 380 2723 confirmatur
398 2695 477 2722 haec
498 2693 597 2722 forma
618 2693 779 2724 Ciceronis
799 2697 868 2724 loco
890 2695 921 2724 in
941 2696 1029 2724 v.err
1049 2694 1103 2725 lib.
1122 2696 1162 2725 V.
1182 2702 1250 2732 cap.
1271 2696 1320 2726 66.
1342 2696 1372 2732 S.
1394 2696 1465 2726 169.

124 2739 177 2792 ἀί)
199 2739 325 2768 Ibidem.
345 2739 512 2766 Bekkerus
532 2731 776 2776 ποιησάμενος
796 2749 813 2769 e
833 2741 929 2769 Codd.
950 2740 1077 2774 recepit.

150 2777 269 2810 =-:::-)Ad
290 2779 371 2805 hanc
388 2776 518 2803 formam
536 2775 575 2804 cf.
595 2777 860 2806 Cic.Divinat.i11
880 2779 913 2812 Q.
932 2777 1050 2807 caecil.
1062 2783 1131 2813 cap.
1151 2777 1201 2807 14.
1218 2777 1250 2814 S
1269 2776 1318 2806 45.
1348 2779 1462 2808 Masi.

108 2813 154 2852 τ)
175 2816 242 2844 Ηοο
262 2816 392 2842 verbum
414 2813 561 2841 omissum
583 2820 602 2841 a
622 2815 820 2844 Ruhnkenio.

109 2856 182 2895 ’ὶ-ῑ)
204 2858 339 2887 Wolfius
358 2851 419 2884 καὶ
441 2853 683 2897 προκείμενον
706 2858 823 2887 omisso
844 2860 902 2888 art.
923 2848 975 2887 τό.

88 2912 894 2948 Munm.01112.vo1.111.(P11asu.En.ToM11.)
1144 2896 1198 2939 10

1497 1097 1558 1127 153
