1726 3106
162 142 217 184 2ss
723 142 850 182 VAR.
882 143 1035 184 LECT.

165 260 223 292 est
260 253 296 290 in
337 258 504 292 extremo
542 252 654 290 tertio
703 250 750 291 de
789 252 955 304 Legibus
971 253 1042 308 *):
1106 252 1158 296 Τὸ
1198 253 1240 295 δὲ
1286 257 1404 308 κῦρος
1445 252 1599 301 τούτων,

163 308 309 363 γνῶναί
334 324 389 357 τι,
431 307 498 348 καὶ
526 305 604 358 ἅμα
639 304 779 366 γνόντα
809 307 981 358 δικάσαι,
1022 313 1180 361 ζημιοῦν
1201 326 1239 350 τε
1271 304 1320 350 αὖ
1351 309 1418 350 τὸν
1441 307 1491 362 μὴ
1523 325 1601 350 πει-

165 362 356 415 θόμενον,
399 361 446 402 οὐ
473 360 604 416 σύριγξ
629 367 702 419 ἠν,
746 361 836 403 οὐδέ
863 380 962 411 τινες
989 361 1151 415 ἄμουσοι
1175 364 1265 416 βοαὶ
1294 364 1493 417 πλήθους,
1535 381 1602 405 κα-

163 418 291 471 θάπερ
320 422 462 465 τανῦν,
504 416 588 458 οὐδ’
623 419 673 460 αὐ
708 416 837 471 κρότοι
875 420 1054 467 ἐπαίνους
1085 418 1354 468 ἀποδιδόντες·
1400 418 1493 459 ἀλλὰ
1523 425 1603 467 τοῖς

164 474 232 527 μὲν
253 470 425 528 γεγονόσι
454 474 541 526 περὶ
571 477 790 523 παίδευσιν,
833 474 1036 526 δεδομένον
1064 473 1217 515 ἀκούειν
1253 469 1304 526 ἦν
1342 473 1472 522 αὐτοῖς
1513 473 1604 526 μετὰ

165 534 274 582 σιγῆς
303 526 367 568 διὰ
393 528 541 577 τέλους,
571 531 681 570 παισὶ
709 528 749 568 ὁὲ
773 529 837 568 καὶ
865 532 1140 583 παιὸαγωγοῖς,
1166 530 1300 585 καὶτῷ
1319 531 1478 570 atteiam>
1507 529 1603 582 ὅχλω

166 585 312 637 ῥάβδου
339 582 557 635 κοσμούσης
585 583 613 637 ἦ
639 584 867 636 νουθέτησις
895 585 1070 639 ἐγίγνετο.
1129 586 1200 624 L‘bi
1230 586 1338 624 Plato
1368 574 1462 623 idem
1495 575 1603 637 piane

164 639 323 694 σύριγγα
364 640 480 685 dixit,
534 641 630 691 quod
667 642 805 678 Cicero
846 643 1090 691 pastoricium
1117 643 1305 691 fistulam.
1378 641 1454 681 Sed
1497 655 1604 691 quam

166 711 278 747 supra
322 694 367 733 ad
411 695 563 733 verbum
603 710 623 734 e
658 696 764 734 Pauli
803 695 965 734 Manutii
999 697 1274 733 commentariis
1313 695 1605 734 declarationem

166 752 374 802 descripsi,
416 764 497 788 eam
529 750 710 789 admoneo
751 752 785 788 in
818 752 863 788 iis
898 759 1036 788 tantum
1071 751 1341 801 exemplaribus
1371 752 1466 802 legi,
1510 763 1605 802 quac

166 807 265 844 edita
303 813 386 844 sunt
429 815 624 856 antequam
669 807 704 844 1ιί
747 806 829 842 libri
867 819 886 842 a
923 819 980 843 me
1024 807 1059 843 in
1102 806 1282 855 publicum
1328 808 1602 845 emitterentur.

164 862 261 901 Nam
292 863 338 899 ab
368 863 435 906 iis,
477 874 571 911 quae
607 862 758 899 hiennio
791 868 874 911 post
913 861 1052 906 edidit,
1093 861 1212 898 deleta
1242 868 1329 898 sunt
1369 874 1411 899 ea
1453 862 1601 899 onmia:

166 926 204 955 et
236 919 271 954 in
301 930 427 954 eorum
458 917 575 953 locum
606 917 800 953 substituta
831 916 1026 964 quaedam,
1060 929 1152 966 quae
1184 929 1263 953 cum
1291 916 1357 953 bac
1389 929 1468 954 mea
1493 917 1607 953 iuter—

166 974 379 1025 pretalione
418 972 667 1009 consentiunt.
728 970 845 1008 Cuius
886 973 940 1009 rei
978 985 1022 1009 eo
1062 971 1263 1008 admonere
1292 971 1452 1008 lectores
1490 971 1604 1017 volui,

167 1042 215 1066 ne
244 1029 325 1078 quis
356 1028 476 1071 forte,
507 1040 601 1077 quae
629 1040 650 1064 a
680 1039 753 1070 me,
789 1032 826 1062 ut
856 1039 922 1063 suo
949 1027 1028 1064 iure
1060 1033 1200 1076 potest,
1232 1026 1377 1076 accepit
1397 1026 1605 1072 Manutius,

167 1097 212 1121 ea
244 1096 301 1120 me
331 1082 402 1132 ipsi
433 1083 659 1132 surripuisse
690 1081 961 1131 suspicaretur.
1023 1081 1212 1119 Profiteor
1242 1082 1364 1126 enim,
1406 1095 1489 1125 me,
1535 1095 1606 1118 non

167 1151 270 1176 more
301 1139 522 1183 multorum,
554 1136 727 1188 quicquid
754 1137 799 1174 ab
830 1137 914 1174 aliis
943 1138 1092 1188 accepi,
1126 1136 1160 1173 id
1190 1149 1338 1186 semper
1360 1135 1406 1173 ad
1435 1143 1607 1173 auctores

167 1195 271 1244 ipsos
301 1194 472 1230 referre:
504 1206 586 1230 enm
618 1199 745 1230 contra
776 1190 1028 1244 qiiidan1³ss*),
1060 1192 1121 1243 qui
1150 1204 1229 1228 mea
1252 1191 1486 1241 impudenter
1508 1205 1606 1230 com-

166 1249 318 1301 pilavit,
350 1248 582 1299 compilatum
613 1261 654 1286 se
684 1261 706 1286 a
737 1260 795 1286 me
824 1246 1075 1299 impudentius
1106 1252 1368 1297 conqueratur.

665 1357 696 1396 C
725 1358 763 1397 A
791 1358 824 1397 P
852 1358 889 1397 U
915 1358 949 1397 T
1010 1358 1109 1396 XX.

413 1426 529 1465 Alius
557 1427 660 1464 locus
688 1439 737 1464 ex
765 1427 893 1464 iisdem
924 1427 1101 1477 Epz'stolt's
1128 1425 1358 1463 declaratus.

167 1506 245 1565 NE
273 1525 366 1564 haee
392 1525 538 1578 quidem
571 1526 662 1563 satis
699 1526 981 1576 intelliguntur,
1022 1538 1116 1576 quae
1147 1525 1266 1575 posita
1295 1529 1380 1561 sunt
1415 1522 1453 1560 in
1482 1520 1606 1573 Epist.

169 1584 289 1636 prima
318 1582 381 1620 lib.
414 1580 569 1620 secundi
582 1579 707 1634 ὴυρδΗ)
748 1583 996 1630 Prognostica
1024 1593 1107 1618 mea
1137 1593 1218 1617 cum
1249 1579 1496 1617 oratiunculis
1519 1591 1612 1627 pro-

162 1640 311 1690 pediem
343 1645 534 1689 eaespeeta.
595 1635 661 1675 Ait
689 1637 785 1675 enim
809 1636 1020 1682 Manutius,
1052 1642 1182 1686 putare
1213 1646 1275 1680 se,
1307 1633 1468 1671 libellum
1497 1633 1611 1682 signi-

170 1693 300 1738 ficari,
350 1695 411 1745 qui
452 1695 690 1744 prognostica
730 1692 929 1730 Ciceronis
968 1690 1015 1728 de
1054 1690 1244 1740 republica
1282 1688 1607 1739 complecteretur.

171 1749 249 1787 Sed
272 1762 342 1798 ego
373 1749 464 1785 malo
494 1755 625 1786 tenere
655 1750 751 1798 quod
781 1748 875 1791 scio,
909 1760 1015 1798 quam
1043 1753 1173 1796 putare
1197 1742 1293 1795 quod
1317 1744 1460 1781 nescio.
1522 1743 1611 1781 Scio
1657 1779 1659 1781 .

171 1812 292 1843 autem
323 1804 546 1842 Ciceronem
585 1805 866 1854 interpretatum
907 1802 1077 1840 versibus
1106 1800 1213 1838 Arati
1254 1799 1527 1849 Prognostica:
1573 1804 1614 1835 ut

107 1867 149 1897 30
172 1866 318 1898 constat
348 1873 368 1897 e
404 1860 507 1896 libris
546 1857 592 1897 de
623 1859 863 1897 Divinatione
881 1857 948 1911 †).
1009 1856 1136 1903 Quare
1175 1868 1245 1892 non
1287 1855 1406 1891 habeo
1446 1853 1610 1899 dubium,

171 1917 258 1967 quin
289 1928 332 1953 ea
363 1916 559 1964 intelligat.
618 1914 794 1952 Meminit
817 1913 946 1951 horum
975 1913 1085 1950 etiam
1118 1911 1212 1948 iibro
1239 1908 1438 1947 earundem
1460 1908 1612 1964 Episto-

170 1972 289 2009 larum
320 1970 409 2009 XV.
450 1970 507 2006 his
547 1969 671 2007 verbis
688 1969 796 2022 ††).
842 1969 1024 2020 Equidem
1061 1968 1172 2005 etlam
1205 1966 1354 2017 pluvias
1391 1971 1534 2010 metuo,
1579 1964 1618 2001 si

165 2028 416 2078 prognostica
454 2031 586 2063 nostra
625 2038 715 2062 vera
758 2030 860 2064 sunt.
919 2027 1049 2063 Ranae
1086 2023 1181 2060 enim
1219 2016 1478 2073 ῥητορεύουσι.
1533 2018 1612 2057 Re-

173 2083 285 2133 spicit
313 2088 434 2119 autem
463 2079 508 2118 ad
539 2080 624 2117 ilios
656 2092 811 2118 versus:

251 2211 296 2245 ξε)
325 2210 380 2239 lib.
408 2210 462 2238 IV.
491 2214 563 2243 pag.
593 2206 663 2236 700.
700 2206 735 2236 C.
764 2208 808 2235 St.
837 2205 976 2235 Primum
1005 2195 1153 2232 δικάσαι
1184 2202 1365 2232 mutandum
1395 2200 1427 2229 in
1454 2192 1613 2227 δικᾶσαι.

173 2256 298 2286 Deinde
318 2256 486 2284 Bekkerus
507 2261 563 2288 pro
584 2244 787 2291 δεδομένον
807 2259 849 2280 ex
866 2251 963 2280 Codd.
982 2250 1066 2278 dedit
1088 2242 1134 2277 δε
1146 2241 1378 2287 δογμένον
1395 2236 1540 2274 ἀκούειν
1555 2233 1612 2282 ἦν.

251 2304 320 2337 -:::-÷::-)
342 2303 522 2332 Lambinus.
544 2303 581 2330 D.
599 2302 635 2329 R.
653 2315 689 2321 —
716 2301 793 2329 Cum
814 2307 875 2334 quo
897 2298 1054 2326 ‹·0nsentit
1075 2299 1170 2327 etiam
1185 2297 1332 2326 tVottiuS.
1363 2297 1402 2324 Et
1423 2298 1528 2329 reete3
1549 2295 1613 2323 vid.

175 2345 257 2373 Mur.
277 2340 377 2376 Epist.
398 2342 438 2370 ad
460 2340 593 2374 Giphan.
614 2341 700 2367 Tum.
721 2340 744 2367 1.
767 2345 836 2371 naz.
858 2337 929 2365 508.
951 2340 982 2365 et
1003 2344 1072 2370 pag.
1093 2337 1165 2364 546.
1205 2336 1268 2363 Sed
1289 2333 1466 2365 sciendum,
1497 2332 1612 2366 omnia,

176 2388 259 2415 quae
280 2380 310 2407 iu
331 2382 476 2408 extrema
496 2377 588 2405 huius
614 2375 727 2410 canitis
748 2374 930 2408 pai-reiginde
950 2382 968 2402 a
990 2374 1095 2402 vernis
1124 2374 1186 2401 sed
1207 2378 1296 2408 quam
1316 2377 1412 2403 supra
1431 2371 1471 2398 ad
1489 2371 1614 2397 verbum

176 2422 235 2447 eet..
257 2425 357 2452 usque
377 2418 416 2445 ad
438 2417 527 2444 tinem
547 2416 704 2449 leguntur,
726 2415 765 2442 ab
781 2413 919 2441 editione
939 2411 1038 2446 prima
1053 2410 1203 2439 abfuisse.
1237 2412 1345 2443 Neque
1358 2414 1435 2436 sane
1454 2411 1615 2441 postrema

175 2457 277 2485 verba
298 2455 483 2484 Lanuuinum
513 2453 676 2486 tangentia
702 2451 734 2479 in
761 2458 801 2478 ea
829 2450 923 2478 scribi
952 2452 1113 2486 poterant,
1145 2456 1239 2483 quum
1259 2449 1401 2475 Muretus
1427 2445 1497 2480 ipse
1517 2446 1614 2473 Lam-

174 2494 248 2523 bino
278 2494 444 2527 exemplar
471 2491 557 2519 illius
588 2489 735 2518 editionis
762 2489 842 2516 dono
869 2487 999 2515 miserit.
1041 2486 1087 2516 Cf,
1116 2487 1280 2520 utriusque
1308 2483 1461 2517 epistolas
1482 2484 1615 2511 Tou1.1.

175 2538 248 2568 paz.
268 2529 461 2560 :394—402.
491 2531 522 2556 et
549 2534 621 2561 pag.
642 2527 713 2554 407.
743 2526 825 2554 iufra
852 2527 891 2554 II.
913 2526 960 2554 17.
1000 2523 1113 2553 Mureti
1143 2523 1173 2551 in
1203 2521 1389 2551 Lambinum
1417 2520 1615 2554 iniquitatem

175 2569 289 2599 merito
311 2566 511 2601 reprehendit
532 2566 658 2594 Ruhnk.
680 2566 758 2592 'I'om
785 2565 838 2591 III.
861 2570 932 2598 pag.
953 2562 1003 2590 43.
1042 2561 1154 2591 Mitius
1175 2565 1206 2589 et
1225 2558 1388 2588 honestius
1412 2560 1555 2586 Muretus
1576 2558 1616 2586 de

174 2607 327 2636 Lambino
347 2605 487 2641 quuitur
507 2604 559 2632 VI.
578 2603 608 2632 Β.
629 2604 710 2631 extr.
729 2600 784 2636 qui
801 2602 891 2630 locus
910 2600 1024 2635 legitur
1044 2600 1139 2628 etiam
1161 2598 1193 2627 in
1213 2598 1262 2627 ed.
1282 2604 1329 2632 pt.
1345 2596 1397 2625 XI.
1419 2595 1469 2625 14.
1502 2597 1613 2624 mesi.

175 2646 224 2675 Cf.
247 2646 309 2673 Vll.
334 2646 381 2672 13.
419 2643 502 2672 VIII.
523 2642 572 2670 13.

251 2694 323 2718 ι’«εκιΐῑ-
418 2691 469 2720 11.

252 2745 297 2783 †)
316 2691 388 2774 eit?
409 2744 463 2772 lib.
484 2744 507 2772 1.
529 2750 597 2778 cap.
617 2743 648 2772 8.
675 2742 707 2778 §-
729 2742 769 2770 13
789 2748 836 2776 sq.
876 2741 1059 2770 Ciceronem
1085 2743 1190 2768 autem
1210 2736 1303 2767 Arati
1324 2730 1526 2774 Διοσημεῖα
1555 2733 1615 2762 ad-

176 2784 300 2813 modum
321 2783 591 2810 adolescentulum
612 2780 850 2815 interpretatum
870 2787 958 2817 esse,
982 2786 1024 2807 ex
1043 2777 1117 2807 aliis
1136 2777 1215 2806 loeis
1235 2776 1330 2806 facile
1349 2774 1497 2809 colligas3
1517 2771 1556 2802 of.
1575 2772 1614 2800 de

175 2823 213 2851 N.
233 2823 271 2850 I).
291 2820 344 2850 Iit).
365 2822 401 2850 ll.
421 2827 490 2854 cap.
512 2820 562 2849 41.
585 2819 618 2855 §-
640 2818 711 2848 140.

251 2867 325 2907 ᾖ)
346 2868 447 2904 Epist.
468 2868 517 2898 16.
538 2868 575 2897 B.
