<?xml version="1.0" encoding="UTF-8"?>
<!DOCTYPE html PUBLIC "-//W3C//DTD XHTML 1.0 Transitional//EN"
    "http://www.w3.org/TR/xhtml1/DTD/xhtml1-transitional.dtd">
<html xmlns="http://www.w3.org/1999/xhtml" xml:lang="en" lang="en">
 <head>
  <title>
</title>
<meta http-equiv="Content-Type" content="text/html;charset=utf-8" />
  <meta name='ocr-system' content='tesseract 3.04.00' />
  <meta name='ocr-capabilities' content='ocr_page ocr_carea ocr_par ocr_line ocrx_word'/>
</head>
<body>
  <div class='ocr_page' id='page_1' title='image "./operaomniaexmssa03mureuoft/operaomniaexmssa03mureuoft_0539.png"; bbox 0 0 1778 3096; ppageno 0'>
   <div class='ocr_carea' id='block_1_1' title="bbox 510 149 1515 192">
    <p class='ocr_par' dir='ltr' id='par_1_1' title="bbox 510 149 1515 192">
     <span class='ocr_line' id='line_1_1' title="bbox 510 149 1515 192; baseline 0.002 -2"><span class='ocrx_word' id='word_1_1' title='bbox 510 151 613 190; x_wconf 84' lang='lat' dir='ltr'><strong>LIB.</strong></span> <span class='ocrx_word' id='word_1_2' title='bbox 648 151 797 191; x_wconf 87' lang='lat' dir='ltr'>XVIII.</span> <span class='ocrx_word' id='word_1_3' title='bbox 860 150 978 190; x_wconf 85' lang='lat' dir='ltr'><strong>CAP.</strong></span> <span class='ocrx_word' id='word_1_4' title='bbox 1012 150 1084 189; x_wconf 93' lang='lat' dir='ltr'><strong>lX.</strong></span> <span class='ocrx_word' id='word_1_5' title='bbox 1435 149 1515 192; x_wconf 81' lang='lat'><strong>431</strong></span> 
     </span>
    </p>
   </div>
   <div class='ocr_carea' id='block_1_2' title="bbox 79 261 1523 1251">
    <p class='ocr_par' dir='ltr' id='par_1_2' title="bbox 79 261 1523 1251">
     <span class='ocr_line' id='line_1_2' title="bbox 83 261 1520 315; baseline -0.001 -13"><span class='ocrx_word' id='word_1_6' title='bbox 83 272 120 302; x_wconf 78' lang='lat' dir='ltr'><strong>et</strong></span> <span class='ocrx_word' id='word_1_7' title='bbox 147 266 196 302; x_wconf 86' lang='lat' dir='ltr'><strong>ita</strong></span> <span class='ocrx_word' id='word_1_8' title='bbox 225 265 513 315; x_wconf 75' lang='lat' dir='ltr'><strong>interpretatur:</strong></span> <span class='ocrx_word' id='word_1_9' title='bbox 548 264 632 301; x_wconf 86' lang='lat' dir='ltr'><strong>Non</strong></span> <span class='ocrx_word' id='word_1_10' title='bbox 664 263 772 312; x_wconf 83' lang='lat' dir='ltr'><strong>coepi</strong></span> <span class='ocrx_word' id='word_1_11' title='bbox 795 261 887 300; x_wconf 81' lang='lat' dir='ltr'><strong>haec</strong></span> <span class='ocrx_word' id='word_1_12' title='bbox 910 274 1090 312; x_wconf 79' lang='lat' dir='ltr'><strong>pernosse</strong></span> <span class='ocrx_word' id='word_1_13' title='bbox 1118 274 1222 300; x_wconf 83' lang='lat' dir='ltr'><strong>more</strong></span> <span class='ocrx_word' id='word_1_14' title='bbox 1248 262 1447 307; x_wconf 81' lang='lat' dir='ltr'><strong>maiorum,</strong></span> <span class='ocrx_word' id='word_1_15' title='bbox 1478 264 1520 301; x_wconf 82' lang='lat' dir='ltr'><strong>id</strong></span> 
     </span>
     <span class='ocr_line' id='line_1_3' title="bbox 82 318 1515 367; baseline -0.002 -9"><span class='ocrx_word' id='word_1_16' title='bbox 82 327 160 366; x_wconf 89' lang='lat' dir='ltr'><strong>est,</strong></span> <span class='ocrx_word' id='word_1_17' title='bbox 193 320 378 358; x_wconf 73' lang='lat' dir='ltr'><strong>indicibus</strong></span> <span class='ocrx_word' id='word_1_18' title='bbox 405 319 546 356; x_wconf 82' lang='lat' dir='ltr'><strong>auditis</strong></span> <span class='ocrx_word' id='word_1_19' title='bbox 574 331 641 355; x_wconf 81' lang='lat' dir='ltr'><strong>seu</strong></span> <span class='ocrx_word' id='word_1_20' title='bbox 665 330 737 367; x_wconf 87' lang='lat' dir='ltr'><strong>per</strong></span> <span class='ocrx_word' id='word_1_21' title='bbox 760 318 916 354; x_wconf 83' lang='lat' dir='ltr'><strong>indices.</strong></span> <span class='ocrx_word' id='word_1_22' title='bbox 977 320 1053 356; x_wconf 86' lang='lat' dir='ltr'><strong>Per</strong></span> <span class='ocrx_word' id='word_1_23' title='bbox 1080 331 1159 364; x_wconf 87' lang='lat' dir='ltr'><strong>me,</strong></span> <span class='ocrx_word' id='word_1_24' title='bbox 1190 318 1261 356; x_wconf 75' lang='lat' dir='ltr'><strong>leoe</strong></span> <span class='ocrx_word' id='word_1_25' title='bbox 1286 324 1364 364; x_wconf 84' lang='lat' dir='ltr'><strong>est,</strong></span> <span class='ocrx_word' id='word_1_26' title='bbox 1397 319 1515 364; x_wconf 82' lang='lat' dir='ltr'><strong>solas,</strong></span> 
     </span>
     <span class='ocr_line' id='line_1_4' title="bbox 81 371 1522 426; baseline -0.001 -14"><span class='ocrx_word' id='word_1_27' title='bbox 81 389 126 413; x_wconf 85' lang='lat' dir='ltr'><strong>ea</strong></span> <span class='ocrx_word' id='word_1_28' title='bbox 151 375 362 426; x_wconf 75' lang='lat' dir='ltr'><strong>perquisivi</strong></span> <span class='ocrx_word' id='word_1_29' title='bbox 393 381 433 412; x_wconf 89' lang='lat' dir='ltr'><strong>et</strong></span> <span class='ocrx_word' id='word_1_30' title='bbox 465 375 546 411; x_wconf 85' lang='lat' dir='ltr'><strong>sine</strong></span> <span class='ocrx_word' id='word_1_31' title='bbox 585 373 660 410; x_wconf 75' lang='lat' dir='ltr'><strong>allo</strong></span> <span class='ocrx_word' id='word_1_32' title='bbox 701 373 834 409; x_wconf 69' lang='lat' dir='ltr'><strong>indice.</strong></span> <span class='ocrx_word' id='word_1_33' title='bbox 894 371 970 409; x_wconf 88' lang='lat' dir='ltr'><strong>Hie</strong></span> <span class='ocrx_word' id='word_1_34' title='bbox 997 372 1166 410; x_wconf 82' lang='lat' dir='ltr'><strong>Alciatus</strong></span> <span class='ocrx_word' id='word_1_35' title='bbox 1205 372 1375 424; x_wconf 88' lang='lat' dir='ltr'><strong>quidem,</strong></span> <span class='ocrx_word' id='word_1_36' title='bbox 1417 375 1522 424; x_wconf 78' lang='lat' dir='ltr'><strong>apud</strong></span> 
     </span>
     <span class='ocr_line' id='line_1_5' title="bbox 81 429 1517 480; baseline -0.001 -12"><span class='ocrx_word' id='word_1_37' title='bbox 81 431 276 475; x_wconf 83' lang='lat' dir='ltr'><strong>Plautum,</strong></span> <span class='ocrx_word' id='word_1_38' title='bbox 299 429 454 480; x_wconf 73' lang='lat' dir='ltr'><strong>¹inquit,</strong></span> <span class='ocrx_word' id='word_1_39' title='bbox 493 431 529 466; x_wconf 87' lang='lat' dir='ltr'><strong>in</strong></span> <span class='ocrx_word' id='word_1_40' title='bbox 558 430 776 467; x_wconf 71' lang='lat' dir='ltr'><strong>Mercatore</strong></span> <span class='ocrx_word' id='word_1_41' title='bbox 805 440 906 464; x_wconf 86' lang='lat' dir='ltr'><strong>more</strong></span> <span class='ocrx_word' id='word_1_42' title='bbox 937 429 1118 465; x_wconf 81' lang='lat' dir='ltr'><strong>maiorum</strong></span> <span class='ocrx_word' id='word_1_43' title='bbox 1150 441 1401 478; x_wconf 77' lang='lat' dir='ltr'><strong>cognoscere,</strong></span> <span class='ocrx_word' id='word_1_44' title='bbox 1444 437 1517 475; x_wconf 86' lang='lat' dir='ltr'><strong>est,</strong></span> 
     </span>
     <span class='ocr_line' id='line_1_6' title="bbox 80 482 1520 535; baseline -0.001 -13"><span class='ocrx_word' id='word_1_45' title='bbox 80 485 267 523; x_wconf 80' lang='lat' dir='ltr'><strong>indicibus</strong></span> <span class='ocrx_word' id='word_1_46' title='bbox 291 485 402 534; x_wconf 79' lang='lat' dir='ltr'><strong>prius</strong></span> <span class='ocrx_word' id='word_1_47' title='bbox 431 484 571 521; x_wconf 69' lang='lat' dir='ltr'><strong>auditis</strong></span> <span class='ocrx_word' id='word_1_48' title='bbox 594 484 641 519; x_wconf 87' lang='lat' dir='ltr'><strong>de</strong></span> <span class='ocrx_word' id='word_1_49' title='bbox 665 495 708 518; x_wconf 83' lang='lat' dir='ltr'><strong>re</strong></span> <span class='ocrx_word' id='word_1_50' title='bbox 736 482 895 531; x_wconf 83' lang='lat' dir='ltr'><strong>capitali</strong></span> <span class='ocrx_word' id='word_1_51' title='bbox 920 494 1168 531; x_wconf 79' lang='lat' dir='ltr'><strong>cognoscere.-</strong></span> <span class='ocrx_word' id='word_1_52' title='bbox 1193 497 1261 522; x_wconf 82' lang='lat' dir='ltr'><strong>nec</strong></span> <span class='ocrx_word' id='word_1_53' title='bbox 1290 485 1384 521; x_wconf 83' lang='lat' dir='ltr'><strong>enim</strong></span> <span class='ocrx_word' id='word_1_54' title='bbox 1409 486 1520 535; x_wconf 78' lang='lat' dir='ltr'><strong>prins</strong></span> 
     </span>
     <span class='ocr_line' id='line_1_7' title="bbox 79 535 1519 590; baseline 0 -13"><span class='ocrx_word' id='word_1_55' title='bbox 79 553 210 579; x_wconf 86' lang='lat' dir='ltr'><strong>nomen</strong></span> <span class='ocrx_word' id='word_1_56' title='bbox 239 541 455 590; x_wconf 76' lang='lat' dir='ltr'><strong>cuiusquam</strong></span> <span class='ocrx_word' id='word_1_57' title='bbox 485 540 585 576; x_wconf 82' lang='lat' dir='ltr'><strong>inter</strong></span> <span class='ocrx_word' id='word_1_58' title='bbox 612 550 699 575; x_wconf 85' lang='lat' dir='ltr'><strong>reos</strong></span> <span class='ocrx_word' id='word_1_59' title='bbox 727 535 1004 586; x_wconf 73' lang='lat' dir='ltr'><strong>recipiebatur,</strong></span> <span class='ocrx_word' id='word_1_60' title='bbox 1038 551 1147 587; x_wconf 86' lang='lat' dir='ltr'><strong>qaam</strong></span> <span class='ocrx_word' id='word_1_61' title='bbox 1178 540 1353 577; x_wconf 79' lang='lat' dir='ltr'><strong>indiciam</strong></span> <span class='ocrx_word' id='word_1_62' title='bbox 1366 538 1519 589; x_wconf 81' lang='lat' dir='ltr'><strong>sactum</strong></span> 
     </span>
     <span class='ocr_line' id='line_1_8' title="bbox 80 591 1520 645; baseline -0.001 -13"><span class='ocrx_word' id='word_1_63' title='bbox 80 601 190 633; x_wconf 86' lang='lat' dir='ltr'><strong>esset.</strong></span> <span class='ocrx_word' id='word_1_64' title='bbox 251 594 382 641; x_wconf 81' lang='lat' dir='ltr'><strong>Quae,</strong></span> <span class='ocrx_word' id='word_1_65' title='bbox 422 607 491 645; x_wconf 89' lang='lat' dir='ltr'><strong>per</strong></span> <span class='ocrx_word' id='word_1_66' title='bbox 522 593 640 630; x_wconf 92' lang='lat' dir='ltr'><strong>Deum</strong></span> <span class='ocrx_word' id='word_1_67' title='bbox 672 591 940 640; x_wconf 80' lang='lat' dir='ltr'><strong>immortalem,</strong></span> <span class='ocrx_word' id='word_1_68' title='bbox 986 604 1046 629; x_wconf 88' lang='lat' dir='ltr'><strong>res</strong></span> <span class='ocrx_word' id='word_1_69' title='bbox 1078 594 1245 644; x_wconf 86' lang='lat' dir='ltr'><strong>capitalis</strong></span> <span class='ocrx_word' id='word_1_70' title='bbox 1278 594 1338 632; x_wconf 89' lang='lat' dir='ltr'><strong>hie</strong></span> <span class='ocrx_word' id='word_1_71' title='bbox 1368 594 1520 644; x_wconf 73' lang='lat' dir='ltr'><strong>agitur?</strong></span> 
     </span>
     <span class='ocr_line' id='line_1_9' title="bbox 80 645 1522 700; baseline 0 -13"><span class='ocrx_word' id='word_1_72' title='bbox 80 648 177 700; x_wconf 89' lang='lat' dir='ltr'><strong>quod</strong></span> <span class='ocrx_word' id='word_1_73' title='bbox 216 648 388 687; x_wconf 87' lang='lat' dir='ltr'><strong>iudicium</strong></span> <span class='ocrx_word' id='word_1_74' title='bbox 436 645 664 686; x_wconf 71' lang='lat' dir='ltr'><strong>exercetur?</strong></span> <span class='ocrx_word' id='word_1_75' title='bbox 729 645 830 693; x_wconf 86' lang='lat' dir='ltr'><strong>Quid</strong></span> <span class='ocrx_word' id='word_1_76' title='bbox 869 646 939 683; x_wconf 87' lang='lat' dir='ltr'><strong>huc</strong></span> <span class='ocrx_word' id='word_1_77' title='bbox 979 660 1058 684; x_wconf 87' lang='lat' dir='ltr'><strong>mos</strong></span> <span class='ocrx_word' id='word_1_78' title='bbox 1099 649 1277 686; x_wconf 84' lang='lat' dir='ltr'><strong>maiorum</strong></span> <span class='ocrx_word' id='word_1_79' title='bbox 1327 648 1522 700; x_wconf 75' lang='lat' dir='ltr'><strong>pertinet?</strong></span> 
     </span>
     <span class='ocr_line' id='line_1_10' title="bbox 80 701 1521 756; baseline 0 -14"><span class='ocrx_word' id='word_1_80' title='bbox 80 703 167 756; x_wconf 90' lang='lat' dir='ltr'><strong>quid</strong></span> <span class='ocrx_word' id='word_1_81' title='bbox 207 705 290 742; x_wconf 93' lang='lat' dir='ltr'><strong>ullis</strong></span> <span class='ocrx_word' id='word_1_82' title='bbox 329 704 512 741; x_wconf 90' lang='lat' dir='ltr'><strong>indicibus</strong></span> <span class='ocrx_word' id='word_1_83' title='bbox 554 715 646 753; x_wconf 90' lang='lat' dir='ltr'><strong>opus</strong></span> <span class='ocrx_word' id='word_1_84' title='bbox 687 702 774 739; x_wconf 75' lang='lat' dir='ltr'><strong>est?</strong></span> <span class='ocrx_word' id='word_1_85' title='bbox 838 701 1012 739; x_wconf 88' lang='lat' dir='ltr'><strong>Incautus</strong></span> <span class='ocrx_word' id='word_1_86' title='bbox 1054 702 1275 741; x_wconf 80' lang='lat' dir='ltr'><strong>adolescens</strong></span> <span class='ocrx_word' id='word_1_87' title='bbox 1320 718 1386 752; x_wconf 87' lang='lat' dir='ltr'><strong>se,</strong></span> <span class='ocrx_word' id='word_1_88' title='bbox 1438 718 1521 742; x_wconf 89' lang='lat' dir='ltr'><strong>cum</strong></span> 
     </span>
     <span class='ocr_line' id='line_1_11' title="bbox 79 757 1519 808; baseline -0.001 -10"><span class='ocrx_word' id='word_1_89' title='bbox 79 758 253 798; x_wconf 86' lang='lat' dir='ltr'><strong>Rhodum</strong></span> <span class='ocrx_word' id='word_1_90' title='bbox 285 761 470 804; x_wconf 87' lang='lat' dir='ltr'><strong>venisset,</strong></span> <span class='ocrx_word' id='word_1_91' title='bbox 503 757 742 795; x_wconf 80' lang='lat' dir='ltr'><strong>mulierculae</strong></span> <span class='ocrx_word' id='word_1_92' title='bbox 770 770 895 795; x_wconf 87' lang='lat' dir='ltr'><strong>amore</strong></span> <span class='ocrx_word' id='word_1_93' title='bbox 925 765 1069 808; x_wconf 87' lang='lat' dir='ltr'><strong>captum</strong></span> <span class='ocrx_word' id='word_1_94' title='bbox 1100 760 1311 797; x_wconf 81' lang='lat' dir='ltr'><strong>confitetur.</strong></span> <span class='ocrx_word' id='word_1_95' title='bbox 1371 759 1423 797; x_wconf 91' lang='lat' dir='ltr'><strong>Et</strong></span> <span class='ocrx_word' id='word_1_96' title='bbox 1451 760 1519 806; x_wconf 88' lang='lat' dir='ltr'><strong>ait,</strong></span> 
     </span>
     <span class='ocr_line' id='line_1_12' title="bbox 81 811 1522 864; baseline -0.001 -11"><span class='ocrx_word' id='word_1_97' title='bbox 81 816 114 853; x_wconf 86' lang='lat' dir='ltr'><strong>si</strong></span> <span class='ocrx_word' id='word_1_98' title='bbox 142 814 328 854; x_wconf 86' lang='lat' dir='ltr'><strong>Alciatum</strong></span> <span class='ocrx_word' id='word_1_99' title='bbox 359 821 548 852; x_wconf 84' lang='lat' dir='ltr'><strong>auctorem</strong></span> <span class='ocrx_word' id='word_1_100' title='bbox 580 825 761 864; x_wconf 86' lang='lat' dir='ltr'><strong>sequare,</strong></span> <span class='ocrx_word' id='word_1_101' title='bbox 802 825 843 849; x_wconf 89' lang='lat' dir='ltr'><strong>se</strong></span> <span class='ocrx_word' id='word_1_102' title='bbox 877 811 1056 850; x_wconf 88' lang='lat' dir='ltr'><strong>adversus</strong></span> <span class='ocrx_word' id='word_1_103' title='bbox 1086 828 1224 852; x_wconf 85' lang='lat' dir='ltr'><strong>morem</strong></span> <span class='ocrx_word' id='word_1_104' title='bbox 1257 816 1436 857; x_wconf 86' lang='lat' dir='ltr'><strong>maiorum</strong></span> <span class='ocrx_word' id='word_1_105' title='bbox 1467 815 1522 853; x_wconf 87' lang='lat' dir='ltr'><strong>fe-</strong></span> 
     </span>
     <span class='ocr_line' id='line_1_13' title="bbox 81 869 1521 922; baseline -0.001 -14"><span class='ocrx_word' id='word_1_106' title='bbox 81 871 202 916; x_wconf 89' lang='lat' dir='ltr'><strong>cisse,</strong></span> <span class='ocrx_word' id='word_1_107' title='bbox 235 871 296 922; x_wconf 88' lang='lat' dir='ltr'><strong>qui</strong></span> <span class='ocrx_word' id='word_1_108' title='bbox 326 882 394 921; x_wconf 83' lang='lat' dir='ltr'><strong>per</strong></span> <span class='ocrx_word' id='word_1_109' title='bbox 424 881 465 906; x_wconf 90' lang='lat' dir='ltr'><strong>se</strong></span> <span class='ocrx_word' id='word_1_110' title='bbox 492 869 585 906; x_wconf 86' lang='lat' dir='ltr'><strong>hacc</strong></span> <span class='ocrx_word' id='word_1_111' title='bbox 614 875 853 919; x_wconf 84' lang='lat' dir='ltr'><strong>percontatus</strong></span> <span class='ocrx_word' id='word_1_112' title='bbox 884 869 955 914; x_wconf 87' lang='lat' dir='ltr'><strong>sit,</strong></span> <span class='ocrx_word' id='word_1_113' title='bbox 991 869 1070 905; x_wconf 87' lang='lat' dir='ltr'><strong>sine</strong></span> <span class='ocrx_word' id='word_1_114' title='bbox 1099 869 1222 907; x_wconf 84' lang='lat' dir='ltr'><strong>indice</strong></span> <span class='ocrx_word' id='word_1_115' title='bbox 1252 871 1390 921; x_wconf 90' lang='lat' dir='ltr'><strong>aliquo.</strong></span> <span class='ocrx_word' id='word_1_116' title='bbox 1450 870 1521 909; x_wconf 88' lang='lat' dir='ltr'><strong>Vi-</strong></span> 
     </span>
     <span class='ocr_line' id='line_1_14' title="bbox 79 923 1522 975; baseline 0 -12"><span class='ocrx_word' id='word_1_117' title='bbox 79 924 219 964; x_wconf 84' lang='lat' dir='ltr'><strong>delicet</strong></span> <span class='ocrx_word' id='word_1_118' title='bbox 247 927 279 962; x_wconf 93' lang='lat' dir='ltr'><strong>is</strong></span> <span class='ocrx_word' id='word_1_119' title='bbox 311 937 389 962; x_wconf 93' lang='lat' dir='ltr'><strong>mos</strong></span> <span class='ocrx_word' id='word_1_120' title='bbox 413 924 590 962; x_wconf 91' lang='lat' dir='ltr'><strong>maiorum</strong></span> <span class='ocrx_word' id='word_1_121' title='bbox 620 924 709 969; x_wconf 85' lang='lat' dir='ltr'><strong>fuit,</strong></span> <span class='ocrx_word' id='word_1_122' title='bbox 751 930 791 960; x_wconf 90' lang='lat' dir='ltr'><strong>ut</strong></span> <span class='ocrx_word' id='word_1_123' title='bbox 818 923 1099 969; x_wconf 81' lang='lat' dir='ltr'><strong>adolescentes,</strong></span> <span class='ocrx_word' id='word_1_124' title='bbox 1143 938 1234 975; x_wconf 89' lang='lat' dir='ltr'><strong>quos</strong></span> <span class='ocrx_word' id='word_1_125' title='bbox 1267 937 1373 964; x_wconf 85' lang='lat' dir='ltr'><strong>amor</strong></span> <span class='ocrx_word' id='word_1_126' title='bbox 1399 938 1522 963; x_wconf 89' lang='lat' dir='ltr'><strong>mere-</strong></span> 
     </span>
     <span class='ocr_line' id='line_1_15' title="bbox 80 978 1522 1030; baseline 0 -12"><span class='ocrx_word' id='word_1_127' title='bbox 80 981 186 1018; x_wconf 86' lang='lat' dir='ltr'><strong>tricis</strong></span> <span class='ocrx_word' id='word_1_128' title='bbox 217 980 372 1018; x_wconf 85' lang='lat' dir='ltr'><strong>alicuius</strong></span> <span class='ocrx_word' id='word_1_129' title='bbox 404 981 594 1030; x_wconf 87' lang='lat' dir='ltr'><strong>cepisset,</strong></span> <span class='ocrx_word' id='word_1_130' title='bbox 636 992 707 1015; x_wconf 90' lang='lat' dir='ltr'><strong>non</strong></span> <span class='ocrx_word' id='word_1_131' title='bbox 739 992 806 1029; x_wconf 87' lang='lat' dir='ltr'><strong>per</strong></span> <span class='ocrx_word' id='word_1_132' title='bbox 839 992 879 1016; x_wconf 89' lang='lat' dir='ltr'><strong>se</strong></span> <span class='ocrx_word' id='word_1_133' title='bbox 910 978 946 1016; x_wconf 92' lang='lat' dir='ltr'><strong>id</strong></span> <span class='ocrx_word' id='word_1_134' title='bbox 982 987 1314 1029; x_wconf 80' lang='lat' dir='ltr'><strong>percontarentur,</strong></span> <span class='ocrx_word' id='word_1_135' title='bbox 1358 980 1424 1020; x_wconf 92' lang='lat' dir='ltr'><strong>sed</strong></span> <span class='ocrx_word' id='word_1_136' title='bbox 1456 994 1522 1019; x_wconf 84' lang='lat' dir='ltr'><strong>ex-</strong></span> 
     </span>
     <span class='ocr_line' id='line_1_16' title="bbox 81 1034 1521 1087; baseline 0.001 -14"><span class='ocrx_word' id='word_1_137' title='bbox 81 1042 294 1086; x_wconf 86' lang='lat' dir='ltr'><strong>spectarent</strong></span> <span class='ocrx_word' id='word_1_138' title='bbox 322 1034 482 1072; x_wconf 90' lang='lat' dir='ltr'><strong>indicem</strong></span> <span class='ocrx_word' id='word_1_139' title='bbox 513 1035 694 1085; x_wconf 83' lang='lat' dir='ltr'><strong>aliquem,</strong></span> <span class='ocrx_word' id='word_1_140' title='bbox 727 1041 922 1083; x_wconf 83' lang='lat' dir='ltr'><strong>antequam</strong></span> <span class='ocrx_word' id='word_1_141' title='bbox 952 1035 1044 1084; x_wconf 86' lang='lat' dir='ltr'><strong>ipsis</strong></span> <span class='ocrx_word' id='word_1_142' title='bbox 1076 1034 1121 1071; x_wconf 82' lang='lat' dir='ltr'><strong>‹le</strong></span> <span class='ocrx_word' id='word_1_143' title='bbox 1151 1048 1194 1072; x_wconf 85' lang='lat' dir='ltr'><strong>ea</strong></span> <span class='ocrx_word' id='word_1_144' title='bbox 1221 1048 1261 1072; x_wconf 91' lang='lat' dir='ltr'><strong>re</strong></span> <span class='ocrx_word' id='word_1_145' title='bbox 1291 1049 1521 1087; x_wconf 82' lang='lat' dir='ltr'><strong>cognoscere</strong></span> 
     </span>
     <span class='ocr_line' id='line_1_17' title="bbox 79 1089 1523 1140; baseline 0.001 -12"><span class='ocrx_word' id='word_1_146' title='bbox 79 1090 226 1129; x_wconf 89' lang='lat' dir='ltr'><strong>liceret.</strong></span> <span class='ocrx_word' id='word_1_147' title='bbox 288 1090 396 1138; x_wconf 83' lang='lat' dir='ltr'><strong>Quae</strong></span> <span class='ocrx_word' id='word_1_148' title='bbox 430 1091 546 1127; x_wconf 89' lang='lat' dir='ltr'><strong>istaec</strong></span> <span class='ocrx_word' id='word_1_149' title='bbox 584 1089 703 1127; x_wconf 84' lang='lat' dir='ltr'><strong>diliria</strong></span> <span class='ocrx_word' id='word_1_150' title='bbox 736 1090 849 1126; x_wconf 72' lang='lat' dir='ltr'><strong>sunt?</strong></span> <span class='ocrx_word' id='word_1_151' title='bbox 889 1102 983 1140; x_wconf 88' lang='lat' dir='ltr'><strong>quae</strong></span> <span class='ocrx_word' id='word_1_152' title='bbox 1022 1089 1310 1128; x_wconf 84' lang='lat' dir='ltr'><strong>febricitantium</strong></span> <span class='ocrx_word' id='word_1_153' title='bbox 1350 1091 1523 1129; x_wconf 76' lang='lat' dir='ltr'><strong>somnia?</strong></span> 
     </span>
     <span class='ocr_line' id='line_1_18' title="bbox 79 1144 1522 1195; baseline 0.001 -11"><span class='ocrx_word' id='word_1_154' title='bbox 79 1144 141 1183; x_wconf 87' lang='lat' dir='ltr'><strong>En</strong></span> <span class='ocrx_word' id='word_1_155' title='bbox 182 1147 286 1184; x_wconf 91' lang='lat' dir='ltr'><strong>cuius</strong></span> <span class='ocrx_word' id='word_1_156' title='bbox 327 1158 508 1195; x_wconf 87' lang='lat' dir='ltr'><strong>responsa</strong></span> <span class='ocrx_word' id='word_1_157' title='bbox 547 1158 614 1195; x_wconf 90' lang='lat' dir='ltr'><strong>pro</strong></span> <span class='ocrx_word' id='word_1_158' title='bbox 653 1144 814 1182; x_wconf 86' lang='lat' dir='ltr'><strong>oraculis</strong></span> <span class='ocrx_word' id='word_1_159' title='bbox 856 1144 994 1182; x_wconf 88' lang='lat' dir='ltr'><strong>habere</strong></span> <span class='ocrx_word' id='word_1_160' title='bbox 1034 1144 1249 1185; x_wconf 84' lang='lat' dir='ltr'><strong>debeamus.</strong></span> <span class='ocrx_word' id='word_1_161' title='bbox 1308 1147 1435 1187; x_wconf 89' lang='lat' dir='ltr'><strong>Venio</strong></span> <span class='ocrx_word' id='word_1_162' title='bbox 1474 1146 1522 1185; x_wconf 84' lang='lat' dir='ltr'><strong>ad</strong></span> 
     </span>
     <span class='ocr_line' id='line_1_19' title="bbox 80 1197 1155 1251; baseline -0.002 -12"><span class='ocrx_word' id='word_1_163' title='bbox 80 1201 167 1239; x_wconf 79' lang='lat' dir='ltr'><strong>alia.</strong></span> <span class='ocrx_word' id='word_1_164' title='bbox 227 1201 271 1239; x_wconf 91' lang='lat' dir='ltr'><strong>ln</strong></span> <span class='ocrx_word' id='word_1_165' title='bbox 300 1199 489 1238; x_wconf 88' lang='lat' dir='ltr'><strong>veteribus</strong></span> <span class='ocrx_word' id='word_1_166' title='bbox 518 1200 624 1237; x_wconf 89' lang='lat' dir='ltr'><strong>libris</strong></span> <span class='ocrx_word' id='word_1_167' title='bbox 655 1206 714 1236; x_wconf 86' lang='lat' dir='ltr'><strong>est</strong></span> <span class='ocrx_word' id='word_1_168' title='bbox 727 1197 798 1250; x_wconf 36' lang='grc' dir='ltr'><strong>ᾗ),</strong></span> <span class='ocrx_word' id='word_1_169' title='bbox 828 1207 953 1245; x_wconf 88' lang='lat' dir='ltr'><strong>recte,</strong></span> <span class='ocrx_word' id='word_1_170' title='bbox 984 1207 1023 1236; x_wconf 85' lang='lat' dir='ltr'><strong>ut</strong></span> <span class='ocrx_word' id='word_1_171' title='bbox 1050 1208 1155 1251; x_wconf 90' lang='lat' dir='ltr'><strong>puto,</strong></span> 
     </span>
    </p>
   </div>
   <div class='ocr_carea' id='block_1_3' title="bbox 242 1266 1106 1317">
    <p class='ocr_par' dir='ltr' id='par_1_3' title="bbox 242 1266 1106 1317">
     <span class='ocr_line' id='line_1_20' title="bbox 242 1266 1106 1317; baseline -0.001 -13"><span class='ocrx_word' id='word_1_172' title='bbox 242 1267 414 1317; x_wconf 84' lang='lat' dir='ltr'><strong>Ineptia,</strong></span> <span class='ocrx_word' id='word_1_173' title='bbox 446 1266 682 1315; x_wconf 73' lang='lat' dir='ltr'><strong>stultitiaque</strong></span> <span class='ocrx_word' id='word_1_174' title='bbox 709 1266 802 1303; x_wconf 87' lang='lat' dir='ltr'><strong>adeo</strong></span> <span class='ocrx_word' id='word_1_175' title='bbox 833 1272 873 1303; x_wconf 87' lang='lat' dir='ltr'><strong>et</strong></span> <span class='ocrx_word' id='word_1_176' title='bbox 898 1268 1106 1304; x_wconf 78' lang='lat' dir='ltr'><strong>temeritas.</strong></span> 
     </span>
    </p>
   </div>
   <div class='ocr_carea' id='block_1_4' title="bbox 79 1340 1524 1505">
    <p class='ocr_par' dir='ltr' id='par_1_4' title="bbox 79 1340 1524 1505">
     <span class='ocr_line' id='line_1_21' title="bbox 79 1340 1524 1395; baseline 0 -14"><span class='ocrx_word' id='word_1_177' title='bbox 79 1341 214 1394; x_wconf 89' lang='lat' dir='ltr'><strong>Neque</strong></span> <span class='ocrx_word' id='word_1_178' title='bbox 243 1340 479 1380; x_wconf 88' lang='lat' dir='ltr'><strong>metuendum</strong></span> <span class='ocrx_word' id='word_1_179' title='bbox 511 1347 570 1378; x_wconf 88' lang='lat' dir='ltr'><strong>est</strong></span> <span class='ocrx_word' id='word_1_180' title='bbox 601 1342 749 1379; x_wconf 83' lang='lat' dir='ltr'><strong>versui:</strong></span> <span class='ocrx_word' id='word_1_181' title='bbox 793 1355 876 1380; x_wconf 89' lang='lat' dir='ltr'><strong>nam</strong></span> <span class='ocrx_word' id='word_1_182' title='bbox 908 1341 1002 1380; x_wconf 88' lang='lat' dir='ltr'><strong>duae</strong></span> <span class='ocrx_word' id='word_1_183' title='bbox 1036 1350 1309 1390; x_wconf 78' lang='lat' dir='ltr'><strong>consonantes,</strong></span> <span class='ocrx_word' id='word_1_184' title='bbox 1341 1357 1362 1381; x_wconf 89' lang='lat' dir='ltr'><strong>a</strong></span> <span class='ocrx_word' id='word_1_185' title='bbox 1390 1344 1524 1395; x_wconf 87' lang='lat' dir='ltr'><strong>quibus</strong></span> 
     </span>
     <span class='ocr_line' id='line_1_22' title="bbox 79 1396 1524 1450; baseline 0.001 -14"><span class='ocrx_word' id='word_1_186' title='bbox 79 1411 153 1436; x_wconf 85' lang='lat' dir='ltr'><strong>vox</strong></span> <span class='ocrx_word' id='word_1_187' title='bbox 196 1410 357 1449; x_wconf 91' lang='lat' dir='ltr'><strong>sequens</strong></span> <span class='ocrx_word' id='word_1_188' title='bbox 396 1397 551 1447; x_wconf 86' lang='lat' dir='ltr'><strong>incipit,</strong></span> <span class='ocrx_word' id='word_1_189' title='bbox 595 1396 804 1446; x_wconf 87' lang='lat' dir='ltr'><strong>producunt</strong></span> <span class='ocrx_word' id='word_1_190' title='bbox 840 1398 1029 1444; x_wconf 85' lang='lat' dir='ltr'><strong>vocalem,</strong></span> <span class='ocrx_word' id='word_1_191' title='bbox 1073 1411 1166 1450; x_wconf 82' lang='lat' dir='ltr'><strong>quae</strong></span> <span class='ocrx_word' id='word_1_192' title='bbox 1205 1401 1437 1446; x_wconf 83' lang='lat' dir='ltr'><strong>antecessit,</strong></span> <span class='ocrx_word' id='word_1_193' title='bbox 1485 1406 1524 1437; x_wconf 84' lang='lat' dir='ltr'><strong>ut</strong></span> 
     </span>
     <span class='ocr_line' id='line_1_23' title="bbox 79 1449 893 1505; baseline -0.006 -12"><span class='ocrx_word' id='word_1_194' title='bbox 79 1452 171 1493; x_wconf 71' lang='grc' dir='ltr'><strong>ἔπεα</strong></span> <span class='ocrx_word' id='word_1_195' title='bbox 196 1449 421 1505; x_wconf 81' lang='grc' dir='ltr'><strong><em>πτερόεντα,</em></strong></span> <span class='ocrx_word' id='word_1_196' title='bbox 451 1459 488 1489; x_wconf 92' lang='lat' dir='ltr'><strong>et</strong></span> <span class='ocrx_word' id='word_1_197' title='bbox 514 1452 552 1488; x_wconf 87' lang='lat' dir='ltr'><strong>in</strong></span> <span class='ocrx_word' id='word_1_198' title='bbox 582 1452 643 1489; x_wconf 92' lang='lat' dir='ltr'><strong>illo</strong></span> <span class='ocrx_word' id='word_1_199' title='bbox 671 1450 893 1505; x_wconf 59' lang='lat' dir='ltr'><strong>Ennii**),</strong></span> 
     </span>
    </p>
   </div>
   <div class='ocr_carea' id='block_1_5' title="bbox 247 1518 1218 1569">
    <p class='ocr_par' dir='ltr' id='par_1_5' title="bbox 247 1518 1218 1569">
     <span class='ocr_line' id='line_1_24' title="bbox 247 1518 1218 1569; baseline 0.001 -13"><span class='ocrx_word' id='word_1_200' title='bbox 247 1520 370 1557; x_wconf 87' lang='lat' dir='ltr'><strong>Caesa</strong></span> <span class='ocrx_word' id='word_1_201' title='bbox 400 1518 601 1556; x_wconf 81' lang='lat' dir='ltr'><strong>accidisset</strong></span> <span class='ocrx_word' id='word_1_202' title='bbox 630 1518 681 1555; x_wconf 82' lang='lat' dir='ltr'><strong>ad</strong></span> <span class='ocrx_word' id='word_1_203' title='bbox 710 1524 851 1556; x_wconf 83' lang='lat' dir='ltr'><strong>terram</strong></span> <span class='ocrx_word' id='word_1_204' title='bbox 882 1518 1043 1569; x_wconf 70' lang='lat' dir='ltr'><strong>abiegna</strong></span> <span class='ocrx_word' id='word_1_205' title='bbox 1075 1519 1218 1558; x_wconf 89' lang='lat' dir='ltr'><strong>trabes.</strong></span> 
     </span>
    </p>
   </div>
   <div class='ocr_carea' id='block_1_6' title="bbox 80 1593 1275 1712">
    <p class='ocr_par' dir='ltr' id='par_1_6' title="bbox 80 1593 1275 1712">
     <span class='ocr_line' id='line_1_25' title="bbox 80 1593 1275 1650; baseline 0.002 -17"><span class='ocrx_word' id='word_1_206' title='bbox 80 1593 147 1634; x_wconf 86' lang='lat' dir='ltr'><strong>sie</strong></span> <span class='ocrx_word' id='word_1_207' title='bbox 176 1596 272 1634; x_wconf 91' lang='lat' dir='ltr'><strong>enim</strong></span> <span class='ocrx_word' id='word_1_208' title='bbox 304 1595 412 1646; x_wconf 88' lang='lat' dir='ltr'><strong>plane</strong></span> <span class='ocrx_word' id='word_1_209' title='bbox 442 1601 592 1633; x_wconf 88' lang='lat' dir='ltr'><strong>veteres</strong></span> <span class='ocrx_word' id='word_1_210' title='bbox 623 1594 731 1632; x_wconf 88' lang='lat' dir='ltr'><strong>libri:</strong></span> <span class='ocrx_word' id='word_1_211' title='bbox 774 1601 813 1632; x_wconf 88' lang='lat' dir='ltr'><strong>et</strong></span> <span class='ocrx_word' id='word_1_212' title='bbox 842 1595 877 1632; x_wconf 93' lang='lat' dir='ltr'><strong>in</strong></span> <span class='ocrx_word' id='word_1_213' title='bbox 909 1596 971 1634; x_wconf 92' lang='lat' dir='ltr'><strong>illo</strong></span> <span class='ocrx_word' id='word_1_214' title='bbox 1003 1596 1138 1635; x_wconf 87' lang='lat' dir='ltr'><strong>Catulli</strong></span> <span class='ocrx_word' id='word_1_215' title='bbox 1156 1594 1275 1650; x_wconf 27' lang='grc' dir='ltr'><strong>Ἢᾗ),</strong></span> 
     </span>
     <span class='ocr_line' id='line_1_26' title="bbox 243 1660 983 1712; baseline 0.001 -13"><span class='ocrx_word' id='word_1_216' title='bbox 243 1662 297 1699; x_wconf 84' lang='lat' dir='ltr'><strong>Et</strong></span> <span class='ocrx_word' id='word_1_217' title='bbox 323 1663 409 1699; x_wconf 81' lang='lat' dir='ltr'><strong>inde</strong></span> <span class='ocrx_word' id='word_1_218' title='bbox 442 1667 499 1699; x_wconf 92' lang='lat' dir='ltr'><strong>tot</strong></span> <span class='ocrx_word' id='word_1_219' title='bbox 517 1674 592 1712; x_wconf 87' lang='lat' dir='ltr'><strong>per</strong></span> <span class='ocrx_word' id='word_1_220' title='bbox 619 1662 836 1711; x_wconf 78' lang='lat' dir='ltr'><strong>impotentia</strong></span> <span class='ocrx_word' id='word_1_221' title='bbox 853 1660 983 1712; x_wconf 85' lang='lat' dir='ltr'><strong>freta,</strong></span> 
     </span>
    </p>
   </div>
   <div class='ocr_carea' id='block_1_7' title="bbox 79 1726 1525 1780">
    <p class='ocr_par' dir='ltr' id='par_1_7' title="bbox 79 1726 1525 1780">
     <span class='ocr_line' id='line_1_27' title="bbox 79 1726 1525 1780; baseline 0.002 -16"><span class='ocrx_word' id='word_1_222' title='bbox 79 1733 119 1765; x_wconf 86' lang='lat' dir='ltr'><strong>et</strong></span> <span class='ocrx_word' id='word_1_223' title='bbox 148 1738 262 1776; x_wconf 87' lang='lat' dir='ltr'><strong>saepe</strong></span> <span class='ocrx_word' id='word_1_224' title='bbox 291 1726 393 1764; x_wconf 89' lang='lat' dir='ltr'><strong>alibi.</strong></span> <span class='ocrx_word' id='word_1_225' title='bbox 447 1726 719 1764; x_wconf 83' lang='lat' dir='ltr'><strong>Grammaticos</strong></span> <span class='ocrx_word' id='word_1_226' title='bbox 750 1734 871 1764; x_wconf 83' lang='lat' dir='ltr'><strong>autem</strong></span> <span class='ocrx_word' id='word_1_227' title='bbox 901 1742 972 1765; x_wconf 90' lang='lat' dir='ltr'><strong>non</strong></span> <span class='ocrx_word' id='word_1_228' title='bbox 1005 1728 1124 1766; x_wconf 88' lang='lat' dir='ltr'><strong>habeo</strong></span> <span class='ocrx_word' id='word_1_229' title='bbox 1153 1730 1278 1775; x_wconf 88' lang='lat' dir='ltr'><strong>nauci,</strong></span> <span class='ocrx_word' id='word_1_230' title='bbox 1309 1731 1370 1780; x_wconf 88' lang='lat' dir='ltr'><strong>qui</strong></span> <span class='ocrx_word' id='word_1_231' title='bbox 1400 1731 1525 1780; x_wconf 87' lang='lat' dir='ltr'><strong>inepte</strong></span> 
     </span>
    </p>
   </div>
   <div class='ocr_carea' id='block_1_8' title="bbox 80 1781 1521 1876">
    <p class='ocr_par' dir='ltr' id='par_1_8' title="bbox 80 1781 1521 1876">
     <span class='ocr_line' id='line_1_28' title="bbox 80 1781 1521 1851; baseline 0.003 -32"><span class='ocrx_word' id='word_1_232' title='bbox 80 1783 258 1832; x_wconf 81' lang='lat' dir='ltr'><strong>ineptiam</strong></span> <span class='ocrx_word' id='word_1_233' title='bbox 285 1781 361 1820; x_wconf 89' lang='lat' dir='ltr'><strong>dici</strong></span> <span class='ocrx_word' id='word_1_234' title='bbox 388 1788 515 1821; x_wconf 84' lang='lat' dir='ltr'><strong>vetant</strong></span> <span class='ocrx_word' id='word_1_235' title='bbox 529 1781 598 1835; x_wconf 80' lang='lat'><strong>-1-),</strong></span> <span class='ocrx_word' id='word_1_236' title='bbox 620 1783 780 1833; x_wconf 80' lang='lat' dir='ltr'><strong>ineptias</strong></span> <span class='ocrx_word' id='word_1_237' title='bbox 806 1782 948 1822; x_wconf 89' lang='lat' dir='ltr'><strong>iubent.</strong></span> <span class='ocrx_word' id='word_1_238' title='bbox 980 1783 1128 1851; x_wconf 49' lang='lat' dir='ltr'><strong>xMagis</strong></span> <span class='ocrx_word' id='word_1_239' title='bbox 1146 1798 1203 1824; x_wconf 89' lang='lat' dir='ltr'><strong>me</strong></span> <span class='ocrx_word' id='word_1_240' title='bbox 1223 1785 1425 1824; x_wconf 89' lang='lat' dir='ltr'><strong>Terentius</strong></span> <span class='ocrx_word' id='word_1_241' title='bbox 1437 1785 1521 1839; x_wconf 76' lang='lat'><strong>††)</strong></span> 
     </span>
     <span class='ocr_line' id='line_1_29' title="bbox 80 1843 225 1876; baseline -0.007 -2"><span class='ocrx_word' id='word_1_242' title='bbox 80 1843 225 1876; x_wconf 82' lang='lat' dir='ltr'><strong>movet:</strong></span> 
     </span>
    </p>
   </div>
   <div class='ocr_carea' id='block_1_9' title="bbox 243 1903 1294 2011">
    <p class='ocr_par' dir='ltr' id='par_1_9' title="bbox 243 1903 1294 2011">
     <span class='ocr_line' id='line_1_30' title="bbox 243 1903 1294 1956; baseline 0.003 -15"><span class='ocrx_word' id='word_1_243' title='bbox 243 1905 304 1942; x_wconf 84' lang='lat' dir='ltr'><strong>lta</strong></span> <span class='ocrx_word' id='word_1_244' title='bbox 333 1916 391 1941; x_wconf 85' lang='lat' dir='ltr'><strong>me</strong></span> <span class='ocrx_word' id='word_1_245' title='bbox 421 1903 464 1940; x_wconf 74' lang='lat' dir='ltr'><strong>etz·</strong></span> <span class='ocrx_word' id='word_1_246' title='bbox 489 1909 636 1949; x_wconf 85' lang='lat' dir='ltr'><strong>ament,</strong></span> <span class='ocrx_word' id='word_1_247' title='bbox 667 1910 709 1942; x_wconf 78' lang='lat' dir='ltr'><strong>nt</strong></span> <span class='ocrx_word' id='word_1_248' title='bbox 735 1903 840 1941; x_wconf 81' lang='lat' dir='ltr'><strong>video</strong></span> <span class='ocrx_word' id='word_1_249' title='bbox 871 1917 940 1954; x_wconf 82' lang='lat' dir='ltr'><strong>ego</strong></span> <span class='ocrx_word' id='word_1_250' title='bbox 970 1911 1070 1942; x_wconf 78' lang='lat' dir='ltr'><strong>taam</strong></span> <span class='ocrx_word' id='word_1_251' title='bbox 1100 1907 1294 1956; x_wconf 82' lang='lat' dir='ltr'><strong>ineptiam,</strong></span> 
     </span>
     <span class='ocr_line' id='line_1_31' title="bbox 243 1959 1235 2011; baseline 0.003 -15"><span class='ocrx_word' id='word_1_252' title='bbox 243 1959 451 1996; x_wconf 78' lang='lat' dir='ltr'><strong>Facturum</strong></span> <span class='ocrx_word' id='word_1_253' title='bbox 481 1960 614 2004; x_wconf 82' lang='lat' dir='ltr'><strong>eredo,</strong></span> <span class='ocrx_word' id='word_1_254' title='bbox 647 1966 689 1997; x_wconf 78' lang='lat' dir='ltr'><strong>ut</strong></span> <span class='ocrx_word' id='word_1_255' title='bbox 715 1959 856 1997; x_wconf 78' lang='lat' dir='ltr'><strong>habeas</strong></span> <span class='ocrx_word' id='word_1_256' title='bbox 884 1961 1029 2011; x_wconf 75' lang='lat' dir='ltr'><strong>quicum</strong></span> <span class='ocrx_word' id='word_1_257' title='bbox 1059 1963 1235 2000; x_wconf 83' lang='lat' dir='ltr'><strong>cantites.</strong></span> 
     </span>
    </p>
   </div>
   <div class='ocr_carea' id='block_1_10' title="bbox 82 2021 710 2077">
    <p class='ocr_par' dir='ltr' id='par_1_10' title="bbox 82 2021 710 2077">
     <span class='ocr_line' id='line_1_32' title="bbox 82 2021 710 2077; baseline 0.008 -18"><span class='ocrx_word' id='word_1_258' title='bbox 82 2021 125 2060; x_wconf 90' lang='lat' dir='ltr'><strong>In</strong></span> <span class='ocrx_word' id='word_1_259' title='bbox 157 2021 219 2060; x_wconf 87' lang='lat' dir='ltr'><strong>illo</strong></span> <span class='ocrx_word' id='word_1_260' title='bbox 246 2022 421 2061; x_wconf 89' lang='lat' dir='ltr'><strong>Plautino</strong></span> <span class='ocrx_word' id='word_1_261' title='bbox 449 2036 561 2061; x_wconf 89' lang='lat' dir='ltr'><strong>versu</strong></span> <span class='ocrx_word' id='word_1_262' title='bbox 576 2022 710 2077; x_wconf 74' lang='lat'><strong>†††),</strong></span> 
     </span>
    </p>
   </div>
   <div class='ocr_carea' id='block_1_11' title="bbox 245 2090 1229 2141">
    <p class='ocr_par' dir='ltr' id='par_1_11' title="bbox 245 2090 1229 2141">
     <span class='ocr_line' id='line_1_33' title="bbox 245 2090 1229 2141; baseline 0.003 -13"><span class='ocrx_word' id='word_1_263' title='bbox 245 2090 436 2140; x_wconf 82' lang='lat' dir='ltr'><strong>Principio</strong></span> <span class='ocrx_word' id='word_1_264' title='bbox 464 2096 578 2141; x_wconf 78' lang='lat' dir='ltr'><strong>atque</strong></span> <span class='ocrx_word' id='word_1_265' title='bbox 605 2091 752 2129; x_wconf 82' lang='lat' dir='ltr'><strong>animus</strong></span> <span class='ocrx_word' id='word_1_266' title='bbox 780 2090 932 2141; x_wconf 78' lang='lat' dir='ltr'><strong>ephebis</strong></span> <span class='ocrx_word' id='word_1_267' title='bbox 962 2098 1088 2130; x_wconf 85' lang='lat' dir='ltr'><strong>aetate</strong></span> <span class='ocrx_word' id='word_1_268' title='bbox 1117 2094 1229 2140; x_wconf 75' lang='lat' dir='ltr'><strong>exiit,</strong></span> 
     </span>
    </p>
   </div>
   <div class='ocr_carea' id='block_1_12' title="bbox 81 2154 1525 2428">
    <p class='ocr_par' dir='ltr' id='par_1_12' title="bbox 81 2154 1525 2428">
     <span class='ocr_line' id='line_1_34' title="bbox 83 2154 1523 2210; baseline 0.003 -18"><span class='ocrx_word' id='word_1_269' title='bbox 83 2166 196 2193; x_wconf 90' lang='lat' dir='ltr'><strong>voces</strong></span> <span class='ocrx_word' id='word_1_270' title='bbox 223 2154 309 2193; x_wconf 89' lang='lat' dir='ltr'><strong>illae</strong></span> <span class='ocrx_word' id='word_1_271' title='bbox 339 2162 451 2205; x_wconf 79' lang='lat' dir='ltr'><strong>atque</strong></span> <span class='ocrx_word' id='word_1_272' title='bbox 479 2158 627 2194; x_wconf 82' lang='lat' dir='ltr'><strong>animus</strong></span> <span class='ocrx_word' id='word_1_273' title='bbox 657 2155 837 2195; x_wconf 86' lang='lat' dir='ltr'><strong>delendae</strong></span> <span class='ocrx_word' id='word_1_274' title='bbox 860 2163 967 2195; x_wconf 89' lang='lat' dir='ltr'><strong>sunt:</strong></span> <span class='ocrx_word' id='word_1_275' title='bbox 1002 2165 1040 2195; x_wconf 90' lang='lat' dir='ltr'><strong>ut</strong></span> <span class='ocrx_word' id='word_1_276' title='bbox 1069 2171 1163 2209; x_wconf 88' lang='lat' dir='ltr'><strong>quae</strong></span> <span class='ocrx_word' id='word_1_277' title='bbox 1195 2158 1266 2197; x_wconf 91' lang='lat' dir='ltr'><strong>huc</strong></span> <span class='ocrx_word' id='word_1_278' title='bbox 1290 2171 1311 2197; x_wconf 87' lang='lat' dir='ltr'><strong>e</strong></span> <span class='ocrx_word' id='word_1_279' title='bbox 1339 2159 1523 2210; x_wconf 90' lang='lat' dir='ltr'><strong>principio</strong></span> 
     </span>
     <span class='ocr_line' id='line_1_35' title="bbox 81 2208 1524 2265; baseline 0.003 -18"><span class='ocrx_word' id='word_1_280' title='bbox 81 2222 216 2248; x_wconf 91' lang='lat' dir='ltr'><strong>versus</strong></span> <span class='ocrx_word' id='word_1_281' title='bbox 248 2211 439 2261; x_wconf 88' lang='lat' dir='ltr'><strong>sequentis</strong></span> <span class='ocrx_word' id='word_1_282' title='bbox 477 2212 710 2262; x_wconf 85' lang='lat' dir='ltr'><strong>irrepserint.</strong></span> <span class='ocrx_word' id='word_1_283' title='bbox 770 2212 866 2250; x_wconf 84' lang='lat' dir='ltr'><strong>Nam</strong></span> <span class='ocrx_word' id='word_1_284' title='bbox 897 2212 1124 2259; x_wconf 90' lang='lat' dir='ltr'><strong>Lambinus,</strong></span> <span class='ocrx_word' id='word_1_285' title='bbox 1164 2208 1225 2265; x_wconf 73' lang='lat' dir='ltr'><strong>qin</strong></span> <span class='ocrx_word' id='word_1_286' title='bbox 1255 2228 1322 2264; x_wconf 90' lang='lat' dir='ltr'><strong>pro</strong></span> <span class='ocrx_word' id='word_1_287' title='bbox 1351 2215 1406 2251; x_wconf 90' lang='lat' dir='ltr'><strong>eis</strong></span> <span class='ocrx_word' id='word_1_288' title='bbox 1437 2215 1524 2252; x_wconf 93' lang='lat' dir='ltr'><strong>sub-</strong></span> 
     </span>
     <span class='ocr_line' id='line_1_36' title="bbox 84 2265 1522 2314; baseline 0.003 -12"><span class='ocrx_word' id='word_1_289' title='bbox 84 2265 203 2302; x_wconf 81' lang='lat' dir='ltr'><strong>stituit</strong></span> <span class='ocrx_word' id='word_1_290' title='bbox 232 2272 278 2304; x_wconf 69' lang='grc' dir='ltr'><strong>αῖ</strong></span> <span class='ocrx_word' id='word_1_291' title='bbox 302 2267 469 2312; x_wconf 82' lang='lat' dir='ltr'><strong>animus,</strong></span> <span class='ocrx_word' id='word_1_292' title='bbox 502 2267 701 2305; x_wconf 87' lang='lat' dir='ltr'><strong>occultavit</strong></span> <span class='ocrx_word' id='word_1_293' title='bbox 729 2268 880 2314; x_wconf 89' lang='lat' dir='ltr'><strong>vitium,</strong></span> <span class='ocrx_word' id='word_1_294' title='bbox 923 2282 994 2306; x_wconf 91' lang='lat' dir='ltr'><strong>non</strong></span> <span class='ocrx_word' id='word_1_295' title='bbox 1027 2269 1188 2306; x_wconf 89' lang='lat' dir='ltr'><strong>sustulit.</strong></span> <span class='ocrx_word' id='word_1_296' title='bbox 1251 2269 1300 2307; x_wconf 89' lang='lat' dir='ltr'><strong>Et</strong></span> <span class='ocrx_word' id='word_1_297' title='bbox 1330 2269 1522 2307; x_wconf 89' lang='lat' dir='ltr'><strong>ridiculum</strong></span> 
     </span>
     <span class='ocr_line' id='line_1_37' title="bbox 83 2319 1525 2377; baseline 0.004 -20"><span class='ocrx_word' id='word_1_298' title='bbox 83 2326 142 2357; x_wconf 88' lang='lat' dir='ltr'><strong>est</strong></span> <span class='ocrx_word' id='word_1_299' title='bbox 171 2319 323 2367; x_wconf 89' lang='lat' dir='ltr'><strong>dicere,</strong></span> <span class='ocrx_word' id='word_1_300' title='bbox 361 2321 523 2358; x_wconf 88' lang='lat' dir='ltr'><strong>animum</strong></span> <span class='ocrx_word' id='word_1_301' title='bbox 554 2323 679 2360; x_wconf 85' lang='lat' dir='ltr'><strong>exisse</strong></span> <span class='ocrx_word' id='word_1_302' title='bbox 710 2335 757 2360; x_wconf 81' lang='lat' dir='ltr'><strong>ex</strong></span> <span class='ocrx_word' id='word_1_303' title='bbox 788 2323 965 2374; x_wconf 87' lang='lat' dir='ltr'><strong>ephebis:</strong></span> <span class='ocrx_word' id='word_1_304' title='bbox 1008 2325 1111 2375; x_wconf 89' lang='lat' dir='ltr'><strong>quasi</strong></span> <span class='ocrx_word' id='word_1_305' title='bbox 1144 2325 1255 2362; x_wconf 89' lang='lat' dir='ltr'><strong>animi</strong></span> <span class='ocrx_word' id='word_1_306' title='bbox 1286 2338 1430 2376; x_wconf 86' lang='lat' dir='ltr'><strong>quoque</strong></span> <span class='ocrx_word' id='word_1_307' title='bbox 1457 2338 1525 2377; x_wconf 88' lang='lat' dir='ltr'><strong>pu-</strong></span> 
     </span>
     <span class='ocr_line' id='line_1_38' title="bbox 82 2373 982 2428; baseline 0.006 -16"><span class='ocrx_word' id='word_1_308' title='bbox 82 2373 263 2422; x_wconf 88' lang='lat' dir='ltr'><strong>bescant,</strong></span> <span class='ocrx_word' id='word_1_309' title='bbox 296 2381 337 2413; x_wconf 94' lang='lat' dir='ltr'><strong>ut</strong></span> <span class='ocrx_word' id='word_1_310' title='bbox 364 2388 536 2427; x_wconf 84' lang='lat' dir='ltr'><strong>corpora.</strong></span> <span class='ocrx_word' id='word_1_311' title='bbox 595 2377 813 2428; x_wconf 87' lang='lat' dir='ltr'><strong>Legendum</strong></span> <span class='ocrx_word' id='word_1_312' title='bbox 845 2386 982 2425; x_wconf 89' lang='lat' dir='ltr'><strong>autem,</strong></span> 
     </span>
    </p>
   </div>
   <div class='ocr_carea' id='block_1_13' title="bbox 246 2442 1053 2494">
    <p class='ocr_par' dir='ltr' id='par_1_13' title="bbox 246 2442 1053 2494">
     <span class='ocr_line' id='line_1_39' title="bbox 246 2442 1053 2494; baseline 0.006 -15"><span class='ocrx_word' id='word_1_313' title='bbox 246 2442 436 2492; x_wconf 83' lang='lat' dir='ltr'><strong>Principio</strong></span> <span class='ocrx_word' id='word_1_314' title='bbox 468 2448 513 2481; x_wconf 79' lang='lat' dir='ltr'><strong>ut</strong></span> <span class='ocrx_word' id='word_1_315' title='bbox 537 2456 587 2481; x_wconf 75' lang='lat' dir='ltr'><strong>ex</strong></span> <span class='ocrx_word' id='word_1_316' title='bbox 616 2444 766 2494; x_wconf 80' lang='lat' dir='ltr'><strong>eplzebis</strong></span> <span class='ocrx_word' id='word_1_317' title='bbox 794 2452 920 2484; x_wconf 87' lang='lat' dir='ltr'><strong>aetate</strong></span> <span class='ocrx_word' id='word_1_318' title='bbox 949 2447 1053 2484; x_wconf 71' lang='lat' dir='ltr'><strong>exii.-</strong></span> 
     </span>
    </p>
   </div>
   <div class='ocr_carea' id='block_1_14' title="bbox 157 2548 988 2589">
    <p class='ocr_par' dir='ltr' id='par_1_14' title="bbox 157 2548 988 2589">
     <span class='ocr_line' id='line_1_40' title="bbox 157 2548 988 2589; baseline 0.006 -12"><span class='ocrx_word' id='word_1_319' title='bbox 157 2548 202 2584; x_wconf 60' lang='grc' dir='ltr'><strong>τε)</strong></span> <span class='ocrx_word' id='word_1_320' title='bbox 221 2556 251 2578; x_wconf 91' lang='lat' dir='ltr'><strong>v.</strong></span> <span class='ocrx_word' id='word_1_321' title='bbox 272 2550 322 2580; x_wconf 76' lang='lat'><strong>26.</strong></span> <span class='ocrx_word' id='word_1_322' title='bbox 362 2551 483 2586; x_wconf 81' lang='lat' dir='ltr'><strong>Ineptia</strong></span> <span class='ocrx_word' id='word_1_323' title='bbox 503 2550 599 2581; x_wconf 86' lang='lat' dir='ltr'><strong>etiam</strong></span> <span class='ocrx_word' id='word_1_324' title='bbox 623 2552 697 2582; x_wconf 87' lang='lat' dir='ltr'><strong>edit.</strong></span> <span class='ocrx_word' id='word_1_325' title='bbox 717 2555 836 2589; x_wconf 82' lang='lat' dir='ltr'><strong>Gryph.</strong></span> <span class='ocrx_word' id='word_1_326' title='bbox 875 2556 988 2583; x_wconf 61' lang='lat' dir='ltr'><strong>Iussi.</strong></span> 
     </span>
    </p>
   </div>
   <div class='ocr_carea' id='block_1_15' title="bbox 157 2597 1524 2638">
    <p class='ocr_par' dir='ltr' id='par_1_15' title="bbox 157 2597 1524 2638">
     <span class='ocr_line' id='line_1_41' title="bbox 157 2597 1524 2638; baseline 0.008 -18"><span class='ocrx_word' id='word_1_327' title='bbox 157 2597 226 2633; x_wconf 58' lang='lat' dir='ltr'><strong>*sa-J</strong></span> <span class='ocrx_word' id='word_1_328' title='bbox 246 2604 297 2633; x_wconf 77' lang='lat' dir='ltr'><strong>ap.</strong></span> <span class='ocrx_word' id='word_1_329' title='bbox 317 2598 411 2628; x_wconf 83' lang='lat' dir='ltr'><strong>Auct.</strong></span> <span class='ocrx_word' id='word_1_330' title='bbox 432 2601 472 2628; x_wconf 80' lang='lat' dir='ltr'><strong>ad</strong></span> <span class='ocrx_word' id='word_1_331' title='bbox 493 2601 631 2629; x_wconf 86' lang='lat' dir='ltr'><strong>Herenn.</strong></span> <span class='ocrx_word' id='word_1_332' title='bbox 651 2600 705 2629; x_wconf 81' lang='lat' dir='ltr'><strong>lib.</strong></span> <span class='ocrx_word' id='word_1_333' title='bbox 726 2603 764 2630; x_wconf 88' lang='lat'><strong>11.</strong></span> <span class='ocrx_word' id='word_1_334' title='bbox 785 2609 854 2637; x_wconf 88' lang='lat' dir='ltr'><strong>cap.</strong></span> <span class='ocrx_word' id='word_1_335' title='bbox 876 2603 926 2631; x_wconf 75' lang='lat'><strong>22.</strong></span> <span class='ocrx_word' id='word_1_336' title='bbox 948 2603 979 2637; x_wconf 99' lang='lat' dir='ltr'>S</span> <span class='ocrx_word' id='word_1_337' title='bbox 999 2602 1050 2631; x_wconf 78' lang='lat'><strong>34.</strong></span> <span class='ocrx_word' id='word_1_338' title='bbox 1075 2604 1107 2630; x_wconf 88' lang='lat' dir='ltr'><strong>et</strong></span> <span class='ocrx_word' id='word_1_339' title='bbox 1127 2602 1227 2638; x_wconf 72' lang='lat' dir='ltr'><strong>atine,</strong></span> <span class='ocrx_word' id='word_1_340' title='bbox 1259 2609 1340 2638; x_wconf 85' lang='lat' dir='ltr'><strong>quos</strong></span> <span class='ocrx_word' id='word_1_341' title='bbox 1361 2604 1524 2631; x_wconf 84' lang='lat' dir='ltr'><strong>enumerat</strong></span> 
     </span>
    </p>
   </div>
   <div class='ocr_carea' id='block_1_16' title="bbox 82 2633 1524 2709">
    <p class='ocr_par' dir='ltr' id='par_1_16' title="bbox 82 2633 1524 2709">
     <span class='ocr_line' id='line_1_42' title="bbox 82 2633 1524 2676; baseline 0.004 -13"><span class='ocrx_word' id='word_1_342' title='bbox 82 2633 216 2664; x_wconf 86' lang='lat' dir='ltr'><strong>Bothius</strong></span> <span class='ocrx_word' id='word_1_343' title='bbox 234 2637 325 2664; x_wconf 78' lang='lat' dir='ltr'><strong>poet.</strong></span> <span class='ocrx_word' id='word_1_344' title='bbox 345 2639 438 2666; x_wconf 86' lang='lat' dir='ltr'><strong>scen.</strong></span> <span class='ocrx_word' id='word_1_345' title='bbox 457 2638 528 2666; x_wconf 81' lang='lat' dir='ltr'><strong>Lat.</strong></span> <span class='ocrx_word' id='word_1_346' title='bbox 549 2639 675 2673; x_wconf 77' lang='lat' dir='ltr'><strong>Fragm.</strong></span> <span class='ocrx_word' id='word_1_347' title='bbox 695 2639 766 2669; x_wconf 84' lang='lat' dir='ltr'><strong>Vol.</strong></span> <span class='ocrx_word' id='word_1_348' title='bbox 787 2641 811 2669; x_wconf 91' lang='lat'><strong>1.</strong></span> <span class='ocrx_word' id='word_1_349' title='bbox 831 2646 903 2676; x_wconf 76' lang='lat' dir='ltr'><strong>pag.</strong></span> <span class='ocrx_word' id='word_1_350' title='bbox 921 2642 973 2670; x_wconf 77' lang='lat'><strong>52.</strong></span> <span class='ocrx_word' id='word_1_351' title='bbox 1009 2640 1141 2676; x_wconf 67' lang='lat' dir='ltr'><strong>Legitur</strong></span> <span class='ocrx_word' id='word_1_352' title='bbox 1162 2644 1266 2670; x_wconf 84' lang='lat' dir='ltr'><strong>tamen</strong></span> <span class='ocrx_word' id='word_1_353' title='bbox 1288 2640 1396 2670; x_wconf 78' lang='lat' dir='ltr'><strong>verbis</strong></span> <span class='ocrx_word' id='word_1_354' title='bbox 1417 2644 1524 2669; x_wconf 78' lang='lat' dir='ltr'><strong>traus-</strong></span> 
     </span>
     <span class='ocr_line' id='line_1_43' title="bbox 82 2672 671 2709; baseline 0.007 -8"><span class='ocrx_word' id='word_1_355' title='bbox 82 2672 197 2708; x_wconf 77' lang='lat' dir='ltr'><strong>positis</strong></span> <span class='ocrx_word' id='word_1_356' title='bbox 215 2673 343 2709; x_wconf 67' lang='lat' dir='ltr'><strong>abiegno</strong></span> <span class='ocrx_word' id='word_1_357' title='bbox 362 2676 405 2703; x_wconf 80' lang='lat' dir='ltr'><strong>ad</strong></span> <span class='ocrx_word' id='word_1_358' title='bbox 421 2676 539 2703; x_wconf 84' lang='lat' dir='ltr'><strong>terram</strong></span> <span class='ocrx_word' id='word_1_359' title='bbox 557 2677 671 2705; x_wconf 75' lang='lat' dir='ltr'><strong>trabes.</strong></span> 
     </span>
    </p>
   </div>
   <div class='ocr_carea' id='block_1_17' title="bbox 155 2720 1470 2810">
    <p class='ocr_par' dir='ltr' id='par_1_17' title="bbox 155 2720 1470 2810">
     <span class='ocr_line' id='line_1_44' title="bbox 155 2720 517 2756; baseline 0.017 -10"><span class='ocrx_word' id='word_1_360' title='bbox 155 2720 249 2756; x_wconf 41' lang='lat' dir='ltr'><strong>xmae)</strong></span> <span class='ocrx_word' id='word_1_361' title='bbox 269 2721 373 2751; x_wconf 81' lang='lat' dir='ltr'><strong>carm.</strong></span> <span class='ocrx_word' id='word_1_362' title='bbox 393 2723 446 2752; x_wconf 89' lang='lat' dir='ltr'><strong>lv.</strong></span> <span class='ocrx_word' id='word_1_363' title='bbox 467 2723 517 2752; x_wconf 81' lang='lat'><strong>18.</strong></span> 
     </span>
     <span class='ocr_line' id='line_1_45' title="bbox 156 2768 1470 2810; baseline 0.005 -13"><span class='ocrx_word' id='word_1_364' title='bbox 156 2768 205 2806; x_wconf 77' lang='lat'><strong>†)</strong></span> <span class='ocrx_word' id='word_1_365' title='bbox 224 2770 296 2805; x_wconf 79' lang='lat' dir='ltr'><strong>lpse</strong></span> <span class='ocrx_word' id='word_1_366' title='bbox 316 2772 460 2800; x_wconf 86' lang='lat' dir='ltr'><strong>Muretus</strong></span> <span class='ocrx_word' id='word_1_367' title='bbox 478 2772 539 2801; x_wconf 85' lang='lat' dir='ltr'><strong>hoc</strong></span> <span class='ocrx_word' id='word_1_368' title='bbox 558 2771 683 2802; x_wconf 87' lang='lat' dir='ltr'><strong>nomine</strong></span> <span class='ocrx_word' id='word_1_369' title='bbox 703 2772 858 2808; x_wconf 76' lang='lat' dir='ltr'><strong>singulari</strong></span> <span class='ocrx_word' id='word_1_370' title='bbox 878 2780 956 2803; x_wconf 83' lang='lat' dir='ltr'><strong>usus</strong></span> <span class='ocrx_word' id='word_1_371' title='bbox 976 2775 1027 2802; x_wconf 86' lang='lat' dir='ltr'><strong>est</strong></span> <span class='ocrx_word' id='word_1_372' title='bbox 1045 2780 1145 2809; x_wconf 79' lang='lat' dir='ltr'><strong>supra</strong></span> <span class='ocrx_word' id='word_1_373' title='bbox 1164 2774 1219 2804; x_wconf 83' lang='lat' dir='ltr'><strong>lib.</strong></span> <span class='ocrx_word' id='word_1_374' title='bbox 1241 2774 1308 2804; x_wconf 83' lang='lat' dir='ltr'><strong>vn.</strong></span> <span class='ocrx_word' id='word_1_375' title='bbox 1328 2780 1397 2810; x_wconf 83' lang='lat' dir='ltr'><strong>cap.</strong></span> <span class='ocrx_word' id='word_1_376' title='bbox 1420 2774 1470 2804; x_wconf 78' lang='lat'><strong>21.</strong></span> 
     </span>
    </p>
   </div>
   <div class='ocr_carea' id='block_1_18' title="bbox 155 2814 1214 2904">
    <p class='ocr_par' dir='ltr' id='par_1_18' title="bbox 155 2814 1214 2904">
     <span class='ocr_line' id='line_1_46' title="bbox 155 2814 1214 2903; baseline 0.005 -57"><span class='ocrx_word' id='word_1_377' title='bbox 155 2814 389 2903; x_wconf 43' lang='lat' dir='ltr'><strong>ssffiledelph.</strong></span> <span class='ocrx_word' id='word_1_378' title='bbox 408 2820 462 2850; x_wconf 82' lang='lat' dir='ltr'><strong>IV.</strong></span> <span class='ocrx_word' id='word_1_379' title='bbox 483 2820 512 2858; x_wconf 82' lang='grc'><strong>7,</strong></span> <span class='ocrx_word' id='word_1_380' title='bbox 532 2821 572 2851; x_wconf 78' lang='lat'><strong>31</strong></span> <span class='ocrx_word' id='word_1_381' title='bbox 590 2828 637 2857; x_wconf 83' lang='lat' dir='ltr'><strong>sq.</strong></span> <span class='ocrx_word' id='word_1_382' title='bbox 677 2821 857 2852; x_wconf 80' lang='lat' dir='ltr'><strong>Bentleius:</strong></span> <span class='ocrx_word' id='word_1_383' title='bbox 878 2823 961 2852; x_wconf 82' lang='lat' dir='ltr'><strong>tuam</strong></span> <span class='ocrx_word' id='word_1_384' title='bbox 981 2829 1040 2859; x_wconf 73' lang='lat' dir='ltr'><strong>ayo</strong></span> <span class='ocrx_word' id='word_1_385' title='bbox 1060 2823 1214 2858; x_wconf 77' lang='lat' dir='ltr'><strong>ineptiam.</strong></span> 
     </span>
     <span class='ocr_line' id='line_1_47' title="bbox 193 2866 383 2904; baseline 0.005 -8"><span class='ocrx_word' id='word_1_386' title='bbox 193 2881 201 2904; x_wconf 71' lang='lat' dir='ltr'><strong>t</strong></span> <span class='ocrx_word' id='word_1_387' title='bbox 220 2882 229 2903; x_wconf 64' lang='lat'><em>4</em></span> <span class='ocrx_word' id='word_1_388' title='bbox 278 2872 310 2896; x_wconf 87' lang='lat' dir='ltr'><strong>v.</strong></span> <span class='ocrx_word' id='word_1_389' title='bbox 330 2866 383 2897; x_wconf 77' lang='lat'><strong>40.</strong></span> 
     </span>
    </p>
   </div>
   <div class='ocr_carea' id='block_1_19' title="bbox 1547 875 1611 905">
    <p class='ocr_par' dir='ltr' id='par_1_19' title="bbox 1547 875 1611 905">
     <span class='ocr_line' id='line_1_48' title="bbox 1547 875 1611 905; baseline 0.016 -1"><span class='ocrx_word' id='word_1_390' title='bbox 1547 875 1611 905; x_wconf 70' lang='lat'><strong>454</strong></span> 
     </span>
    </p>
   </div>
  </div>
 </body>
</html>
