1726 3106
187 145 268 190 150
744 143 875 185 VAR.
907 143 1061 184 LECT.

130 248 134 253 ³
190 271 298 304 rum,
335 255 403 295 sed
431 262 688 295 exsarturum.
747 254 923 307 Idemque
953 255 1004 293 ita
1032 255 1122 307 legit
1151 268 1280 294 versus
1310 255 1392 294 illos
1420 268 1468 295 ex
1494 256 1623 296 Heau-

191 314 504 353 tontimorumeno
518 308 563 363 ³il‘)
581 326 590 348 ε

105 385 167 418 158
358 379 559 422 Ancillas,
590 389 741 415 servos:
772 378 851 415 πίει·
869 390 956 423 eos,
991 377 1059 427 qui
1082 389 1193 426 opere
1221 378 1363 415 rustico

357 433 549 472 Faciundo
567 432 692 484 facile
722 433 857 471 vietum
887 433 1126 469 emurch-ent
1153 445 1256 469 suum
1273 429 1358 484 iiii).

198 505 317 543 Unum
347 505 456 542 etiam
486 504 604 542 locum
641 504 690 554 Q.
723 503 920 542 Ciceronis
935 501 1034 556 *ἢῆ
1072 505 1278 554 corrigam:
1321 506 1381 556 qui
1413 506 1448 543 in
1481 507 1628 557 optimis

196 561 357 598 omnium
386 559 618 598 Manutianis
660 560 762 597 libris
792 561 971 597 asterisco
1005 566 1150 596 notatus
1179 567 1256 599 est:
1303 559 1436 598 deinde
1469 562 1541 599 alio
1570 575 1629 601 me

197 622 426 653 convertam.
486 615 541 653 Ita
583 628 674 666 ergo
712 615 760 652 ibi
795 615 949 666 legitur:
989 616 1215 652 Praesertim
1253 629 1332 654 eum
1366 619 1479 655 multo
1509 621 1630 668 magis

197 672 417 709 irascantur
453 672 524 717 iis,
560 673 628 721 qui
651 677 814 721 negent,
854 684 962 721 quam
992 671 1062 715 iis,
1105 682 1209 719 quem
1243 672 1394 710 videant
1421 685 1465 709 ea
1495 686 1630 712 caussa

197 727 432 776 impeditum,
465 726 666 777 nefacere
697 727 797 776 quod
818 726 994 776 promisit
1024 726 1163 775 cupiat,
1193 727 1230 763 si
1256 727 1331 764 ullo
1361 728 1468 765 modo
1491 731 1629 778 possit.

196 780 417 830 Legendum
455 789 575 819 autem
603 780 774 827 videtur,
815 783 930 831 Quam
962 782 1018 826 ei,
1058 793 1162 830 quem
1201 782 1354 819 videant
1381 789 1455 821 etc.
1513 782 1634 822 Erro-

197 848 275 873 rem
318 836 456 874 obiecit
496 836 663 874 obsoleta
700 836 770 873 iam
800 834 990 873 scribendi
1022 835 1130 872 ratio,
1190 837 1257 873 Eli
1291 837 1388 874 enim
1419 837 1633 878 scribebant

197 903 264 983 Ero
295 890 389 944 ez‘·1-)
429 899 466 929 et
494 893 569 930 rez'e'
602 905 670 944 pro
699 892 782 938 rei,
825 897 863 929 et
898 890 944 928 de
980 889 1111 928 eodem
1141 903 1283 941 genere
1312 898 1440 930 cetera
1466 893 1512 931 ad
1541 907 1632 934 eun-

224 959 281 984 em
309 946 468 988 modum.

681 1053 969 1093 CAPUT
1024 1053 1152 1094 XIV.

203 1133 313 1184 Quod
345 1134 448 1185 apud
488 1134 703 1171 Ciceronem
742 1134 781 1170 z'n
810 1133 990 1183 Epz‘stolz's
1032 1132 1084 1169 ud
1108 1132 1279 1170 Atticum
1310 1133 1472 1183 legitur,
1512 1133 1554 1175 ἕν
1581 1135 1637 1175 αἶ.

620 1191 788 1241 νιγμοΐς,
820 1188 917 1225 unde
945 1194 1128 1238 sumptum
1157 1189 1221 1225 sz‘t.

200 1266 364 1325 Nowm
401 1294 489 1333 est,
541 1285 767 1325 Ciceronem
803 1287 839 1324 iu
878 1285 1064 1324 veteribus
1100 1286 1291 1336 utriusque
1335 1285 1483 1335 linguae
1520 1290 1641 1339 poe'tis

200 1340 414 1380 lectitandis
442 1343 592 1380 multum
626 1343 767 1381 fuisse:
800 1341 1006 1392 crebroque
1028 1354 1154 1378 eorum
1184 1341 1289 1377 modo
1317 1341 1500 1390 integros,
1532 1344 1641 1382 modo

202 1396 414 1437 dimidiatos
454 1411 612 1444 versuS‚
653 1397 761 1436 modo
798 1397 908 1434 etiam
948 1397 1080 1434 leviter
1122 1397 1333 1433 immutatos
1377 1397 1525 1448 seriptis
1564 1401 1642 1438 suis

200 1452 479 1492 immiscuisse:
522 1454 609 1504 quin
650 1460 687 1491 et
726 1465 985 1502 nonnunquam
1028 1465 1132 1488 unani
1162 1458 1225 1488 aut
1253 1451 1406 1488 alteram
1438 1466 1565 1491 vocem
1597 1456 1644 1493 ab

202 1509 249 1546 iis
276 1515 455 1558 sumptam
485 1521 703 1559 usurpasse,
736 1521 830 1559 quae
862 1514 983 1544 tamen
1012 1507 1122 1544 facile
1155 1506 1200 1543 ab
1220 1506 1428 1544 hominibus
1453 1508 1489 1545 in
1511 1509 1644 1549 eodem

203 1561 326 1601 studio
369 1563 466 1601 tritis
505 1570 789 1613 agnosceretur.
848 1561 942 1599 Tale
971 1569 1052 1607 est,
1093 1560 1190 1612 quod
1220 1562 1256 1598 in
1287 1560 1459 1611 Epistola
1487 1563 1644 1614 quadam

202 1617 250 1658 ad
280 1617 446 1656 Atticum
461 1617 543 1671 ††)
578 1619 724 1669 posuit,
763 1616 804 1656 ἓν
832 1616 1050 1669 αἰνιγμοῖσι..
1109 1615 1203 1653 Cum
1243 1617 1340 1653 enim
1373 1615 1542 1665 diceret,
1583 1633 1643 1669 se,

203 1674 237 1712 si
263 1673 480 1724 perfidelem
514 1674 669 1711 haberet
695 1672 952 1717 tabellarium,
984 1671 1105 1709 omnia
1130 1670 1176 1709 de
1202 1683 1282 1721 rep.
1314 1673 1537 1723 scripturum
1567 1676 1648 1726 pla-

203 1742 276 1768 ne:
313 1730 371 1767 sin
402 1729 512 1767 aliter
540 1736 669 1774 esset,
715 1724 946 1766 subobscure
979 1725 1152 1778 quidem,
1193 1726 1260 1764 sed
1289 1732 1438 1774 tamen,
1479 1737 1518 1767 ut
1544 1729 1647 1769 Aui-

203 1798 287 1823 cum
320 1785 429 1823 facile
459 1785 731 1823 intellecturum
762 1780 988 1821 confideret:
1019 1784 1062 1820 In
1093 1783 1161 1828 iis,
1206 1781 1354 1832 inquit,
1392 1786 1560 1834 epistolis
1587 1801 1645 1825 me

203 1841 396 1885 Laelium,
429 1847 464 1878 te
487 1841 642 1879 Furium
656 1837 821 1890 seciam.
885 1839 1020 1875 Cetera
1050 1844 1163 1874 erunt
1192 1835 1232 1876 ἐν
1261 1836 1478 1891 αἰνιγμοῖσι.
1536 1841 1647 1880 Sum-

204 1896 327 1946 psisse
360 1901 481 1933 autem
512 1895 582 1933 hoc
610 1894 757 1933 videtur
786 1906 834 1932 ex
861 1891 1072 1944 Euripide:
1103 1891 1200 1943 apud
1230 1905 1339 1944 quem
1367 1894 1405 1933 in
1434 1894 1566 1935 Rheso
1595 1898 1648 1937 ita

205 1950 366 2002 loquitur
395 1950 531 1988 chorus
543 1949 659 2002 †††)
681 1966 691 1988 z

430 2012 488 2055 T&
519 2012 556 2054 δ’
592 2012 664 2054 οὐκ
693 2013 734 2054 ἐν
763 2013 970 2067 αἰνιγμοῖσι
998 2011 1173 2064 σημαίνει
1201 2009 1314 2052 κακά.

427 2073 575 2122 Σαφῶς
602 2066 675 2125 γὰρ
704 2066 808 2125 αὐδᾷ
837 2065 1057 2121 συμμάχους
1086 2065 1286 2116 ὀλωλότας.

704 2177 994 2217 CAPUT
1049 2176 1147 2217 XV.

206 2257 449 2299 Proverbz'um
490 2257 698 2309 quoddam,
738 2269 810 2307 quo
851 2257 988 2295 Cicero
1027 2255 1073 2293 de
1111 2257 1312 2294 Senectute
1349 2269 1439 2295 usus
1478 2265 1557 2306 est,
1597 2274 1648 2299 em

670 2312 856 2363 Euripide
883 2317 1065 2362 sumptum
1095 2324 1188 2348 esse.

208 2390 481 2450 PmNcu’mM
521 2411 607 2449 libri
651 2410 697 2449 de
745 2410 948 2448 Senectute
995 2422 1016 2447 e
1063 2410 1181 2461 primo
1218 2409 1388 2450 Platonis
1435 2415 1649 2456 Πολιτειῶν

119 2483 181 2515 159
209 2480 326 2520 prope
371 2466 417 2504 ad
455 2468 609 2505 verbum
646 2479 867 2505 conversum
903 2477 1013 2512 esse,
1056 2478 1165 2503 nemo
1199 2467 1345 2518 paulum
1383 2469 1489 2508 modo
1519 2471 1648 2510 huma-

284 2579 307 2600 π
348 2580 371 2607 1.
393 2579 407 2607 ί
450 2577 502 2607 90.

282 2578 351 2652 ἓξὲξ)
378 2599 542 2645 Be'ntleius
568 2613 647 2649 legit
672 2613 882 2649 exsere-irent,
918 2612 971 2649 qui
997 2614 1079 2642 hanc
1109 2612 1361 2644 emendationem
1386 2616 1463 2645 Iano
1482 2614 1649 2653 {Palmerio

207 2653 325 2684 tribuit.
365 2654 428 2682 Sed
450 2654 513 2682 vid.
535 2653 671 2682 Turneb.
690 2651 848 2681 Adversa
869 2653 921 2680 111.
942 2653 972 2680 5.
1012 2654 1124 2680 FAESI.

282 2692 375 2727 stt-³:³2²)
396 2699 464 2726 cap.
487 2692 535 2720 12.
558 2692 591 2727 §.
611 2691 662 2719 48.
700 2690 868 2719 Ernestius
888 2692 920 2719 et
941 2689 1098 2719 Orellius:
1120 2688 1166 2726 ei,
1188 2689 1241 2724 qui
1260 2690 1366 2730 ηεῃεε,
1391 2697 1481 2727 quam
1499 2691 1538 2727 ei,
1559 2698 1649 2728 quem

205 2729 330 2759 videant
347 2731 428 2759 iusta
448 2736 541 2758 eausa
560 2728 748 2764 impeditum.

281 2765 327 2805 Ἠ
348 2767 396 2797 Cf.
418 2766 501 2796 infra
523 2767 606 2796 Xlll.
629 2766 678 2795 18.

279 2811 354 2850 Ἠὒ
374 2811 429 2841 lib.
449 2814 488 2841 11.
508 2811 604 2848 epist.
623 2810 672 2840 19.
692 2808 833 2839 oremus
859 2816 877 2838 e
902 2808 989 2838 codd.
1010 2808 1096 2838 dedit
1116 2799 1157 2834 ἒν
1180 2800 1374 2854 αῗνξγμοῐς.

278 2852 381 2893 †††)
415 2858 448 2883 v,
469 2853 530 2882 ⁵154
550 2861 597 2889 sq.
625 2852 679 2882 ubi
705 2852 786 2884 bene
815 2859 898 2882 nunc
929 2852 1068 2889 iungitur
1095 2842 1179 2881 nid·
1207 2857 1274 2880 ουν.
1293 2855 1353 2883 cet.
