1778 3096
591 129 692 169 LlB.
723 129 812 169 XV.
873 129 991 169 CAP.
1025 129 1057 167 1.
1462 124 1542 167 327

68 239 69 242 '
98 243 270 288 omnino,
309 242 448 292 inquit,
490 245 550 278 est
578 239 676 291 quod
705 239 865 286 dicitur,
904 241 941 278 in
971 238 1078 277 nullis
1109 236 1318 276 bominibus
1345 235 1415 273 hoc
1445 242 1538 274 tem-

96 311 210 349 pore,
242 303 500 347 praeterquam
533 296 572 332 in
599 296 835 345 transalpinis
851 293 919 347 ³⁴⁹⁹),
950 300 1153 345 promptam
1185 299 1296 344 atque
1324 290 1535 341 expeditam

95 353 253 404 reperiri
283 351 419 388 Latine
449 349 622 401 loquendi
647 351 873 388 facultatem.
933 349 1008 388 Vel
1038 350 1079 395 ii,
1113 349 1174 400 qui
1207 346 1315 386 modo
1343 346 1532 395 abierunt,

94 415 134 444 ut
169 419 345 457 nusquam
384 407 421 442 in
464 405 648 456 loquendo
686 406 860 450 haerent,
912 417 1089 455 nusquam
1124 403 1305 449 titubant,
1350 414 1530 452 nusquam

93 461 296 506 offendunt,
329 467 368 498 ut
396 461 518 498 omnia
546 462 583 498 in
615 468 807 498 numerato
834 460 985 505 habent,
1015 466 1054 496 ut
1083 466 1158 496 tota
1188 471 1316 497 eorum
1345 457 1426 494 sine
1455 456 1528 493 ullo
1551 460 1614 492 311

92 516 352 567 impedimento
397 529 440 553 ac
481 516 637 553 salebris
677 515 840 553 decurrit
878 515 1012 552 oratio.
1084 513 1136 550 At
1183 514 1299 551 nostri
1339 511 1525 557 homines,

90 573 201 609 etiam
233 572 279 616 ii,
320 571 380 622 qui
410 571 480 607 sibi
511 584 531 608 e
562 569 763 608 studiorum
803 569 989 607 laboribus
1028 567 1206 619 pallorem
1238 576 1276 606 et
1305 567 1459 604 maciem
1489 573 1529 604 et

87 627 230 663 senium
262 633 545 672 contraxerunt,
570 627 600 663 si
631 624 776 676 quando
800 624 932 662 Latine
961 623 1184 674 loquendum
1215 631 1289 669 est,
1317 629 1355 658 ut
1384 622 1527 659 luctan-

87 688 170 727 tur,
201 688 241 718 ut
270 680 425 730 sudant,
455 689 495 718 ut
524 681 713 718 anbelant.
773 679 920 717 Credas
949 693 1014 717 eos
1037 692 1171 729 magna
1199 679 1236 716 vi
1264 691 1310 715 ex
1337 677 1420 714 imis
1445 677 1525 726 pul-

85 736 254 773 monibus
283 736 396 773 verba
425 748 583 782 eruere,
625 749 705 773 cum
735 735 815 772 istis
847 742 978 772 contra
1007 735 1088 772 sine
1125 734 1197 771 ulla
1228 746 1318 770 cura
1345 745 1390 769 ae
1421 732 1524 781 cogi-

84 791 223 828 tatione
252 792 352 841 iugis
383 791 561 842 quaedam
594 804 636 828 ac
668 791 776 827 beata
803 790 1020 828 Latinarum
1051 802 1180 827 vocum
1211 789 1317 838 copia
1349 787 1448 824 ultro
1475 799 1523 824 ex

84 859 150 884 ore
178 859 328 884 manare
365 859 409 884 ac
439 845 642 884 decurrere
678 845 861 883 videatur.
920 844 992 882 Est
1023 845 1118 882 istuc
1149 843 1317 895 quidem,
1355 842 1519 892 inquam,

82 902 135 938 ita
158 908 199 938 ut
225 900 341 947 dieis,
383 901 499 939 Dari:
542 900 608 939 sed
638 908 760 938 tamen
790 900 902 938 babet
940 908 978 938 et
1010 900 1116 937 Italia
1146 899 1360 951 praeclaros
1397 896 1518 942 viros,

83 957 217 1008 quique
256 964 294 994 et
322 957 557 994 ornatissime
588 957 774 1001 scribant,
820 963 858 992 et
888 954 1134 993 disertissime
1171 968 1214 992 ac
1244 952 1516 1004 copiosissime,

82 1025 165 1049 cum
196 1025 287 1062 opus
318 1019 398 1058 est,
430 1013 639 1062 loquantur.
698 1011 928 1056 Manutium,
960 1011 1100 1061 inquit,
1140 1011 1302 1047 fortasse
1333 1008 1448 1052 dieis,
1480 1013 1519 1044 et

83 1067 276 1116 Sigonium
292 1066 393 1119 Μ),
424 1074 460 1105 et
486 1067 638 1104 Petrum
664 1066 838 1103 loannem
858 1066 1051 1103 Maffeium
1066 1064 1200 1115 ἢῆ),
1229 1071 1292 1103 aut
1312 1077 1358 1102 ex
1387 1060 1519 1100 eadem

82 1121 277 1159 sodalitate
307 1135 416 1167 enm,
454 1123 558 1160 euius
587 1120 712 1158 audita
742 1128 860 1159 morte
890 1121 1048 1158 ubertim
1066 1119 1116 1172 †)
1149 1120 1216 1157 tibi
1252 1132 1369 1170 nuper
1395 1118 1519 1167 lacry-

82 1190 160 1214 mas
198 1177 274 1215 isse
313 1177 488 1222 memini,
530 1176 821 1227 Perpinianum:
862 1184 899 1214 et
931 1177 961 1213 si
992 1189 1084 1226 quos
1122 1176 1216 1212 tales
1248 1176 1310 1211 vix
1349 1172 1517 1221 singulos

80 1232 248 1281 singulae
279 1239 420 1268 aetates
451 1233 588 1269 ferunt.
650 1231 701 1268 Et
729 1232 846 1276 istos,
880 1233 1048 1281 inquam,
1080 1237 1118 1267 et
1147 1231 1261 1273 alios,
1300 1239 1517 1278 quamquam

80 1287 113 1324 is
156 1286 328 1337 quidem,
370 1299 477 1336 quem
518 1293 556 1322 tu
596 1293 783 1336 postremo
821 1287 902 1322 loco
939 1285 1160 1330 nominasti,
1205 1284 1396 1333 Hispanus
1413 1280 1517 1333 ††),

78 1356 151 1379 non
185 1342 294 1378 Italus
327 1342 416 1378 fuit:
461 1340 525 1379 sed
556 1341 606 1377 ita
635 1339 696 1377 diu
725 1340 762 1377 in
792 1340 899 1377 ltalia
927 1340 1065 1383 fuerat,
1096 1346 1136 1376 ut
1165 1352 1232 1389 pro
1262 1338 1355 1375 ltalo
1386 1336 1517 1374 haberi

78 1404 221 1448 posset.
281 1397 400 1443 Quem
433 1404 470 1433 tu
502 1397 641 1441 virum,
673 1394 792 1440 Dari,
824 1397 962 1433 utinam
993 1393 1123 1432 andire
1157 1393 1366 1445 potuisses,
1397 1403 1518 1441 neque

79 1460 134 1499 te,
165 1465 235 1503 quo
263 1458 429 1502 tempore
461 1451 524 1488 ille
555 1452 592 1488 in
621 1450 689 1488 hae
717 1451 809 1488 urbe
839 1451 1072 1501 eloquentiae
1101 1456 1299 1500 praecepta
1328 1446 1515 1490 tradebat,

79 1508 153 1545 alio
172 1508 269 1545 vitae
291 1519 432 1557 genere
457 1507 682 1556 implicatum
701 1505 785 1543 aula
805 1506 1002 1543 tenuisset.
1046 1504 1242 1554 Nunquam
1266 1504 1363 1540 enim
1391 1513 1517 1552 quem-

79 1576 186 1614 quam
214 1561 388 1607 audiisti,
429 1574 473 1599 ac
504 1574 551 1598 ne
581 1560 709 1597 audies
741 1560 913 1610 quidem,
959 1567 997 1596 ut
1026 1561 1179 1610 opinor,
1222 1559 1258 1595 in
1290 1570 1397 1608 quern
1428 1553 1517 1592 illud

80 1618 126 1655 de
146 1617 312 1655 Nestore
334 1616 516 1666 eclogium
534 1614 648 1667 †††)
679 1616 808 1653 melius
837 1615 1076 1653 conveniret:
1111 1616 1225 1652 Caius
1248 1627 1297 1650 ez·
1321 1625 1386 1650 ore
1410 1612 1517 1648 melle

79 1674 226 1711 dulcior
242 1672 396 1725 fluebat
422 1674 544 1709 oratio
559 1669 621 1722 ᾗ).
681 1669 758 1708 Sed
789 1670 874 1722 quid
905 1677 986 1715 est,
1026 1668 1123 1720 quod
1152 1675 1190 1706 tu
1220 1666 1517 1718 colloquentibus

79 1728 186 1766 nobis
226 1727 283 1765 bis
316 1735 420 1764 terve
450 1733 538 1763 nutu
567 1725 653 1763 mibi
689 1727 818 1763 nescio
858 1724 944 1776 quid
973 1725 1186 1775 significare
1223 1724 1325 1761 visus
1355 1736 1395 1760 es
1408 1720 1517 1771 **)‘?

78 1782 240 1833 Egone?
277 1783 415 1833 inquit:
460 1780 642 1819 Dolebam
676 1781 849 1820 excidere
886 1780 1071 1818 interdum
1110 1778 1302 1831 grandiori
1338 1778 1413 1823 illi,
1454 1775 1515 1827 qui

155 1887 197 1921 >³20
219 1886 238 1913 i.
260 1893 287 1914 e.
310 1884 410 1914 Gallis
432 1885 463 1911 et
484 1882 659 1912 Germanis.
698 1882 784 1911 Satis
804 1882 965 1916 magnifiee
992 1882 1103 1911 laudat
1124 1882 1267 1909 Muretus
1288 1881 1320 1908 et
1340 1881 1515 1906 Germanos

81 1927 115 1954 et
134 1927 274 1953 Polonos
299 1923 330 1950 in
351 1922 488 1956 epistola
517 1922 652 1955 quadam
672 1922 710 1949 ad
733 1922 896 1948 sacratum
927 1920 979 1947 lib.
1002 1922 1024 1948 1.
1046 1928 1094 1954 ep.
1115 1919 1165 1947 66.
1196 1919 1285 1954 [Vol.
1306 1919 1328 1946 1.
1351 1924 1422 1951 pag.
1444 1916 1515 1944 102.

80 1963 174 1992 huius
195 1961 298 1997 edit.].
338 1961 385 1987 De
410 1959 523 1986 studiis
549 1962 652 1986 autem
680 1959 864 1993 optimarum
891 1957 1054 1986 literarum
1082 1957 1164 1990 apud
1186 1957 1283 1984 Italos
1313 1961 1413 1989 paene
1434 1960 1515 1981 eva-

81 2000 282 2029 nescentibus
303 1997 443 2030 graviter
463 1995 603 2029 queritur
624 1998 701 2024 Mur.
725 1996 776 2023 Or.
798 1997 865 2024 Vol.
883 1997 919 2023 ΙΙ.
942 1996 992 2023 Or.
1017 1996 1063 2023 16.
1087 1995 1177 2029 [Vol.
1194 1995 1215 2021 1.
1238 2000 1307 2028 pag.
1329 1993 1401 2020 402.
1422 1990 1515 2018 huius

79 2038 346 2105 figlbg’edlitRAFT'
372 2048 409 2056 -
448 2033 517 2062 vid.
545 2035 671 2062 Ruhnk.
698 2033 803 2062 Praef.
841 2033 882 2061 ad
910 2034 990 2061 Mur.
1019 2033 1097 2067 Opp.
1129 2032 1197 2060 vol.
1228 2032 1250 2059 1.
1281 2037 1352 2065 pag.
1381 2030 1448 2057 XX.
1467 2035 1516 2062 sq.

154 2123 223 2158 εῑεὲε)
244 2121 378 2151 Carolus
398 2118 546 2154 sigonius
566 2121 659 2147 natus
679 2118 835 2146 Modenae
854 2124 883 2146 a.
906 2118 997 2147 1524.
1017 2118 1107 2146 mort.
1128 2123 1157 2145 a.
1180 2116 1270 2144 1585.

156 2171 248 2206 εἰκῇ-εκ)
284 2172 457 2197 [oannes
489 2168 636 2195 Petrus
670 2165 816 2200 maffeius
848 2167 912 2194 nat.
950 2165 981 2193 in
1016 2165 1131 2200 oppido
1168 2166 1322 2199 Bergamo
1359 2169 1387 2190 a.
1424 2160 1515 2189 1535.

83 2212 175 2252 mort..
194 2216 223 2237 a.
246 2208 334 2237 1605.
361 2206 477 2234 Tibure
501 2204 534 2233 in
553 2204 655 2233 Latio.
694 2204 766 2234 vid.
792 2203 917 2239 Sciopp.
947 2203 986 2232 de
1013 2204 1077 2232 stil.
1107 2203 1217 2232 histor.
1239 2208 1309 2237 pag.
1330 2202 1372 2228 58
1391 2206 1438 2232 sq.
1466 2198 1516 2226 ed.

82 2249 202 2332 habt—l.)
221 2292 416 2322 Vocabulum
436 2298 497 2319 non
515 2297 651 2325 aureae,
672 2289 729 2317 sed
751 2290 899 2323 posterae
919 2288 1045 2317 aetatis.
1085 2290 1213 2317 Petron.
1234 2294 1302 2320 cap.
1325 2285 1394 2314 134.
1421 2284 1519 2312 lacri-

83 2334 141 2362 mis
161 2332 289 2360 ubertim
308 2330 508 2357 manantibus.
547 2329 657 2363 Atque
677 2327 822 2356 similiter
842 2327 881 2355 de
901 2326 1059 2363 lacrimis,
1081 2333 1163 2361 quae
1183 2325 1371 2359 funduntur,
1401 2324 1519 2350 suem—

84 2371 156 2400 nius
176 2372 207 2397 et
223 2367 411 2402 Appuleius.

163 2416 234 2454 ᾧῷ)
255 2418 389 2444 loannes
410 2415 524 2442 Petrus
542 2411 768 2447 Papinianus,
792 2411 943 2440 oriundus
963 2410 1063 2439 ulicis
1085 2408 1242 2446 (Eu-he),
1263 2408 1378 2444 oppido
1398 2408 1518 2436 Valen-

88 2457 168 2490 eiae,
190 2461 218 2482 a.
235 2453 323 2481 15:30.
344 2454 434 2480 mort.
454 2458 482 2479 a.
500 2450 589 2479 1566.
620 2450 696 2478 Eius
716 2450 755 2478 ad
773 2451 930 2477 muretum
946 2449 1109 2483 Epistolae
1129 2449 1276 2482 leguntur
1294 2448 1371 2480 opp.
1392 2447 1479 2472 Toni.
1497 2446 1518 2471 l„

88 2500 161 2529 pag.
181 2490 362 2519 458—462.
402 2490 450 2517 De
471 2489 580 2516 eodem
601 2486 806 2515 Ruhnkenius
826 2486 931 2515 Praef.
952 2487 992 2514 ad
1014 2488 1093 2513 Mur.
1115 2485 1194 2520 Opp.
1214 2486 1283 2513 Vol.
1305 2486 1327 2511 1.
1350 2489 1420 2516 pag.
1437 2483 1517 2524 ΧῌΙ.

88 2528 365 2600 ὴυὲἳέῃῗᾋΐςὶδιζῖῗ,
386 2528 446 2555 nisi
465 2527 497 2554 z'n
516 2526 613 2554 medio
632 2526 732 2559 spacio
751 2525 937 2559 corruisset,
956 2524 1017 2559 ipsi
1035 2524 1164 2552 ercto
1181 2523 1313 2558 palmam
1332 2521 1522 2555 eloquentcae

89 2571 130 2598 du
166 2613 266 2652 †-'s†]
289 2612 335 2641 cf.
356 2619 452 2646 supra
470 2611 523 2639 lib,
544 2611 595 2639 111.
617 2616 684 2644 cap.
706 2610 754 2637 13.
775 2609 827 2637 XI.
850 2610 898 2638 13.

169 2668 212 2702 ἐκ)
240 2666 334 2699 Apud
362 2667 451 2694 llom.
471 2663 562 2694 Iliad.
581 2665 604 2691 1.
625 2662 696 2690 249.
730 2660 802 2690 Τοῦ
827 2658 888 2691 καὶ
915 2654 986 2691 ἀπὸ
1011 2654 1173 2702 γλώσσης
1197 2658 1342 2701 μέλιτος
1365 2656 1524 2699 γλυκίων

97 2712 176 2755 ῥέεν
201 2704 307 2747 αὐδή.
346 2710 410 2738 Cic.
430 2710 468 2737 de
489 2710 612 2737 senect.
632 2714 700 2741 cap.
724 2708 772 2735 10.
793 2709 825 2740 §-
839 2709 891 2735 ³1.
926 2708 1054 2741 munim,
1076 2708 1106 2734 nl
1127 2708 1170 2734 ait
1190 2708 1352 2739 Homerus,
1375 2714 1423 2734 επ
1442 2706 1527 2733 eins

97 2758 234 2790 lz'nyua
254 2750 366 2778 melle
384 2750 543 2778 dulcior
561 2747 717 2782 fluebat
738 2748 875 2774 oratio.
917 2746 964 2775 cs.
986 2746 1127 2774 eiusdem
1148 2747 1233 2774 Orat.
1254 2754 1321 2779 cap.
1342 2747 1370 2775 9.
1392 2749 1423 2780 §.
1445 2748 1494 2775 32.

175 2801 242 2833 -ῇι-εῑὲ)
263 2799 315 2826 stc
336 2801 419 2825 recte
440 2799 512 2832 post
527 2798 694 2824 Gruterum
713 2794 921 2825 Rutunkenius
941 2802 996 2830 pro
1015 2797 1071 2833 est,
1089 2795 1173 2830 quod
1194 2802 1236 2823 ex
1256 2794 1329 2824 edit.
1344 2795 1441 2831 bugd.
1458 2795 1528 2825 Bai.

103 2840 193 2872 1586.
214 2838 245 2866 in
265 2836 456 2866 Woltianam
474 2833 611 2870 irrepsit.
