1778 3096
509 137 610 176 LIB.
637 137 750 177 XIX.
810 136 928 176 CAP.
961 137 1050 177 VII.
1420 137 1502 179 459

64 244 241 286 dividam.
301 246 408 286 Libri
452 248 739 286 circnmsoranei
779 249 830 285 ita
867 247 1005 286 habent
1022 243 1094 299 Ὃς
1145 247 1221 284 Seu
1246 245 1358 296 fiolis
1395 249 1501 286 novis

63 303 244 340 versibus.
298 304 426 341 Simile
454 311 533 349 est,
566 305 666 354 quod
686 303 871 355 παροιμία
899 305 1052 341 dicitur.
1113 300 1166 339 At
1196 313 1300 338 meus
1327 309 1432 339 recto
1462 309 1502 339 et

62 369 175 394 vere:
220 359 296 395 Seu
322 359 418 408 ficti
447 361 547 397 notis
584 359 753 397 versibus
787 360 950 396 similes.-
997 357 1097 407 quod
1129 356 1305 410 παρῳδία
1342 357 1495 394 dieitur.

61 410 147 449 Hoc
177 412 209 450 si
243 413 323 463 quis
356 414 454 452 forte
492 428 565 452 non
600 414 692 451 satis
723 413 917 464 intelligit,
956 412 1126 450 consulat
1153 411 1391 450 Athenaeum
1405 409 1496 464 ἢᾖε).

555 554 837 596 CAPUT
899 554 1001 595 VII.

115 634 221 672 Male
249 636 423 674 omittatis
453 635 578 673 verbis
605 636 674 673 uti.
735 635 916 672 Horatius
949 640 988 671 et
1020 634 1216 672 Terentius
1245 633 1444 672 illustrati.

435 693 577 728 Versus
602 690 723 728 Ennii
747 690 913 727 numeris
941 691 1122 727 restituti.

58 767 181 827 DIXI
208 791 300 829 alias
315 789 416 842 ἢῆ)
455 790 500 829 de
530 790 800 830 consuetudine
830 798 998 829 veterum
1040 787 1199 827 addendi
1238 801 1500 840 nonnunquam

60 844 218 883 litteram
249 846 288 883 D
317 846 363 884 ad
391 860 527 894 voces,
561 861 713 898 quarum
743 847 871 885 ultima
901 847 1023 883 littera
1052 844 1191 882 vocalis
1222 851 1346 890 esset,
1392 857 1499 895 prae-

62 901 190 938 sertim
230 902 261 938 si
298 910 520 953 sequeretur
551 903 674 940 statim
715 903 786 940 alia
821 916 914 947 vox,
959 912 1052 952 quae
1081 913 1101 936 a
1129 900 1250 937 vocali
1289 900 1498 950 inciperet:

60 954 330 1007 legendumque
361 956 444 994 ideo
473 957 567 1009 apud
591 958 804 1004 Horatium,
836 957 959 996 males!
987 956 1161 993 ominatis
1182 956 1333 993 Parcite
1362 955 1498 992 verbis.

62 1008 155 1047 Cum
194 1019 316 1049 autem
356 1020 393 1050 et
434 1013 493 1050 alii
512 1013 562 1066 †)
605 1013 746 1052 vidisse
786 1025 826 1050 se
866 1012 991 1050 testati
1028 1011 1123 1056 sint,
1167 1017 1206 1048 et
1235 1011 1316 1060 ipse
1346 1009 1502 1048 viderim

60 1072 226 1104 vetustos
265 1067 441 1118 quosdam
477 1069 614 1114 libros,
657 1069 693 1106 in
731 1068 862 1120 quibus
901 1073 958 1104 est
988 1068 1108 1104 malea
1144 1066 1342 1112 ominatis,
1384 1066 1502 1102 visum

61 1127 142 1167 est,
181 1129 221 1159 ut
250 1135 463 1170 monerem,
497 1138 568 1161 non
598 1131 720 1161 tamen
752 1130 951 1174 propterea
981 1119 1178 1171 legendum
1209 1122 1305 1158 male
1334 1122 1502 1158 nomina-

61 1177 135 1222 tis,-
164 1183 267 1215 certe
297 1179 395 1216 enim
424 1181 619 1217 nominare
646 1179 761 1217 verba
793 1191 898 1216 nemo
928 1176 1038 1222 dixit,
1065 1176 1126 1226 qui
1158 1182 1261 1212 recte
1287 1174 1502 1213 emendate-

61 1243 132 1280 que
170 1232 407 1282 loqueretur:
465 1234 529 1271 sed
569 1235 689 1284 potius
728 1235 849 1272 molen
891 1233 1079 1270 omittatis.
1147 1229 1264 1267 Modo
1303 1231 1403 1267 enim
1442 1231 1501 1267 lit-

59 1292 142 1324 tera
173 1286 235 1335 D,
282 1287 389 1326 modo
427 1289 551 1326 littera
585 1288 624 1325 N
666 1288 713 1326 ad
747 1287 934 1325 vitandum
977 1287 1114 1323 hiatum
1155 1285 1369 1322 utebantur.
1435 1284 1502 1323 Sic

61 1354 143 1379 cum
173 1349 316 1381 rectum
347 1345 396 1381 sit
425 1346 536 1395 atqui
568 1350 606 1381 et
636 1345 798 1393 alioqui,
841 1348 1019 1393 sequente
1049 1348 1172 1378 tamen
1213 1340 1332 1377 vocali
1371 1342 1501 1391 atquin

61 1404 99 1434 et
135 1398 302 1449 alioquin
345 1398 443 1451 apud
485 1406 635 1438 veteres
684 1411 796 1450 saepe
836 1398 1019 1449 reperias.
1088 1395 1141 1433 Et
1183 1394 1269 1434 inde
1317 1402 1376 1433 est
1412 1393 1502 1433 illud

58 1451 181 1490 Plauti
197 1452 297 1505 ††)2

172 1532 201 1569 0
230 1531 428 1578 Callicles,
461 1544 482 1569 ο
514 1533 707 1578 Callicles,
740 1545 762 1569 0
791 1531 980 1577 Callicles,

174 1588 308 1635 Qualia
338 1589 459 1625 amico
487 1601 569 1626 mea
598 1588 852 1625 commendavi
878 1585 1004 1624 bona?

58 1660 112 1700 Et
138 1663 256 1701 fuisse
288 1662 465 1714 quandam
497 1677 625 1702 earum
647 1665 853 1702 litterarum
882 1670 1042 1701 mutuam
1068 1661 1312 1708 functionem,
1337 1657 1502 1698 ostendit

60 1716 231 1756 Donatus
262 1719 299 1756 in
329 1719 415 1757 illud
448 1733 495 1758 ex
522 1720 751 1757 Phormione
766 1718 900 1772 †††),

172 1797 268 1846 Quia
294 1810 369 1834 non
392 1803 473 1835 rete
501 1798 679 1848 accipitri
705 1798 894 1842 tenditur,
927 1809 1046 1846 neque
1073 1795 1210 1832 milvio.

59 1875 243 1923 Legitur,
273 1874 413 1925 inquit,
446 1881 487 1912 et
513 1876 705 1912 tennicur:
746 1875 861 1912 habet
884 1875 980 1911 enim
1009 1874 1052 1912 N
1076 1873 1205 1910 littera
1233 1884 1313 1908 eum
1344 1872 1378 1908 D
1404 1884 1502 1909 com-

59 1930 280 1968 munionem.
335 1929 386 1966 Et
416 1936 517 1966 certe
550 1929 733 1979 hodieque
763 1930 896 1979 vulgus
924 1929 1160 1973 Tiburtium,
1194 1926 1501 1964 Interamnatium

61 1991 100 2021 et
128 1985 284 2021 aliorum
313 1984 540 2035 quorundam
572 1998 638 2034 pro
665 1984 705 2022 N
725 1984 761 2022 D
792 1984 928 2035 duplex
950 1983 985 2021 N
1016 1983 1231 2034 pierumque
1263 1983 1498 2031 pronunciat.

60 2039 146 2077 Hoc
174 2040 289 2089 igitur
318 2053 389 2076 non
421 2039 611 2089 indignum
648 2041 766 2077 visum
799 2047 857 2078 est
887 2039 1162 2077 observatione.
1222 2036 1298 2073 Sed
1329 2038 1501 2088 quoniam

59 2094 169 2145 paulo
200 2095 297 2132 infra
325 2107 406 2132 eum
440 2095 559 2132 locum
577 2093 622 2147 ᾗ)
655 2096 745 2133 citat
772 2094 942 2133 Donatus
976 2106 1108 2132 versus
1138 2091 1313 2142 quosdam
1345 2106 1365 2130 e
1394 2100 1502 2130 sexto

60 2149 279 2201 Satyrarum
308 2148 445 2194 Ennii,
489 2163 580 2201 quos
612 2163 727 2202 prope
757 2151 923 2200 integros
952 2150 990 2187 in
1019 2148 1179 2186 fabulam
1211 2161 1312 2184 suam
1340 2155 1502 2185 transtu-

59 2205 145 2243 lerit
171 2205 395 2251 Terentius,
431 2205 529 2256 iique
555 2206 663 2256 vulgo
691 2206 897 2257 perturbati
927 2219 970 2243 ac
999 2202 1166 2241 mendosi
1199 2203 1396 2252 leguntur,
1435 2202 1502 2241 de-

61 2259 219 2298 scribam
249 2273 315 2298 eos
345 2261 417 2306 ita,
453 2267 493 2298 ut
520 2260 699 2312 legendos
727 2268 832 2314 puto.
891 2260 988 2299 Sunt
1017 2260 1132 2310 igitur
1162 2257 1199 2295 hi
1213 2255 1309 2309 9Η)

135 2393 178 2429 ἔκ)
206 2394 236 2429 S.
256 2394 307 2423 97.
347 2395 426 2424 Cum
453 2396 578 2423 Mureto
607 2394 725 2424 faciunt
754 2393 963 2430 spaldingius
991 2394 1024 2422 et
1053 2390 1274 2429 Gernhardus‚
1305 2392 1363 2420 sed
1389 2392 1505 2422 deinde

60 2435 228 2465 ediderunt
246 2444 345 2471 quae
372 2432 544 2477 παρῳδία
564 2439 625 2465 cet.

135 2489 204 2524 δῖε-τὲ)
226 2488 279 2517 lib.
299 2490 367 2518 XV.
388 2496 459 2524 pag.
479 2490 551 2518 698.
569 2490 604 2517 Β.
626 2490 659 2518 et
679 2488 809 2524 passim.
849 2489 961 2516 FAESI.

135 2536 228 2571 *xz-12³]
250 2537 318 2566 Vid.
341 2545 438 2573 supra
457 2538 511 2566 lib.
532 2538 599 2566 XV.
620 2545 688 2572 cap.
710 2537 759 2566 19.

136 2584 182 2622 †)
203 2588 237 2614 ut
256 2586 446 2623 Lambinus,
469 2585 522 2620 qui
543 2585 638 2614 etiam
657 2585 821 2613 nominatis
841 2582 979 2617 scripsit.
1018 2583 1131 2612 FAest.

135 2633 210 2672 ἦῆ)
232 2634 370 2663 Trinum.
390 2636 443 2663 IV.
464 2634 494 2668 4,
517 2636 546 2663 2.
585 2634 680 2668 Apud
700 2635 858 2661 muretum
879 2631 1172 2675 ineptelegra-{benur¹
1189 2630 1290 2673 animo
1311 2638 1366 2665 pro
1392 2631 1500 2667 amico,

60 2673 144 2747 ggogu
157 2680 216 2739 1εῶ
218 2673 342 2738 ὃιῗιειιιῐο
362 2673 502 2703 correxit
521 2672 657 2702 Faesius
676 2672 749 2701 coll.
763 2672 844 2699 Mur.
861 2670 967 2699 schol.
987 2677 1019 2698 m
1034 2670 1099 2700 Ulc.
1114 2669 1253 2703 Pmllpp.
1269 2670 1346 2704 opp.
1363 2671 1448 2699 Tom.
1464 2672 1503 2699 ιι.

137 2756 238 2796 -ξ--Ηῦ
257 2759 297 2786 11.
318 2758 353 2796 ²,
376 2758 427 2789 16.

136 2806 180 2841 *J
200 2806 240 2835 ad
260 2813 292 2835 v.
312 2805 363 2836 25.

140 2854 210 2892 *et-J
228 2855 299 2886 vid.
320 2854 413 2885 Ennii
433 2856 559 2892 Fragm.
580 2855 629 2885 od.
650 2854 776 2887 Hessel.
798 2860 870 2892 pag.
892 2852 962 2885 189.
982 2851 1020 2883 cf.
1041 2851 1114 2883 ibid.
1134 2858 1206 2889 pag.
1225 2852 1297 2882 335.

1527 1663 1590 1693 484
