1726 3106
224 154 306 197 114
788 155 917 195 VAR.
953 155 1109 197 LECT.

227 267 462 305 inscientiam
499 266 573 304 sibi
613 266 833 318 exprobrari
870 274 1046 319 putaret:
1099 276 1235 320 purgat
1275 282 1316 308 se
1359 269 1538 308 Socrates
1577 270 1677 309 alli-r-

227 329 402 373 matquc,
444 334 486 359 se
517 321 609 359 nihil
639 335 794 373 prorsus
826 324 901 362 talc
927 325 965 361 in
995 337 1077 361 eum
1109 323 1260 363 dicere:
1308 326 1425 376 ipsum
1457 338 1541 364 esse
1573 325 1678 365 Alei-

230 377 410 423 biadem,
453 377 514 427 qui
558 375 604 414 de
643 390 685 415 se
727 379 923 418 fateretur.
984 379 1040 417 lta
1080 387 1201 417 autem
1232 381 1394 432 loquitur
1408 379 1476 430 ’ἥς
1524 377 1577 419 Τὸ
1610 397 1680 421 του

230 429 452 483 Εὐριπίδου
489 428 564 484 ἄρα
603 434 825 485 συμβαίνει,
865 435 895 474 ὠ
918 431 1161 503 Ἀλκιβιάδη·
1200 439 1271 475 σοῦ
1302 433 1392 476 τάδε
1430 433 1680 484 κινδυνεύεις,

233 485 316 527 ἀλλ’
369 484 443 526 οὐκ
478 485 571 538 ἐμοῦ
612 486 838 540 ἀκηκοέναι·
875 487 962 530 οὐδ’
998 487 1070 542 ἐγώ
1107 490 1182 541 εἰμι
1216 488 1238 530 6
1264 494 1382 530 ταῦτα
1411 490 1552 545 λέγων,
1588 489 1683 531 ἀλλὰ

146 562 208 593 119
236 539 303 583 σύ·
332 541 397 594 ἐμὲ
421 539 462 582 δὲ
488 542 592 597 αἰτιᾷ
618 541 751 596 μάτην.
809 545 890 584 Usu
921 546 1037 592 venit,
1069 546 1208 596 inquit,
1241 547 1374 593 nobis,
1413 561 1434 584 ο
1467 547 1681 597 Alcibiade,

236 598 274 637 id
304 597 402 650 quod
435 599 490 636 ait
519 583 739 651 Euripides.
795 601 1009 639 Periculum
1052 607 1134 647 est,
1174 613 1221 639 ne
1249 609 1288 639 tu
1311 615 1358 640 ex
1389 609 1427 640 te
1458 604 1539 654 ipso
1571 603 1681 649 haec,

236 667 311 693 non
341 666 390 692 ex
419 666 501 700 me,
534 654 687 693 audias:
722 669 843 707 neque
874 670 945 707 ego
978 669 1056 694 sum
1089 656 1197 694 huius
1226 658 1410 695 sermonis
1437 665 1585 703 auctor,
1618 655 1685 696 sed

236 717 292 748 tu.
351 708 419 748 Me
449 716 572 747 autem
602 711 743 749 frustra
771 712 935 750 incusas.
999 711 1107 759 Quae
1137 712 1266 759 verba,
1299 713 1329 749 si
1361 714 1442 764 quis
1473 714 1568 750 forte
1600 720 1686 750 avet

240 765 366 811 scire,
404 777 513 816 quem
556 764 604 803 ad
640 767 760 804 locum
801 766 996 818 Euripidis
1031 768 1268 804 referantur:
1312 768 1413 818 legat
1442 767 1685 820 Hippolytum

241 827 473 859 coronatum.
533 819 590 858 Ibi
621 821 721 859 enim
753 821 821 860 hos
851 836 984 861 v·c1sus
1014 823 1182 873 reperiet
1195 819 1295 875 «ἢκ

356 900 421 951 Τρ.
485 896 532 936 Τι’
560 895 663 954 φῄς,·
693 897 814 968 ἐρᾷς,
836 915 867 938 ω
893 898 1046 948 τέκνον,
1075 895 1294 951 ἀνθρώπων
1321 896 1446 949 τινός;

355 954 445 993 Φαι.
474 939 609 1000 Όςτις
636 952 733 994 ποθ’
764 955 879 1001 οὗτος
910 952 999 994 ἔσθ’
1033 951 1055 994 6
1079 970 1148 1006 της
1165 951 1391 1020 Ἀμαζόνος.

359 1011 424 1061 Τρ.
481 1004 705 1049 Ἱππόλυτον
733 1007 878 1065 αὐδᾷςς
910 1012 1000 1051 Φαι.
1030 1013 1101 1050 σοῦ
1129 1006 1213 1050 τάδ’
1229 1041 1240 1060 ,
1270 1007 1343 1051 οὐκ
1373 1009 1467 1061 ἐμοῦ
1497 1005 1632 1057 κλύεις.

320 1143 364 1180 *J
385 1150 457 1179 pag.
479 1144 549 1173 113.
573 1144 608 1174 c.
617 1145 663 1174 st.

322 1198 391 1234 ὴὲ)
419 1205 450 1227 v.
469 1198 532 1227 350
554 1206 622 1234 sqq.
661 1190 946 1242 Ροεῐ-Ἀμαζόνος
965 1199 1124 1229 instinctio
1152 1199 1311 1238 tollenda,
1345 1199 1491 1236 quonlam
1524 1197 1692 1228 Phaedrae

248 1243 427 1268 sermonem
451 1236 651 1273 interrumpit
671 1236 791 1267 nutrix.
