1778 3096
508 154 606 194 LIB.
639 154 748 196 XIV.
810 153 928 194 CAP.
960 154 1034 194 111.
1412 154 1494 198 307

50 275 157 308 sunt:
190 274 231 306 ut
258 279 304 306 eo
331 263 438 304 modo
466 266 586 304 ceteri
613 271 801 317 emptores
830 263 1068 304 inducantur.
1126 262 1251 316 Atque
1277 263 1348 303 hoc
1377 276 1490 316 saepe

49 325 133 362 fieri
161 322 330 362 vidimus.
377 320 536 371 Emptor
564 328 684 358 autem
713 333 794 365 cur,
826 332 980 370 quaeso,
1010 332 1244 372 quemquam,
1270 320 1331 370 qui
1357 327 1489 358 eontra

49 387 88 417 te
119 379 274 416 liceatur
288 376 361 429 ³7⁶),
392 375 578 426 apponat?
627 375 669 413 Id
699 376 797 412 enim
827 376 858 411 si
889 376 1016 421 faciat,
1049 375 1212 412 obstabit
1240 375 1333 413 sibi:
1364 388 1486 426 neque

50 434 121 472 hoc
151 432 295 470 dubium
327 438 408 476 est,
442 432 527 481 quin
556 431 615 482 qui
647 442 773 468 emere
803 429 940 480 aliquid
971 430 1068 476 vult,
1097 429 1186 468 illud
1213 431 1335 481 potius
1359 437 1488 481 optare

49 488 203 532 debeat,
238 494 277 523 ut
306 499 438 532 nemo,
473 487 533 536 qui
565 492 694 523 contra
720 484 826 522 liceri
862 485 972 530 velit,
1009 486 1233 535 reperiatur.
1296 486 1424 533 Quare
1455 486 1489 523 si

49 544 110 592 qui
144 549 271 579 contra
303 553 343 578 se
374 541 532 579 liceatur
560 546 734 591 opponat,
766 552 839 576 nou
871 539 942 576 sibi
972 540 1156 585 consulet,
1188 539 1254 577 sed
1284 539 1485 578 venditori.

48 596 148 644 Quid
175 597 290 646 igitur
317 595 402 633 est?
451 595 570 633 Multa
601 595 645 632 ab
667 595 749 632 istis
776 594 1112 646 παραδιορθωταῖς
1139 595 1248 633 allata
1269 602 1368 641 sunt,
1393 608 1488 647 quae

45 653 109 703 qui
139 657 312 689 accurate
342 651 519 688 refellere
549 651 658 695 velit,
699 648 878 687 ridiculus
910 651 979 686 sit:
1023 650 1072 686 ita
1105 657 1191 686 sunt
1219 648 1375 688 ridicula
1405 652 1488 702 ipsa

47 714 86 744 et
113 707 223 744 levia.
282 705 484 743 Peccatum
521 706 579 743 hic
619 711 699 749 est,
745 711 785 741 ut
820 711 858 742 et
897 704 933 742 in
962 704 1045 742 aliis
1086 704 1189 741 libris
1219 717 1331 755 saepe
1372 711 1410 743 et
1447 706 1486 743 in

46 761 250 799 Pandectis
284 760 512 798 Florentinis
551 760 789 811 saepissime,
835 766 873 797 ut
901 759 1015 797 semel
1055 765 1194 797 tantum
1233 761 1377 811 positae
1414 761 1489 797 sint

47 817 218 862 litterae,
269 828 359 865 quas
402 816 585 865 geminari
623 814 829 865 oportebat.
894 812 1113 865 Legendum
1155 815 1251 852 enim
1294 822 1374 860 est,
1425 816 1494 866 qui

48 878 182 909 contra
221 884 262 908 se
281 868 354 921 ἢ)
394 872 579 915 le‘ccalur,
626 869 662 907 id
700 875 780 915 est,
821 871 889 919 qui
912 878 1047 908 contra
1085 883 1169 908 asse
1198 871 1375 908 le‘ceatur.
1435 869 1489 907 Ut

48 927 146 964 enim
182 924 353 963 venditor
388 923 517 962 dolose
553 925 726 975 apponit,
769 925 831 975 qui
861 924 975 974 pluris
1007 924 1212 971 liceantur,
1251 926 1302 962 ita
1342 931 1489 976 emptor

47 982 109 1032 qui
139 981 315 1018 minoris:
357 986 395 1017 ut
434 979 504 1016 sibi
544 980 691 1017 facilius
724 991 787 1017 res
826 978 1033 1017 addicatur.
1092 982 1225 1019 Assem
1261 987 1383 1019 autem
1422 992 1489 1030 pro

48 1037 199 1073 minimo
230 1035 349 1086 pretio
389 1041 537 1073 veteres
568 1047 681 1085 saepe
719 1033 916 1072 dicebant:
961 1047 1079 1085 eoque
1109 1035 1259 1072 nomine
1297 1036 1334 1072 in
1377 1035 1489 1072 rebus

48 1089 294 1128 extenuandis
340 1096 377 1127 et
425 1088 647 1127 abiiciendis
692 1088 905 1127 utebantur.
984 1089 1164 1128 Socrates
1209 1089 1306 1140 apud
1345 1090 1491 1128 Varro-

47 1158 130 1183 nem
147 1142 273 1193 ***).
304 1145 402 1182 Asse
430 1146 569 1191 vinum,
593 1157 677 1182 asse
700 1145 1006 1194 pulmentarium.
1061 1144 1155 1182 Cato
1174 1143 1248 1196 †):
1285 1145 1394 1194 Quod
1416 1157 1490 1182 non

47 1213 139 1250 opus
169 1206 246 1244 est,
290 1211 373 1235 asse
401 1212 530 1236 curum
561 1206 630 1238 est.
690 1199 732 1237 Iu
764 1197 908 1236 ludicro
946 1201 1115 1249 poemate
1134 1198 1240 1250 ††):
1279 1201 1365 1238 Non
1394 1200 1492 1236 assis

37 1255 217 1307 faciunt,
254 1260 415 1303 euntque
453 1260 572 1291 recta.
634 1253 803 1291 Catullus
819 1252 959 1304 †††:)
1008 1256 1139 1291 Omnes
1168 1254 1278 1290 unius
1319 1255 1491 1290 aestime-

48 1323 128 1347 mus
148 1311 257 1347 assis.
303 1307 482 1345 Horatius
497 1305 566 1358 ἢκ
598 1310 640 1346 In
659 1309 781 1346 trz’vz'z's
796 1308 925 1357 fioeum
948 1309 1016 1357 qui
1031 1321 1071 1345 se
1096 1309 1257 1346 demittit
1279 1307 1324 1345 ob
1353 1321 1487 1346 assem.

44 1363 200 1402 Persius
215 1361 312 1416 **):
345 1364 395 1401 El
418 1369 564 1400 centum
593 1365 758 1401 Graecos
780 1369 888 1400 curto
911 1368 1080 1400 centusse
1101 1364 1250 1401 licetur.
1300 1366 1401 1401 Asse
1423 1364 1494 1413 igi-

48 1426 109 1457 tur
137 1421 247 1458 liceri
269 1425 326 1456 est
357 1419 514 1468 pretium
540 1418 598 1455 rei
625 1424 830 1456 extenuare
863 1424 902 1455 et
925 1417 1113 1463 abiicere3
1147 1416 1244 1467 quod
1274 1419 1335 1468 qui
1362 1418 1491 1463 faciat,

48 1476 80 1512 si
123 1481 267 1525 emptor
306 1480 489 1523 apponat,
541 1472 709 1523 improbe
748 1485 830 1510 eum
867 1473 1049 1510 facturum
1091 1472 1231 1510 Cicero
1272 1479 1389 1523 putat.
1449 1473 1494 1510 ln

49 1528 180 1567 codem
206 1529 301 1566 libro
317 1526 417 1578 ww)
451 1526 546 1577 quod
569 1528 678 1577 vulgo
699 1528 750 1565 ita
775 1527 935 1578 legitur:
969 1534 1013 1565 ut
1029 1540 1154 1565 omnes
1169 1529 1284 1566 simul
1308 1529 1344 1566 in
1364 1534 1495 1566 rostra

42 1591 135 1636 post
161 1584 351 1621 meridiem
380 1583 662 1627 descenderent,
690 1589 798 1620 vetus
828 1582 923 1619 liber
953 1595 1055 1619 meus
1088 1582 1200 1619 habet
1230 1584 1491 1620 escenderent.

48 1639 172 1677 Recte
203 1638 367 1676 omnino.
427 1637 562 1686 Neque
594 1638 692 1674 enim
724 1637 948 1674 descendere
977 1638 1014 1675 in
1044 1644 1173 1676 rostra
1202 1636 1392 1684 dicebant,
1426 1636 1496 1675 sed

49 1694 267 1732 ascendere.
328 1692 540 1730 Escendere
582 1699 704 1729 autem
739 1699 868 1730 vetere
912 1691 1038 1742 lingua
1077 1699 1115 1730 et
1151 1695 1352 1731 ascendere
1396 1691 1496 1730 idem

49 1756 130 1786 est:
169 1756 209 1786 ut
237 1747 323 1785 alibi
354 1746 478 1784 docui.
538 1746 579 1783 In
619 1746 749 1784 eodem
780 1746 938 1799 libro†)
977 1748 1027 1784 ita
1064 1747 1202 1797 legitur
1232 1749 1342 1785 etiam
1379 1748 1415 1785 in
1448 1748 1496 1785 iis

49 1804 178 1851 libris,
212 1804 297 1853 qui,
338 1809 376 1839 ut
405 1801 550 1839 hiantes
584 1801 808 1840 inducantur
837 1809 1048 1852 emptores,
1089 1815 1171 1840 cum
1201 1804 1288 1840 totis
1318 1803 1496 1854 plaustris

50 1860 227 1897 librorum
257 1864 423 1896 veterum
449 1856 573 1894 collati
605 1870 690 1895 esse
719 1856 915 1895 dicuntur:
953 1859 1065 1895 Nunc
1092 1858 1183 1895 abeo
1213 1859 1264 1896 ad
1290 1859 1398 1907 vulgi
1418 1859 1497 1907 ορί-

49 1916 219 1959 nz‘onem,
263 1925 358 1964 quae
387 1913 508 1950 maior
547 1914 694 1950 utilitas
732 1925 842 1963 quam
871 1913 1069 1962 regnandi
1099 1926 1180 1950 esse
1211 1914 1362 1963 possit?
1401 1913 1500 1950 m'lzz'l

50 1976 184 2007 contra
216 1969 386 2006 inutilius
415 1969 470 2013 ei,
511 1968 580 2017 qui
605 1968 646 2005 id
675 1969 812 2005 iniuste
841 1974 1062 2005 consecutus
1088 1970 1159 2013 sit,
1203 1969 1369 2013 invenio,
1413 1980 1497 2005 cum

51 2025 104 2061 ad
138 2025 331 2062 veritatem
369 2023 479 2072 coepi
521 2035 700 2060 revocare
738 2024 936 2060 racionem.
1005 2021 1225 2072 Legendum
1264 2029 1385 2060 autem
1426 2022 1497 2060 hoc

51 2077 182 2118 modo:
216 2081 300 2117 Non
333 2077 468 2122 habeo,
503 2077 554 2114 ad
577 2079 686 2127 vulgi
713 2079 920 2128 opz'm‘onem
947 2090 1043 2129 quae
1065 2079 1187 2115 maior
1215 2079 1360 2116 utilitas
1388 2091 1497 2128 quam
1525 2084 1585 2114 321

51 2134 244 2184 regnandi
268 2146 348 2171 esse
379 2134 515 2183 possit.
576 2134 688 2171 Nihil
715 2139 852 2170 eontra
889 2135 1059 2171 zhute‘leus
1087 2134 1145 2178 εἰ,
1190 2135 1258 2184 quz'
1289 2133 1331 2170 id
1364 2134 1500 2170 iniuste

53 2195 272 2228 consecutus
301 2189 376 2234 sic,
418 2188 587 2234 invenio,
627 2200 710 2225 eum
739 2189 792 2225 ad
819 2190 1012 2226 veritatem
1043 2189 1151 2239 coepi
1173 2200 1353 2227 revocare
1381 2189 1501 2226 ratio·

128 2314 171 2350 4³)
192 2314 268 2343 Sine
290 2313 383 2342 dubio
404 2312 619 2342 scribendum:
642 2313 694 2349 qui
713 2314 824 2343 contra
843 2320 883 2343 se
901 2314 1043 2343 licentur.
1081 2315 1193 2343 ruisi.

128 2362 197 2398 ἓξὲξ)
218 2363 355 2391 Wolfius
375 2368 437 2389 ase.

129 2410 223 2444 wem-³3)
244 2412 282 2439 11.
303 2409 350 2439 14.
372 2415 444 2443 pag.
463 2408 513 2444 70,
537 2408 586 2437 16.
607 2409 656 2438 ed.
674 2411 769 2438 Mero.
802 2409 849 2439 Cf.
871 2416 968 2444 supra
988 2410 1027 2438 ad
1047 2408 1100 2437 lib.
1118 2408 1186 2437 vn.
1208 2414 1275 2443 cap.
1293 2408 1323 2437 5.
1342 2415 1414 2444 pag.
1430 2409 1501 2439 140.

55 2450 163 2514 autnot.
183 2448 288 2490 {sa-2³).
329 2447 392 2476 Sed
413 2447 497 2481 apud
512 2447 689 2476 varronem
708 2455 728 2477 a
748 2450 878 2477 socrate
897 2449 977 2477 haec
997 2445 1205 2484 pronuntiari,
1226 2445 1309 2476 unde
1328 2446 1411 2477 sciat
1429 2449 1503 2476 Mu-

55 2493 90 2514 re
107 2492 159 2521 us,
187 2492 305 2513 nescio.

132 2533 177 2572 †)
199 2534 260 2568 Ap.
280 2535 392 2561 senec.
413 2530 514 2567 Epist.
533 2531 584 2560 94.

131 2581 204 2619 ††)
226 2581 257 2609 in
276 2580 415 2616 Priapei.
436 2587 531 2608 carm.
552 2580 619 2608 vu.
640 2586 671 2607 V.
691 2580 720 2608 3.
741 2586 814 2615 pag.
836 2581 884 2610 12.
907 2581 955 2610 ed.
976 2581 1089 2610 Patav.
1112 2579 1204 2610 1664.

132 2628 234 2667 ·2-††)
255 2629 360 2658 carm.
380 2629 419 2657 V.
440 2635 471 2657 v,
491 2630 521 2656 3.
562 2626 609 2656 Cf.
630 2626 703 2656 ibid.
723 2627 787 2657 XL.
809 2629 871 2664 (al.
892 2628 1009 2664 XLII.)
1030 2635 1061 2656 v.
1085 2628 1133 2657 13.
1172 2629 1242 2657 Non
1261 2628 1342 2657 assis
1358 2625 1465 2662 facis?

131 2676 175 2711 ἐκ)
196 2675 295 2710 Epist.
317 2678 340 2705 1.
363 2677 412 2713 16,
434 2675 485 2705 6³.
505 2675 557 2704 ubi
577 2675 710 2710 legitur:
731 2683 812 2705 cum
831 2684 865 2706 se
883 2677 1014 2707 demittit
1033 2677 1093 2704 cet.

132 2725 202 2759 ³2³5)
224 2726 293 2753 Sat.
313 2725 351 2753 V.
372 2731 404 2752 ν.
426 2724 496 2753 19¹.

133 2772 226 2807 *tezo
247 2779 315 2806 can.
337 2772 386 2801 20.
409 2771 442 2807 ἓ.
457 2771 507 2801 80.
528 2770 580 2800 ubi
600 2772 801 2800 escenderent
818 2778 900 2800 nunc
919 2771 1090 2804 receptum.
1122 2769 1195 2799 Vid.
1213 2770 1362 2799 ochsner.
1383 2771 1423 2799 ad
1442 2770 1508 2801 Cic.

58 2811 166 2846 Eclog.
189 2816 261 2845 pag.
281 2810 342 2839 287
362 2817 409 2844 sq.
432 2809 480 2838 ed.
501 2812 575 2839 tert.
613 2809 797 2837 Doederlini
816 2807 939 2837 Latein.
962 2809 1081 2841 Synon.
1103 2809 1191 2837 Tum.
1211 2807 1266 2837 IV.
1285 2814 1358 2844 pag.
1377 2808 1420 2839 6⁰
1439 2815 1487 2844 sq.

132 2856 178 2896 †]
199 2864 268 2894 cap.
288 2858 338 2888 21.
360 2858 393 2894 S.
414 2857 464 2887 84.
503 2858 593 2887 Nunc
612 2859 774 2892 receptum
794 2858 844 2886 est
863 2862 926 2885 non
944 2855 1050 2886 habeo.
1133 2891 1188 2934 ΖΒ
1204 2891 1230 2919 ᾗ
