1778 3096
149 429 209 459 491

233 148 316 193 466
798 152 920 192 VAR.
955 150 1110 190 LECT.

234 261 504 309 Theocrinem‚
536 261 632 314 quod
662 275 734 313 ego
763 261 910 313 quidem
942 275 1012 299 non
1046 268 1131 313 puto
1148 259 1212 314 ᾗ).
1263 260 1341 300 Sed
1370 275 1449 300 eam
1479 263 1684 301 orationem

236 319 445 370 quicunque
474 320 646 369 scripsit,
678 319 730 355 ait
760 330 842 364 eos,
875 318 935 369 qui
965 316 1164 355 accusandi
1197 319 1424 368 provinciam
1461 319 1684 369 suscipiunt,

236 373 372 411 deinde
401 381 523 411 autem
555 375 713 424 pecunia
744 374 907 424 corrupti
943 374 1145 410 institutam
1182 374 1456 411 accusationem
1488 373 1684 420 deserunt,

237 429 480 466 vehementer
520 442 658 467 nocere
699 429 943 480 reipublicae.
1015 429 1208 478 improbos
1247 430 1346 465 enim
1389 429 1580 475 homines,
1625 430 1687 480 qui

236 485 376 535 alioqui
405 491 542 521 tantum
575 492 777 535 raperent,
811 492 985 535 quantum
1016 484 1086 520 sibi
1118 485 1208 520 sutis
1241 484 1401 521 futurum
1434 491 1552 529 esset,
1586 492 1687 522 tanto

236 540 318 591 plus
350 552 509 590 rapere,
545 553 625 577 cum
657 541 887 590 intelligant,
919 540 1024 584 eius,
1061 539 1156 590 quod
1188 546 1412 589 rapuerunt,
1448 547 1589 591 partem
1619 540 1688 578 ali-

237 608 342 646 quam
374 596 654 632 accusatoribus
686 595 860 633 dandam.
920 595 1051 634 Verba
1082 595 1213 632 diserti
1253 602 1290 631 et
1325 596 1465 645 copiosi
1504 597 1685 641 oratoris,

238 651 318 688 sive
343 651 405 688 ille
430 650 708 689 Demosthenes
739 652 817 688 sive
842 650 1058 688 Dinarchus
1088 657 1162 695 est,
1197 650 1289 686 haee
1321 648 1512 701 suntmp
1546 648 1689 697 εἰὸότες

236 701 308 759 γὰρ
338 706 379 745 οἱ
400 703 628 757 βουλόμενοι
656 703 778 746 κακόν
808 721 844 744 τι
871 702 1070 757 πράττειν,
1108 703 1167 744 ὅτι
1192 701 1344 751 τούτοις
1373 704 1473 744 ἐστὶν
1505 702 1583 745 ἀπὸ
1611 708 1690 744 τῶν

236 759 442 828 λημμάτων
468 759 511 801 τὸ
542 761 654 813 μέρος
689 760 841 809 δοτέον,
881 761 920 809 ἐξ
928 759 1118 828 ἀνάγκης
1137 761 1257 827 μείζω
1284 764 1558 827 προαιροῦνται
1584 757 1690 813 παρὰ

237 820 314 856 τῶν
341 814 465 856 ἄλλων
493 814 687 869 ἁρπάζειν,
717 833 780 857 ινα
806 813 858 869 μὴ
889 813 1010 868 μόνον
1040 814 1182 864 αὐτοῖς,
1213 813 1306 855 ἀλλὰ
1335 815 1399 855 καὶ
1426 814 1574 864 τούτοις
1601 815 1689 868 ε’χω-

238 883 300 912 σιν
328 869 556 913 ἀναλίσκειν.

731 949 762 988 C
793 948 831 988 A
858 948 891 987 P
919 949 955 988 U
984 950 1018 988 T
1075 949 1202 988 XIV.

491 1018 530 1055 T.
565 1018 667 1055 Livia·
693 1018 772 1055 loce·
796 1018 941 1068 aliquot
971 1030 991 1054 e
1023 1019 1077 1055 M.
1116 1018 1235 1055 Tullio
1265 1017 1446 1067 eupresse'.

240 1081 451 1140 ItvlrrA'rtJRv
481 1103 666 1142 interdum
698 1104 924 1142 Ciceronem
956 1104 1109 1151 Livius,
1146 1112 1184 1142 et
1213 1103 1361 1156 quidem
1392 1105 1443 1142 ita
1472 1104 1687 1149 manifesto,

239 1165 279 1195 ut
310 1158 465 1208 quilibet
494 1161 602 1197 etiam
637 1160 879 1198 mediocriter
917 1161 953 1197 in
982 1160 1171 1198 Cicerone
1201 1167 1370 1198 versatus
1405 1159 1440 1197 id
1472 1160 1690 1211 perspicere

241 1213 352 1250 facile
383 1215 516 1265 possit.
573 1215 649 1253 Sed
681 1223 805 1253 tamen
832 1215 868 1253 id
896 1217 1108 1267 plerumque
1140 1217 1274 1253 tectius
1306 1223 1344 1253 et
1372 1216 1552 1253 occultius
1584 1215 1686 1252 facit.

240 1269 345 1306 Illius
370 1276 491 1307 autem
520 1272 655 1322 prioris
679 1274 832 1321 generis
851 1273 1058 1322 exemplum
1089 1272 1311 1308 luculentum
1333 1279 1389 1308 est
1414 1271 1508 1308 libro
1533 1269 1691 1321 quadra·-

239 1325 405 1374 gesimo,
450 1326 510 1362 ubi
539 1326 704 1364 Perseus
746 1326 841 1377 apud
881 1334 1021 1377 patrem
1062 1328 1230 1377 queritur
1269 1326 1313 1364 de
1344 1326 1512 1371 insidiis,
1556 1325 1690 1376 quibus

240 1380 315 1417 vita
346 1380 463 1430 ipsius
495 1395 515 1418 a
550 1382 666 1419 fratre
696 1381 893 1419 Demetrio
926 1382 1136 1432 petebatur.
1198 1381 1399 1419 Ciceronis
1432 1383 1523 1419 llaec
1555 1387 1638 1418 sunt
1669 1393 1690 1418 e

241 1435 352 1472 tertio
380 1435 474 1473 libro
501 1435 803 1474 Catilium-iarum
821 1434 946 1488 **²i):
983 1439 1063 1486 Ego
1088 1450 1167 1473 sum
1198 1438 1261 1474 ille
1289 1439 1433 1482 consul,
1463 1439 1505 1475 P.
1534 1438 1594 1482 C-‚
1628 1437 1695 1473 cm·

239 1503 312 1528 nou
330 1490 487 1541 sorum,
520 1493 556 1528 iu
588 1505 660 1542 quo
689 1494 807 1529 omnis
838 1494 1009 1542 aequitas
1040 1493 1276 1537 continetur,
1318 1505 1391 1529 non
1421 1504 1573 1542 cmnpus
1604 1504 1691 1528 eon-

239 1546 433 1583 sularz'bus
471 1548 650 1596 auspiciis
687 1555 953 1593 consecratus,
998 1560 1071 1584 non
1110 1548 1245 1594 curia,
1288 1559 1467 1584 summum
1505 1548 1691 1584 auxilium

241 1603 400 1639 omnium
428 1604 619 1651 gentium,
659 1616 731 1640 non
762 1604 915 1648 (lomus,
956 1615 1145 1640 commune
1177 1600 1420 1652 perfugium,
1467 1615 1540 1640 non
1572 1603 1691 1640 lectus

242 1658 294 1694 ud
319 1659 478 1707 ‘quietem
508 1659 633 1703 datus,
657 1671 730 1696 non
759 1659 920 1709 denique
945 1658 1039 1694 haec
1065 1658 1173 1695 sedes
1202 1658 1372 1704 honoris,
1404 1659 1498 1696 sella
1526 1659 1688 1703 curulis,

241 1725 404 1762 unquam
432 1727 550 1750 vacua
581 1715 712 1751 mortis
740 1715 910 1764 periculo
939 1720 1051 1763 alque
1079 1713 1226 1750 insidiis
1242 1713 1341 1764 filit.
1399 1712 1533 1750 Persei
1564 1719 1688 1750 autem

244 1768 426 1820 lumel->z
464 1771 536 1806 Cui
560 1782 632 1806 nou
665 1771 842 1807 sollemne
871 1769 1030 1807 lustrale
1061 1770 1252 1806 merenas
1283 1769 1362 1813 ἰαί,
1404 1782 1477 1806 non
1508 1769 1691 1806 decursus

241 1825 421 1868 militum,
453 1838 527 1862 non
559 1827 703 1869 (lollius,
737 1838 809 1862 non
837 1825 990 1875 epulae,
1024 1837 1097 1861 noa
1127 1837 1204 1860 ηοω
1233 1824 1284 1861 ud
1313 1825 1470 1874 que'elem
1501 1825 1591 1861 duta
1620 1836 1689 1861 na-

244 1887 354 1916 turae
394 1879 572 1928 bemy‘iet'o
601 1880 843 1924 mortalibus,
887 1887 968 1917 tutu
998 1886 1067 1916 est.
1130 1879 1316 1925 Quoniam
1352 1886 1473 1915 autem
1504 1878 1688 1916 eiusmodi

243 1935 409 1972 locorum
439 1935 655 1975 collationes
687 1935 775 1972 mihi
813 1935 899 1972 olim
928 1935 1209 1972 adolescentulo
1241 1948 1312 1971 non
1351 1935 1528 1984 voluptati
1561 1933 1686 1979 modo,

244 1990 309 2028 sed
340 1998 377 2028 et
406 1991 556 2028 utilitati
586 1992 756 2027 suerunt:
805 1998 890 2041 puto
921 1991 1003 2028 fieri
1034 2003 1168 2040 posse,
1212 1997 1251 2027 ut
1280 1997 1317 2027 et
1345 1990 1428 2027 aliis
1458 2003 1529 2026 non
1561 1988 1688 2039 displi-

242 2053 364 2084 ceant.
425 2045 508 2092 Qun
542 2059 607 2095 spe
647 2047 766 2083 fretus
799 2046 956 2083 alterum
988 2046 1075 2082 item
1114 2045 1324 2082 subiiciam.
1387 2044 1524 2082 Cicero
1553 2046 1590 2081 in
1618 2044 1689 2081 Di-

241 2102 455 2146 vinatione,
488 2114 567 2138 cum
601 2101 748 2138 Siculos
783 2115 803 2139 a
834 2101 962 2139 Verre
992 2100 1259 2151 quodaminodo
1289 2100 1418 2137 atheos
1451 2101 1569 2138 factos
1601 2112 1687 2138 esse

241 2156 388 2194 (liceret
428 2157 496 2197 (ita
536 2157 634 2193 enim
672 2163 775 2194 certe
812 2158 940 2194 vocari
976 2163 1172 2207 poterant,
1214 2156 1273 2206 qui
1311 2169 1424 2206 prope
1464 2156 1534 2192 iam
1567 2155 1686 2192 nullos

241 2213 397 2263 amplius
427 2210 518 2248 deos
549 2211 775 2262 haberent),
809 2212 878 2249 hoc
909 2213 1008 2262 ipsos
1042 2212 1092 2248 ita
1122 2218 1322 2260 querentes
1351 2210 1562 2263 facit††),
1597 2213 1688 2249 Sese

241 2270 314 2306 iam
341 2281 388 2306 ne
418 2268 507 2304 deos
538 2268 683 2317 quidem
709 2269 746 2304 z'n
777 2269 855 2305 sm's
883 2267 1060 2312 urbibus,
1099 2267 1151 2303 ad
1179 2280 1272 2316 quos
1301 2266 1578 2317 confugerent,
1618 2267 1686 2303 lm-

241 2324 356 2361 bere:
399 2324 499 2373 quod
531 2336 658 2360 eorum
688 2324 893 2360 simulacra
925 2322 1161 2360 smectz'ssz‘ma
1195 2323 1236 2359 C.
1273 2324 1412 2359 Verres
1441 2336 1490 2358 ει·
1518 2322 1686 2359 delubris

240 2379 534 2429 relegz‘oszssz'mzs
570 2379 794 2416 sustulisset.
854 2378 939 2415 Hoc
977 2378 1026 2414 ita
1065 2377 1255 2413 imitantur
1295 2376 1407 2426 legati
1437 2376 1685 2413 Ambracien-

155 2440 217 2470 492
240 2435 334 2472 sium
356 2433 401 2471 de
414 2432 469 2470 M.
489 2433 623 2471 Fulvio
640 2441 929 2485 conquerenteS‚
942 2431 1036 2484 apud
1048 2431 1192 2470 Livium
1218 2432 1312 2470 libro
1324 2431 1537 2470 XXXVIII
1548 2430 1681 2485 †††).

310 2525 354 2560 ·:::·)
375 2527 409 2553 In
423 2524 541 2559 spuriis
562 2526 729 2553 numerant
747 2525 858 2553 nostra
876 2525 985 2553 aetate
1000 2523 1171 2552 Bekkerus
1191 2523 1290 2558 atque
1304 2521 1486 2551 Boeckhius
1507 2521 1547 2551 de
1565 2522 1682 2551 oecon.

235 2563 324 2599 polit.
344 2564 461 2591 Athen.
482 2564 569 2591 Tom.
590 2564 613 2590 1.
634 2568 705 2597 pag.
726 2562 798 2591 379.

310 2611 380 2646 ’κε-κε)
402 2617 472 2646 pag.
496 2611 587 2648 1342,
611 2611 660 2639 10.
682 2610 730 2639 ed.
750 2610 862 2640 Reisk.
892 2615 964 2645 pag.
983 2606 1054 2637 541.
1077 2607 1110 2644 S.
1129 2607 1181 2638 64.
1203 2607 1254 2637 ed.
1273 2607 1376 2637 Bekk.

310 2659 403 2694 ::-÷::--::÷)
424 2661 490 2687 Imo
512 2667 530 2687 e
551 2661 678 2694 quarta,
701 2665 770 2695 cap.
792 2660 820 2689 1.
841 2659 873 2694 S.
893 2658 924 2688 2.

307 2707 353 2746 †)
374 2707 428 2736 lib.
448 2709 512 2736 XL.
533 2714 602 2742 cap.
624 2707 674 2737 10.

306 2754 381 2794 ᾧῷ)
402 2755 509 2784 Divin.
530 2755 562 2784 in
582 2755 702 2786 caecil.
724 2761 793 2790 cap.
815 2755 843 2784 1.
865 2754 898 2791 S.
918 2754 948 2783 3.

305 2803 405 2841 †††}
426 2810 496 2838 cap.
515 2803 565 2832 43.
602 2803 810 2838 Kreyssigius
830 2806 901 2832 cu'm
917 2801 1178 2830 Drakenborchto
1198 2801 1278 2835 legi't
1298 2803 1395 2836 atque
1416 2800 1596 2836 distinguit.-
1614 2808 1679 2835 pa-

227 2843 320 2870 rietes
339 2842 500 2877 postesque
519 2842 666 2880 nudatos,
695 2849 773 2878 quos
790 2842 938 2879 ador-‚ent
968 2840 1009 2869 ad
1028 2847 1104 2876 quos
1122 2841 1292 2876 pzecentur
1317 2843 1349 2870 ec
1374 2840 1565 2878 supplicent,
1595 2843 1674 2868 Am-

224 2881 261 2907 br
262 2880 434 2908 aciensibus
451 2886 623 2914 superesse.
