<?xml version="1.0" encoding="UTF-8"?>
<!DOCTYPE html PUBLIC "-//W3C//DTD XHTML 1.0 Transitional//EN"
    "http://www.w3.org/TR/xhtml1/DTD/xhtml1-transitional.dtd">
<html xmlns="http://www.w3.org/1999/xhtml" xml:lang="en" lang="en">
 <head>
  <title>
</title>
<meta http-equiv="Content-Type" content="text/html;charset=utf-8" />
  <meta name='ocr-system' content='tesseract 3.04.00' />
  <meta name='ocr-capabilities' content='ocr_page ocr_carea ocr_par ocr_line ocrx_word'/>
</head>
<body>
  <div class='ocr_page' id='page_1' title='image "./operaomniaexmssa03mureuoft/operaomniaexmssa03mureuoft_0563.png"; bbox 0 0 1778 3096; ppageno 0'>
   <div class='ocr_carea' id='block_1_1' title="bbox 522 153 1511 199">
    <p class='ocr_par' dir='ltr' id='par_1_1' title="bbox 522 153 1511 199">
     <span class='ocr_line' id='line_1_1' title="bbox 522 153 1511 199; baseline 0.002 -5"><span class='ocrx_word' id='word_1_1' title='bbox 522 156 626 199; x_wconf 81' lang='lat' dir='ltr'><strong>Llss.</strong></span> <span class='ocrx_word' id='word_1_2' title='bbox 657 157 771 196; x_wconf 86' lang='lat' dir='ltr'><strong>XIX.</strong></span> <span class='ocrx_word' id='word_1_3' title='bbox 831 155 949 196; x_wconf 80' lang='lat' dir='ltr'><strong>CAP.</strong></span> <span class='ocrx_word' id='word_1_4' title='bbox 982 156 1051 197; x_wconf 89' lang='lat'><strong>111.</strong></span> <span class='ocrx_word' id='word_1_5' title='bbox 1429 153 1511 196; x_wconf 82' lang='lat'><strong>453</strong></span> 
     </span>
    </p>
   </div>
   <div class='ocr_carea' id='block_1_2' title="bbox 64 263 1506 596">
    <p class='ocr_par' dir='ltr' id='par_1_2' title="bbox 64 263 1506 596">
     <span class='ocr_line' id='line_1_2' title="bbox 69 263 1506 319; baseline -0.001 -14"><span class='ocrx_word' id='word_1_6' title='bbox 69 266 253 319; x_wconf 77' lang='lat' dir='ltr'><strong>hodieque</strong></span> <span class='ocrx_word' id='word_1_7' title='bbox 283 279 329 305; x_wconf 82' lang='lat' dir='ltr'><strong>ex</strong></span> <span class='ocrx_word' id='word_1_8' title='bbox 361 266 507 304; x_wconf 84' lang='lat' dir='ltr'><strong>amissis</strong></span> <span class='ocrx_word' id='word_1_9' title='bbox 537 265 688 318; x_wconf 79' lang='lat' dir='ltr'><strong>Polybii</strong></span> <span class='ocrx_word' id='word_1_10' title='bbox 720 274 756 305; x_wconf 91' lang='lat' dir='ltr'><strong>et</strong></span> <span class='ocrx_word' id='word_1_11' title='bbox 784 267 940 306; x_wconf 83' lang='lat' dir='ltr'><strong>aliorum</strong></span> <span class='ocrx_word' id='word_1_12' title='bbox 969 266 1075 304; x_wconf 91' lang='lat' dir='ltr'><strong>libris</strong></span> <span class='ocrx_word' id='word_1_13' title='bbox 1105 265 1356 316; x_wconf 85' lang='lat' dir='ltr'><strong>reperiuntur.</strong></span> <span class='ocrx_word' id='word_1_14' title='bbox 1415 263 1506 303; x_wconf 83' lang='lat' dir='ltr'><strong>Indo</strong></span> 
     </span>
     <span class='ocr_line' id='line_1_3' title="bbox 67 320 1506 374; baseline -0.002 -14"><span class='ocrx_word' id='word_1_15' title='bbox 67 322 163 374; x_wconf 87' lang='lat' dir='ltr'><strong>apud</strong></span> <span class='ocrx_word' id='word_1_16' title='bbox 199 322 421 360; x_wconf 81' lang='lat' dir='ltr'>Ciceronem</span> <span class='ocrx_word' id='word_1_17' title='bbox 458 320 716 373; x_wconf 68' lang='lat' dir='ltr'><strong>eelogar·2‘l*).</strong></span> <span class='ocrx_word' id='word_1_18' title='bbox 777 322 940 360; x_wconf 87' lang='lat' dir='ltr'><strong>Easdem</strong></span> <span class='ocrx_word' id='word_1_19' title='bbox 982 329 1018 360; x_wconf 87' lang='lat' dir='ltr'><strong>et</strong></span> <span class='ocrx_word' id='word_1_20' title='bbox 1057 320 1361 374; x_wconf 71' lang='grc' dir='ltr'><strong><em>χρηστομαθείας</em></strong></span> <span class='ocrx_word' id='word_1_21' title='bbox 1393 332 1506 358; x_wconf 86' lang='lat' dir='ltr'><strong>voea-</strong></span> 
     </span>
     <span class='ocr_line' id='line_1_4' title="bbox 66 372 1503 438; baseline -0.003 -22"><span class='ocrx_word' id='word_1_22' title='bbox 66 378 176 416; x_wconf 80' lang='lat' dir='ltr'><strong>bant:</strong></span> <span class='ocrx_word' id='word_1_23' title='bbox 227 378 352 429; x_wconf 83' lang='lat' dir='ltr'><strong>quales</strong></span> <span class='ocrx_word' id='word_1_24' title='bbox 394 377 503 415; x_wconf 87' lang='lat' dir='ltr'><strong>hodie</strong></span> <span class='ocrx_word' id='word_1_25' title='bbox 546 384 673 415; x_wconf 79' lang='lat' dir='ltr'><strong>extant</strong></span> <span class='ocrx_word' id='word_1_26' title='bbox 711 390 758 414; x_wconf 86' lang='lat' dir='ltr'><strong>ex</strong></span> <span class='ocrx_word' id='word_1_27' title='bbox 795 377 995 416; x_wconf 87' lang='lat' dir='ltr'><strong>Strabone.</strong></span> <span class='ocrx_word' id='word_1_28' title='bbox 1055 376 1107 414; x_wconf 92' lang='lat' dir='ltr'><strong>Et</strong></span> <span class='ocrx_word' id='word_1_29' title='bbox 1149 375 1236 414; x_wconf 82' lang='lat' dir='ltr'><strong>inde</strong></span> <span class='ocrx_word' id='word_1_30' title='bbox 1273 372 1503 438; x_wconf 44' lang='lat' dir='ltr'><strong>Ciceroff)</strong></span> 
     </span>
     <span class='ocr_line' id='line_1_5' title="bbox 64 430 1504 494; baseline -0.003 -23"><span class='ocrx_word' id='word_1_31' title='bbox 64 433 292 471; x_wconf 84' lang='lat' dir='ltr'><strong>Turannium</strong></span> <span class='ocrx_word' id='word_1_32' title='bbox 324 439 431 470; x_wconf 83' lang='lat' dir='ltr'><strong>vocat</strong></span> <span class='ocrx_word' id='word_1_33' title='bbox 458 432 641 470; x_wconf 89' lang='lat' dir='ltr'><strong>hominem</strong></span> <span class='ocrx_word' id='word_1_34' title='bbox 670 435 931 484; x_wconf 74' lang='grc' dir='ltr'><strong><em>χρηστομαθῆ.</em></strong></span> <span class='ocrx_word' id='word_1_35' title='bbox 987 433 1072 469; x_wconf 87' lang='lat' dir='ltr'><strong>Hoc</strong></span> <span class='ocrx_word' id='word_1_36' title='bbox 1097 446 1169 469; x_wconf 90' lang='lat' dir='ltr'><strong>non</strong></span> <span class='ocrx_word' id='word_1_37' title='bbox 1197 438 1400 494; x_wconf 83' lang='lat' dir='ltr'>notassem,</span> <span class='ocrx_word' id='word_1_38' title='bbox 1431 430 1504 467; x_wconf 86' lang='lat' dir='ltr'><strong>nisi</strong></span> 
     </span>
     <span class='ocr_line' id='line_1_6' title="bbox 64 486 1505 540; baseline -0.002 -14"><span class='ocrx_word' id='word_1_39' title='bbox 64 490 156 526; x_wconf 82' lang='lat' dir='ltr'><strong>alios</strong></span> <span class='ocrx_word' id='word_1_40' title='bbox 172 486 275 540; x_wconf 59' lang='lat'><strong>***)</strong></span> <span class='ocrx_word' id='word_1_41' title='bbox 309 488 347 525; x_wconf 93' lang='lat' dir='ltr'><strong>in</strong></span> <span class='ocrx_word' id='word_1_42' title='bbox 382 500 426 525; x_wconf 88' lang='lat' dir='ltr'><strong>eo</strong></span> <span class='ocrx_word' id='word_1_43' title='bbox 458 488 580 538; x_wconf 85' lang='lat' dir='ltr'><strong>lapsos</strong></span> <span class='ocrx_word' id='word_1_44' title='bbox 610 500 694 525; x_wconf 88' lang='lat' dir='ltr'><strong>esse</strong></span> <span class='ocrx_word' id='word_1_45' title='bbox 732 488 925 527; x_wconf 88' lang='lat' dir='ltr'><strong>vidissem.</strong></span> <span class='ocrx_word' id='word_1_46' title='bbox 985 488 1029 526; x_wconf 90' lang='lat' dir='ltr'><strong>In</strong></span> <span class='ocrx_word' id='word_1_47' title='bbox 1060 488 1116 526; x_wconf 89' lang='lat' dir='ltr'><strong>eis</strong></span> <span class='ocrx_word' id='word_1_48' title='bbox 1145 493 1268 526; x_wconf 86' lang='lat' dir='ltr'><strong>autem</strong></span> <span class='ocrx_word' id='word_1_49' title='bbox 1298 486 1389 538; x_wconf 84' lang='lat' dir='ltr'><strong>ipsis</strong></span> <span class='ocrx_word' id='word_1_50' title='bbox 1420 497 1505 525; x_wconf 87' lang='lat' dir='ltr'><strong>ver-</strong></span> 
     </span>
     <span class='ocr_line' id='line_1_7' title="bbox 64 541 618 596; baseline -0.002 -15"><span class='ocrx_word' id='word_1_51' title='bbox 64 543 166 582; x_wconf 85' lang='lat' dir='ltr'><strong>sibus</strong></span> <span class='ocrx_word' id='word_1_52' title='bbox 194 557 277 582; x_wconf 85' lang='lat' dir='ltr'><strong>cum</strong></span> <span class='ocrx_word' id='word_1_53' title='bbox 306 544 357 581; x_wconf 85' lang='lat' dir='ltr'><strong>ita</strong></span> <span class='ocrx_word' id='word_1_54' title='bbox 387 543 535 594; x_wconf 82' lang='lat' dir='ltr'><strong>legatur</strong></span> <span class='ocrx_word' id='word_1_55' title='bbox 550 541 618 596; x_wconf 78' lang='lat'><strong>†),</strong></span> 
     </span>
    </p>
   </div>
   <div class='ocr_carea' id='block_1_3' title="bbox 59 615 1067 827">
    <p class='ocr_par' dir='ltr' id='par_1_3' title="bbox 59 615 1057 827">
     <span class='ocr_line' id='line_1_8' title="bbox 230 615 1047 673; baseline -0.002 -13"><span class='ocrx_word' id='word_1_56' title='bbox 230 617 399 673; x_wconf 78' lang='grc' dir='ltr'><em>Τύρβαζε</em></span> <span class='ocrx_word' id='word_1_57' title='bbox 426 623 564 672; x_wconf 81' lang='grc' dir='ltr'><em>μανῆν.</em></span> <span class='ocrx_word' id='word_1_58' title='bbox 593 615 754 672; x_wconf 78' lang='grc' dir='ltr'><em>γαστρὸς</em></span> <span class='ocrx_word' id='word_1_59' title='bbox 781 615 896 659; x_wconf 76' lang='grc' dir='ltr'><em>οὐδὲν</em></span> <span class='ocrx_word' id='word_1_60' title='bbox 920 615 1047 671; x_wconf 72' lang='grc' dir='ltr'><em>ἥδιον,</em></span> 
     </span>
     <span class='ocr_line' id='line_1_9' title="bbox 59 696 390 749; baseline 0 -13"><span class='ocrx_word' id='word_1_61' title='bbox 59 696 255 749; x_wconf 84' lang='lat' dir='ltr'><strong>legendum</strong></span> <span class='ocrx_word' id='word_1_62' title='bbox 287 705 390 748; x_wconf 88' lang='lat' dir='ltr'><strong>puto,</strong></span> 
     </span>
     <span class='ocr_line' id='line_1_10' title="bbox 227 770 1067 827; baseline -0.002 -13"><span class='ocrx_word' id='word_1_63' title='bbox 227 772 416 827; x_wconf 79' lang='grc' dir='ltr'><em>Φόρβαζε,</em></span> <span class='ocrx_word' id='word_1_64' title='bbox 448 770 583 825; x_wconf 77' lang='grc' dir='ltr'><em>Μάνη.</em></span> <span class='ocrx_word' id='word_1_65' title='bbox 613 771 772 827; x_wconf 79' lang='grc' dir='ltr'><em>γαστρὸς</em></span> <span class='ocrx_word' id='word_1_66' title='bbox 801 771 915 813; x_wconf 77' lang='grc' dir='ltr'><em>οὐδὲν</em></span> <span class='ocrx_word' id='word_1_67' title='bbox 941 770 1067 825; x_wconf 74' lang='grc' dir='ltr'><em>ἥδιον.</em></span> 
     </span>
    </p>
   </div>
   <div class='ocr_carea' id='block_1_4' title="bbox 55 843 1501 2119">
    <p class='ocr_par' dir='ltr' id='par_1_4' title="bbox 55 843 1501 2119">
     <span class='ocr_line' id='line_1_11' title="bbox 61 843 1501 898; baseline -0.002 -9"><span class='ocrx_word' id='word_1_68' title='bbox 61 851 198 890; x_wconf 90' lang='lat' dir='ltr'><strong>Manes</strong></span> <span class='ocrx_word' id='word_1_69' title='bbox 228 852 365 890; x_wconf 87' lang='lat' dir='ltr'><strong>servile</strong></span> <span class='ocrx_word' id='word_1_70' title='bbox 395 865 529 889; x_wconf 89' lang='lat' dir='ltr'><strong>nomen</strong></span> <span class='ocrx_word' id='word_1_71' title='bbox 561 851 648 889; x_wconf 90' lang='lat' dir='ltr'><strong>olim</strong></span> <span class='ocrx_word' id='word_1_72' title='bbox 678 852 762 891; x_wconf 87' lang='lat' dir='ltr'><strong>suit.</strong></span> <span class='ocrx_word' id='word_1_73' title='bbox 812 852 854 889; x_wconf 89' lang='lat' dir='ltr'><strong>In</strong></span> <span class='ocrx_word' id='word_1_74' title='bbox 887 849 1045 896; x_wconf 87' lang='lat' dir='ltr'><strong>eisdem,</strong></span> <span class='ocrx_word' id='word_1_75' title='bbox 1070 849 1133 887; x_wconf 87' lang='lat' dir='ltr'><strong>ubi</strong></span> <span class='ocrx_word' id='word_1_76' title='bbox 1162 848 1272 898; x_wconf 81' lang='lat' dir='ltr'><strong>vulgo</strong></span> <span class='ocrx_word' id='word_1_77' title='bbox 1302 854 1360 886; x_wconf 83' lang='lat' dir='ltr'><strong>est</strong></span> <span class='ocrx_word' id='word_1_78' title='bbox 1386 843 1501 898; x_wconf 78' lang='grc' dir='ltr'><em>ψύξει</em></span> 
     </span>
     <span class='ocr_line' id='line_1_12' title="bbox 61 879 1499 967; baseline -0.004 -21"><span class='ocrx_word' id='word_1_79' title='bbox 61 905 102 946; x_wconf 83' lang='grc' dir='ltr'><strong>σὲ</strong></span> <span class='ocrx_word' id='word_1_80' title='bbox 128 907 296 958; x_wconf 82' lang='grc' dir='ltr'><em>δαίμων,</em></span> <span class='ocrx_word' id='word_1_81' title='bbox 326 908 458 946; x_wconf 88' lang='lat' dir='ltr'><strong>melius</strong></span> <span class='ocrx_word' id='word_1_82' title='bbox 488 906 634 945; x_wconf 89' lang='lat' dir='ltr'><strong>videtur</strong></span> <span class='ocrx_word' id='word_1_83' title='bbox 663 906 758 958; x_wconf 89' lang='lat' dir='ltr'><strong>quod</strong></span> <span class='ocrx_word' id='word_1_84' title='bbox 787 908 824 945; x_wconf 93' lang='lat' dir='ltr'><strong>in</strong></span> <span class='ocrx_word' id='word_1_85' title='bbox 854 906 1043 945; x_wconf 86' lang='lat' dir='ltr'><strong>veteribus</strong></span> <span class='ocrx_word' id='word_1_86' title='bbox 1071 879 1247 967; x_wconf 64' lang='lat' dir='ltr'><strong>legitur,³³</strong></span> <span class='ocrx_word' id='word_1_87' title='bbox 1268 903 1381 953; x_wconf 77' lang='grc' dir='ltr'><em>ψύξει</em></span> <span class='ocrx_word' id='word_1_88' title='bbox 1408 899 1443 941; x_wconf 92' lang='grc' dir='ltr'>σ</span> <span class='ocrx_word' id='word_1_89' title='bbox 1477 899 1499 942; x_wconf 85' lang='grc' dir='ltr'>ὁ</span> 
     </span>
     <span class='ocr_line' id='line_1_13' title="bbox 59 957 1496 1029; baseline -0.005 -28"><span class='ocrx_word' id='word_1_90' title='bbox 59 962 218 1013; x_wconf 80' lang='grc' dir='ltr'><em>δαίμων.</em></span> <span class='ocrx_word' id='word_1_91' title='bbox 258 963 369 1000; x_wconf 83' lang='lat' dir='ltr'><strong>Iam</strong></span> <span class='ocrx_word' id='word_1_92' title='bbox 359 977 395 1000; x_wconf 81' lang='lat' dir='ltr'><strong>in</strong></span> <span class='ocrx_word' id='word_1_93' title='bbox 421 963 483 1000; x_wconf 85' lang='lat' dir='ltr'><strong>illa</strong></span> <span class='ocrx_word' id='word_1_94' title='bbox 508 962 659 1013; x_wconf 89' lang='lat' dir='ltr'><strong>parodia</strong></span> <span class='ocrx_word' id='word_1_95' title='bbox 682 962 884 1029; x_wconf 78' lang='lat' dir='ltr'>Chrysippi</span> <span class='ocrx_word' id='word_1_96' title='bbox 912 975 994 999; x_wconf 89' lang='lat' dir='ltr'><strong>eum</strong></span> <span class='ocrx_word' id='word_1_97' title='bbox 1025 961 1134 1010; x_wconf 86' lang='lat' dir='ltr'><strong>vulgo</strong></span> <span class='ocrx_word' id='word_1_98' title='bbox 1162 960 1212 996; x_wconf 86' lang='lat' dir='ltr'><strong>ita</strong></span> <span class='ocrx_word' id='word_1_99' title='bbox 1235 959 1382 1009; x_wconf 83' lang='lat' dir='ltr'><strong>legatur</strong></span> <span class='ocrx_word' id='word_1_100' title='bbox 1395 957 1496 1010; x_wconf 79' lang='lat'><strong>††),</strong></span> 
     </span>
     <span class='ocr_line' id='line_1_14' title="bbox 59 1011 1498 1071; baseline -0.003 -15"><span class='ocrx_word' id='word_1_101' title='bbox 59 1017 140 1056; x_wconf 87' lang='grc' dir='ltr'><strong>Καὶ</strong></span> <span class='ocrx_word' id='word_1_102' title='bbox 164 1014 237 1071; x_wconf 78' lang='grc' dir='ltr'><strong>γὰρ</strong></span> <span class='ocrx_word' id='word_1_103' title='bbox 267 1014 339 1071; x_wconf 78' lang='grc' dir='ltr'><strong>ἐγὼ</strong></span> <span class='ocrx_word' id='word_1_104' title='bbox 375 1014 494 1064; x_wconf 77' lang='grc' dir='ltr'><strong><em>κακός</em></strong></span> <span class='ocrx_word' id='word_1_105' title='bbox 523 1018 620 1069; x_wconf 81' lang='grc' dir='ltr'><em>εἰμι,</em></span> <span class='ocrx_word' id='word_1_106' title='bbox 661 1031 727 1068; x_wconf 89' lang='lat' dir='ltr'><strong>pro</strong></span> <span class='ocrx_word' id='word_1_107' title='bbox 765 1015 885 1064; x_wconf 80' lang='grc' dir='ltr'><strong><em>κακὸς</em></strong></span> <span class='ocrx_word' id='word_1_108' title='bbox 912 1019 950 1055; x_wconf 91' lang='lat' dir='ltr'><strong>in</strong></span> <span class='ocrx_word' id='word_1_109' title='bbox 988 1024 1117 1055; x_wconf 87' lang='lat' dir='ltr'><strong>vetere</strong></span> <span class='ocrx_word' id='word_1_110' title='bbox 1155 1015 1250 1052; x_wconf 89' lang='lat' dir='ltr'><strong>libro</strong></span> <span class='ocrx_word' id='word_1_111' title='bbox 1283 1020 1341 1052; x_wconf 88' lang='lat' dir='ltr'><strong>est</strong></span> <span class='ocrx_word' id='word_1_112' title='bbox 1375 1011 1498 1060; x_wconf 81' lang='grc' dir='ltr'><em>κενός.</em></span> 
     </span>
     <span class='ocr_line' id='line_1_15' title="bbox 57 1069 1497 1124; baseline -0.003 -14"><span class='ocrx_word' id='word_1_113' title='bbox 57 1071 142 1123; x_wconf 84' lang='lat' dir='ltr'><strong>Ego</strong></span> <span class='ocrx_word' id='word_1_114' title='bbox 166 1080 288 1111; x_wconf 86' lang='lat' dir='ltr'><strong>autem</strong></span> <span class='ocrx_word' id='word_1_115' title='bbox 313 1073 506 1124; x_wconf 84' lang='lat' dir='ltr'><strong>legendum</strong></span> <span class='ocrx_word' id='word_1_116' title='bbox 537 1081 624 1124; x_wconf 84' lang='lat' dir='ltr'><strong>puto</strong></span> <span class='ocrx_word' id='word_1_117' title='bbox 647 1070 765 1120; x_wconf 79' lang='grc' dir='ltr'><em>κόνις.</em></span> <span class='ocrx_word' id='word_1_118' title='bbox 806 1074 927 1111; x_wconf 85' lang='lat' dir='ltr'><strong>Multa</strong></span> <span class='ocrx_word' id='word_1_119' title='bbox 950 1073 1090 1110; x_wconf 85' lang='lat' dir='ltr'><strong>leviora</strong></span> <span class='ocrx_word' id='word_1_120' title='bbox 1115 1071 1243 1108; x_wconf 84' lang='lat' dir='ltr'><strong>omitto</strong></span> <span class='ocrx_word' id='word_1_121' title='bbox 1271 1069 1497 1120; x_wconf 87' lang='lat' dir='ltr'><strong>properandi</strong></span> 
     </span>
     <span class='ocr_line' id='line_1_16' title="bbox 60 1123 1499 1175; baseline -0.003 -10"><span class='ocrx_word' id='word_1_122' title='bbox 60 1127 206 1175; x_wconf 85' lang='lat' dir='ltr'><strong>studio,</strong></span> <span class='ocrx_word' id='word_1_123' title='bbox 229 1135 284 1166; x_wconf 87' lang='lat' dir='ltr'><strong>et</strong></span> <span class='ocrx_word' id='word_1_124' title='bbox 311 1129 474 1175; x_wconf 85' lang='lat' dir='ltr'><strong>laboris,</strong></span> <span class='ocrx_word' id='word_1_125' title='bbox 518 1136 558 1166; x_wconf 86' lang='lat' dir='ltr'><strong>ut</strong></span> <span class='ocrx_word' id='word_1_126' title='bbox 585 1142 713 1166; x_wconf 87' lang='lat' dir='ltr'><strong>verum</strong></span> <span class='ocrx_word' id='word_1_127' title='bbox 745 1130 887 1174; x_wconf 83' lang='lat' dir='ltr'><strong>fatear,</strong></span> <span class='ocrx_word' id='word_1_128' title='bbox 931 1128 988 1166; x_wconf 90' lang='lat' dir='ltr'><strong>vel</strong></span> <span class='ocrx_word' id='word_1_129' title='bbox 1017 1126 1101 1164; x_wconf 91' lang='lat' dir='ltr'><strong>odio</strong></span> <span class='ocrx_word' id='word_1_130' title='bbox 1132 1126 1188 1164; x_wconf 93' lang='lat' dir='ltr'><strong>vel</strong></span> <span class='ocrx_word' id='word_1_131' title='bbox 1219 1124 1359 1162; x_wconf 82' lang='lat' dir='ltr'><strong>taedio.</strong></span> <span class='ocrx_word' id='word_1_132' title='bbox 1419 1123 1499 1162; x_wconf 91' lang='lat' dir='ltr'><strong>Ne-</strong></span> 
     </span>
     <span class='ocr_line' id='line_1_17' title="bbox 58 1179 1496 1234; baseline -0.003 -14"><span class='ocrx_word' id='word_1_133' title='bbox 58 1196 130 1234; x_wconf 86' lang='lat' dir='ltr'><strong>que</strong></span> <span class='ocrx_word' id='word_1_134' title='bbox 160 1190 283 1221; x_wconf 90' lang='lat' dir='ltr'><strong>tamen</strong></span> <span class='ocrx_word' id='word_1_135' title='bbox 312 1183 402 1221; x_wconf 91' lang='lat' dir='ltr'><strong>illud</strong></span> <span class='ocrx_word' id='word_1_136' title='bbox 432 1184 618 1229; x_wconf 82' lang='lat' dir='ltr'><strong>omittam,</strong></span> <span class='ocrx_word' id='word_1_137' title='bbox 659 1184 755 1234; x_wconf 93' lang='lat' dir='ltr'><strong>quod</strong></span> <span class='ocrx_word' id='word_1_138' title='bbox 786 1185 822 1221; x_wconf 94' lang='lat' dir='ltr'><strong>in</strong></span> <span class='ocrx_word' id='word_1_139' title='bbox 863 1183 1100 1234; x_wconf 83' lang='lat' dir='ltr'><strong>lepidissimis</strong></span> <span class='ocrx_word' id='word_1_140' title='bbox 1128 1181 1324 1225; x_wconf 87' lang='lat' dir='ltr'><strong>versibus,</strong></span> <span class='ocrx_word' id='word_1_141' title='bbox 1364 1179 1496 1230; x_wconf 90' lang='lat' dir='ltr'><strong>quibus</strong></span> 
     </span>
     <span class='ocr_line' id='line_1_18' title="bbox 58 1234 1497 1290; baseline -0.003 -15"><span class='ocrx_word' id='word_1_142' title='bbox 58 1239 266 1289; x_wconf 75' lang='lat' dir='ltr'><strong>parasitus,</strong></span> <span class='ocrx_word' id='word_1_143' title='bbox 304 1246 345 1276; x_wconf 91' lang='lat' dir='ltr'><strong>ut</strong></span> <span class='ocrx_word' id='word_1_144' title='bbox 371 1240 527 1290; x_wconf 79' lang='lat' dir='ltr'><strong>opinor,</strong></span> <span class='ocrx_word' id='word_1_145' title='bbox 572 1240 705 1290; x_wconf 85' lang='lat' dir='ltr'><strong>aliquis</strong></span> <span class='ocrx_word' id='word_1_146' title='bbox 734 1239 780 1276; x_wconf 89' lang='lat' dir='ltr'><strong>de</strong></span> <span class='ocrx_word' id='word_1_147' title='bbox 811 1239 984 1277; x_wconf 72' lang='lat' dir='ltr'><strong>divitibus</strong></span> <span class='ocrx_word' id='word_1_148' title='bbox 1014 1236 1230 1288; x_wconf 85' lang='lat' dir='ltr'><strong>quibusdam</strong></span> <span class='ocrx_word' id='word_1_149' title='bbox 1271 1234 1497 1285; x_wconf 86' lang='lat' dir='ltr'><strong>cupediariis</strong></span> 
     </span>
     <span class='ocr_line' id='line_1_19' title="bbox 58 1290 1500 1345; baseline -0.003 -15"><span class='ocrx_word' id='word_1_150' title='bbox 58 1294 323 1344; x_wconf 84' lang='lat' dir='ltr'><strong>conqueritur,</strong></span> <span class='ocrx_word' id='word_1_151' title='bbox 370 1295 432 1345; x_wconf 88' lang='lat' dir='ltr'><strong>qui</strong></span> <span class='ocrx_word' id='word_1_152' title='bbox 470 1294 830 1332; x_wconf 83' lang='lat' dir='ltr'><strong>excandefaciehant</strong></span> <span class='ocrx_word' id='word_1_153' title='bbox 871 1306 1078 1337; x_wconf 80' lang='lat' dir='ltr'><strong>annonam,</strong></span> <span class='ocrx_word' id='word_1_154' title='bbox 1129 1299 1167 1329; x_wconf 89' lang='lat' dir='ltr'><strong>et</strong></span> <span class='ocrx_word' id='word_1_155' title='bbox 1198 1292 1249 1328; x_wconf 85' lang='lat' dir='ltr'><strong>ita</strong></span> <span class='ocrx_word' id='word_1_156' title='bbox 1289 1290 1500 1340; x_wconf 79' lang='lat' dir='ltr'><strong>puigabant</strong></span> 
     </span>
     <span class='ocr_line' id='line_1_20' title="bbox 58 1345 1498 1400; baseline -0.003 -14"><span class='ocrx_word' id='word_1_157' title='bbox 58 1349 273 1394; x_wconf 85' lang='lat' dir='ltr'><strong>macellum,</strong></span> <span class='ocrx_word' id='word_1_158' title='bbox 317 1355 355 1385; x_wconf 90' lang='lat' dir='ltr'><strong>ut</strong></span> <span class='ocrx_word' id='word_1_159' title='bbox 384 1349 519 1386; x_wconf 90' lang='lat' dir='ltr'><strong>nullum</strong></span> <span class='ocrx_word' id='word_1_160' title='bbox 551 1350 686 1386; x_wconf 86' lang='lat' dir='ltr'><strong>lautius</strong></span> <span class='ocrx_word' id='word_1_161' title='bbox 717 1350 910 1400; x_wconf 84' lang='lat' dir='ltr'><strong>opsonium</strong></span> <span class='ocrx_word' id='word_1_162' title='bbox 940 1349 1023 1386; x_wconf 85' lang='lat' dir='ltr'><strong>aliis</strong></span> <span class='ocrx_word' id='word_1_163' title='bbox 1054 1347 1235 1397; x_wconf 88' lang='lat' dir='ltr'><strong>reliquum</strong></span> <span class='ocrx_word' id='word_1_164' title='bbox 1268 1345 1399 1392; x_wconf 70' lang='lat' dir='ltr'><strong>fieret,</strong></span> <span class='ocrx_word' id='word_1_165' title='bbox 1446 1345 1498 1383; x_wconf 86' lang='lat' dir='ltr'><strong>le-</strong></span> 
     </span>
     <span class='ocr_line' id='line_1_21' title="bbox 58 1398 1495 1467; baseline -0.001 -26"><span class='ocrx_word' id='word_1_166' title='bbox 58 1403 217 1467; x_wconf 81' lang='lat' dir='ltr'><strong>gendum</strong></span> <span class='ocrx_word' id='word_1_167' title='bbox 248 1410 306 1441; x_wconf 88' lang='lat' dir='ltr'><strong>est</strong></span> <span class='ocrx_word' id='word_1_168' title='bbox 320 1403 435 1457; x_wconf 75' lang='lat'>†††)</span> <span class='ocrx_word' id='word_1_169' title='bbox 468 1402 638 1451; x_wconf 72' lang='grc' dir='ltr'><em>ἅπαντας</em></span> <span class='ocrx_word' id='word_1_170' title='bbox 664 1401 936 1452; x_wconf 75' lang='grc' dir='ltr'><em>ἀναπέπεικεν,</em></span> <span class='ocrx_word' id='word_1_171' title='bbox 969 1417 1064 1448; x_wconf 88' lang='lat' dir='ltr'><strong>non,</strong></span> <span class='ocrx_word' id='word_1_172' title='bbox 1101 1409 1141 1439; x_wconf 88' lang='lat' dir='ltr'><strong>ut</strong></span> <span class='ocrx_word' id='word_1_173' title='bbox 1171 1402 1298 1451; x_wconf 85' lang='lat' dir='ltr'><strong>vulgo,</strong></span> <span class='ocrx_word' id='word_1_174' title='bbox 1328 1398 1495 1447; x_wconf 78' lang='grc' dir='ltr'><em>πάντας.</em></span> 
     </span>
     <span class='ocr_line' id='line_1_22' title="bbox 58 1454 1497 1510; baseline -0.001 -14"><span class='ocrx_word' id='word_1_175' title='bbox 58 1459 108 1496; x_wconf 83' lang='lat' dir='ltr'><strong>ita</strong></span> <span class='ocrx_word' id='word_1_176' title='bbox 138 1459 235 1496; x_wconf 87' lang='lat' dir='ltr'><strong>enim</strong></span> <span class='ocrx_word' id='word_1_177' title='bbox 273 1460 381 1496; x_wconf 88' lang='lat' dir='ltr'><strong>metri</strong></span> <span class='ocrx_word' id='word_1_178' title='bbox 412 1460 508 1497; x_wconf 82' lang='lat' dir='ltr'><strong>ratio</strong></span> <span class='ocrx_word' id='word_1_179' title='bbox 544 1460 717 1510; x_wconf 84' lang='lat' dir='ltr'><strong>postulat</strong></span> <span class='ocrx_word' id='word_1_180' title='bbox 778 1459 820 1497; x_wconf 88' lang='lat' dir='ltr'><strong>Id</strong></span> <span class='ocrx_word' id='word_1_181' title='bbox 852 1461 882 1496; x_wconf 89' lang='lat' dir='ltr'><strong>si</strong></span> <span class='ocrx_word' id='word_1_182' title='bbox 912 1459 971 1496; x_wconf 91' lang='lat' dir='ltr'><strong>eui</strong></span> <span class='ocrx_word' id='word_1_183' title='bbox 1002 1459 1120 1496; x_wconf 85' lang='lat' dir='ltr'><strong>levius</strong></span> <span class='ocrx_word' id='word_1_184' title='bbox 1150 1456 1360 1502; x_wconf 88' lang='lat' dir='ltr'><strong>videbitur,</strong></span> <span class='ocrx_word' id='word_1_185' title='bbox 1400 1454 1497 1507; x_wconf 81' lang='lat' dir='ltr'><strong>quod</strong></span> 
     </span>
     <span class='ocr_line' id='line_1_23' title="bbox 57 1511 1498 1565; baseline -0.002 -14"><span class='ocrx_word' id='word_1_186' title='bbox 57 1525 130 1565; x_wconf 83' lang='lat' dir='ltr'><strong>ego</strong></span> <span class='ocrx_word' id='word_1_187' title='bbox 152 1527 297 1565; x_wconf 88' lang='lat' dir='ltr'><strong>quoque</strong></span> <span class='ocrx_word' id='word_1_188' title='bbox 314 1514 450 1559; x_wconf 80' lang='lat' dir='ltr'><strong>fateor,</strong></span> <span class='ocrx_word' id='word_1_189' title='bbox 472 1520 509 1551; x_wconf 81' lang='lat' dir='ltr'><strong>at</strong></span> <span class='ocrx_word' id='word_1_190' title='bbox 531 1515 600 1552; x_wconf 90' lang='lat' dir='ltr'><strong>hoe</strong></span> <span class='ocrx_word' id='word_1_191' title='bbox 624 1522 728 1552; x_wconf 85' lang='lat' dir='ltr'><strong>certe</strong></span> <span class='ocrx_word' id='word_1_192' title='bbox 750 1528 820 1552; x_wconf 90' lang='lat' dir='ltr'><strong>non</strong></span> <span class='ocrx_word' id='word_1_193' title='bbox 844 1515 993 1552; x_wconf 88' lang='lat' dir='ltr'><strong>omnino</strong></span> <span class='ocrx_word' id='word_1_194' title='bbox 1018 1511 1297 1562; x_wconf 72' lang='lat' dir='ltr'><strong>negligendum,</strong></span> <span class='ocrx_word' id='word_1_195' title='bbox 1318 1511 1498 1562; x_wconf 82' lang='lat' dir='ltr'><strong>postremi</strong></span> 
     </span>
     <span class='ocr_line' id='line_1_24' title="bbox 56 1565 1495 1620; baseline -0.001 -14"><span class='ocrx_word' id='word_1_196' title='bbox 56 1581 186 1607; x_wconf 89' lang='lat' dir='ltr'><strong>eorum</strong></span> <span class='ocrx_word' id='word_1_197' title='bbox 212 1582 387 1607; x_wconf 87' lang='lat' dir='ltr'><strong>versuum</strong></span> <span class='ocrx_word' id='word_1_198' title='bbox 414 1571 637 1607; x_wconf 83' lang='lat' dir='ltr'><strong>sententiam</strong></span> <span class='ocrx_word' id='word_1_199' title='bbox 666 1570 778 1620; x_wconf 82' lang='lat' dir='ltr'><strong>vulgo</strong></span> <span class='ocrx_word' id='word_1_200' title='bbox 809 1583 880 1606; x_wconf 92' lang='lat' dir='ltr'><strong>non</strong></span> <span class='ocrx_word' id='word_1_201' title='bbox 911 1570 1000 1606; x_wconf 84' lang='lat' dir='ltr'><strong>satis</strong></span> <span class='ocrx_word' id='word_1_202' title='bbox 1031 1568 1203 1618; x_wconf 83' lang='lat' dir='ltr'><strong>intelligi.</strong></span> <span class='ocrx_word' id='word_1_203' title='bbox 1261 1566 1358 1605; x_wconf 91' lang='lat' dir='ltr'><strong>Nam</strong></span> <span class='ocrx_word' id='word_1_204' title='bbox 1388 1565 1495 1613; x_wconf 89' lang='lat' dir='ltr'><strong>illud,</strong></span> 
     </span>
     <span class='ocr_line' id='line_1_25' title="bbox 59 1621 1494 1675; baseline -0.003 -12"><span class='ocrx_word' id='word_1_205' title='bbox 59 1621 183 1675; x_wconf 79' lang='grc' dir='ltr'>Γάμοι</span> <span class='ocrx_word' id='word_1_206' title='bbox 221 1621 258 1663; x_wconf 82' lang='grc' dir='ltr'><strong>δ’</strong></span> <span class='ocrx_word' id='word_1_207' title='bbox 303 1623 440 1664; x_wconf 79' lang='grc' dir='ltr'><em>ἐκεῖνοι</em></span> <span class='ocrx_word' id='word_1_208' title='bbox 480 1623 545 1663; x_wconf 77' lang='grc' dir='ltr'><strong>καὶ</strong></span> <span class='ocrx_word' id='word_1_209' title='bbox 592 1624 702 1664; x_wconf 83' lang='grc' dir='ltr'><em>ποτοὶ</em></span> <span class='ocrx_word' id='word_1_210' title='bbox 742 1624 912 1664; x_wconf 81' lang='grc' dir='ltr'><em>νεανικοὶ</em></span> <span class='ocrx_word' id='word_1_211' title='bbox 943 1626 1043 1675; x_wconf 68' lang='grc' dir='ltr'><em>’ἦσαν</em></span> <span class='ocrx_word' id='word_1_212' title='bbox 1059 1622 1130 1673; x_wconf 42' lang='grc' dir='ltr'><strong>ᾖ),</strong></span> <span class='ocrx_word' id='word_1_213' title='bbox 1180 1623 1251 1660; x_wconf 88' lang='lat' dir='ltr'><strong>hoc</strong></span> <span class='ocrx_word' id='word_1_214' title='bbox 1295 1622 1494 1672; x_wconf 85' lang='lat' dir='ltr'><strong>signifieat,</strong></span> 
     </span>
     <span class='ocr_line' id='line_1_26' title="bbox 57 1677 1499 1731; baseline -0.002 -14"><span class='ocrx_word' id='word_1_215' title='bbox 57 1679 234 1731; x_wconf 86' lang='lat' dir='ltr'><strong>nuptialia</strong></span> <span class='ocrx_word' id='word_1_216' title='bbox 272 1680 441 1717; x_wconf 88' lang='lat' dir='ltr'><strong>convivia</strong></span> <span class='ocrx_word' id='word_1_217' title='bbox 479 1687 518 1717; x_wconf 88' lang='lat' dir='ltr'><strong>et</strong></span> <span class='ocrx_word' id='word_1_218' title='bbox 552 1679 830 1718; x_wconf 74' lang='lat' dir='ltr'><strong>adolescentum</strong></span> <span class='ocrx_word' id='word_1_219' title='bbox 863 1679 1155 1730; x_wconf 84' lang='lat' dir='ltr'><strong>compotationes</strong></span> <span class='ocrx_word' id='word_1_220' title='bbox 1195 1677 1356 1716; x_wconf 90' lang='lat' dir='ltr'><strong>desiisse</strong></span> <span class='ocrx_word' id='word_1_221' title='bbox 1397 1677 1499 1716; x_wconf 83' lang='lat' dir='ltr'><strong>cele-</strong></span> 
     </span>
     <span class='ocr_line' id='line_1_27' title="bbox 56 1732 1500 1791; baseline -0.001 -19"><span class='ocrx_word' id='word_1_222' title='bbox 56 1734 184 1782; x_wconf 85' lang='lat' dir='ltr'><strong>brari,</strong></span> <span class='ocrx_word' id='word_1_223' title='bbox 224 1748 270 1772; x_wconf 90' lang='lat' dir='ltr'><strong>ex</strong></span> <span class='ocrx_word' id='word_1_224' title='bbox 280 1748 371 1791; x_wconf 93' lang='lat' dir='ltr'><strong>quo</strong></span> <span class='ocrx_word' id='word_1_225' title='bbox 401 1735 454 1772; x_wconf 94' lang='lat' dir='ltr'><strong>illi</strong></span> <span class='ocrx_word' id='word_1_226' title='bbox 483 1734 618 1772; x_wconf 86' lang='lat' dir='ltr'><strong>divites</strong></span> <span class='ocrx_word' id='word_1_227' title='bbox 647 1736 769 1772; x_wconf 85' lang='lat' dir='ltr'><strong>omnia</strong></span> <span class='ocrx_word' id='word_1_228' title='bbox 801 1734 847 1773; x_wconf 88' lang='lat' dir='ltr'><strong>ad</strong></span> <span class='ocrx_word' id='word_1_229' title='bbox 878 1748 919 1772; x_wconf 91' lang='lat' dir='ltr'><strong>se</strong></span> <span class='ocrx_word' id='word_1_230' title='bbox 951 1735 1102 1772; x_wconf 82' lang='lat' dir='ltr'><strong>trahere</strong></span> <span class='ocrx_word' id='word_1_231' title='bbox 1132 1740 1349 1784; x_wconf 86' lang='lat' dir='ltr'><strong>coeperant.</strong></span> <span class='ocrx_word' id='word_1_232' title='bbox 1409 1732 1500 1771; x_wconf 87' lang='lat' dir='ltr'><strong>Est-</strong></span> 
     </span>
     <span class='ocr_line' id='line_1_28' title="bbox 58 1787 1495 1843; baseline -0.002 -15"><span class='ocrx_word' id='word_1_233' title='bbox 58 1803 129 1841; x_wconf 89' lang='lat' dir='ltr'><strong>que</strong></span> <span class='ocrx_word' id='word_1_234' title='bbox 157 1789 246 1828; x_wconf 91' lang='lat' dir='ltr'><strong>illud</strong></span> <span class='ocrx_word' id='word_1_235' title='bbox 270 1791 371 1841; x_wconf 75' lang='grc' dir='ltr'><em>ἦσαν</em></span> <span class='ocrx_word' id='word_1_236' title='bbox 401 1791 522 1828; x_wconf 87' lang='lat' dir='ltr'><strong>simile</strong></span> <span class='ocrx_word' id='word_1_237' title='bbox 553 1791 604 1828; x_wconf 93' lang='lat' dir='ltr'><strong>illi</strong></span> <span class='ocrx_word' id='word_1_238' title='bbox 634 1788 958 1843; x_wconf 60' lang='lat' dir='ltr'><strong>Catullia=1o**)‚</strong></span> <span class='ocrx_word' id='word_1_239' title='bbox 1001 1791 1078 1828; x_wconf 85' lang='lat' dir='ltr'><strong>Sed</strong></span> <span class='ocrx_word' id='word_1_240' title='bbox 1105 1790 1200 1826; x_wconf 72' lang='lat' dir='ltr'><strong>haec</strong></span> <span class='ocrx_word' id='word_1_241' title='bbox 1224 1801 1335 1839; x_wconf 70' lang='lat' dir='ltr'><strong>prcus</strong></span> <span class='ocrx_word' id='word_1_242' title='bbox 1349 1787 1495 1839; x_wconf 78' lang='lat' dir='ltr'><strong>suere.-</strong></span> 
     </span>
     <span class='ocr_line' id='line_1_29' title="bbox 58 1842 1499 1914; baseline -0.001 -32"><span class='ocrx_word' id='word_1_243' title='bbox 58 1853 98 1883; x_wconf 92' lang='lat' dir='ltr'><strong>et</strong></span> <span class='ocrx_word' id='word_1_244' title='bbox 124 1845 177 1883; x_wconf 88' lang='lat' dir='ltr'><strong>illi</strong></span> <span class='ocrx_word' id='word_1_245' title='bbox 197 1845 371 1883; x_wconf 82' lang='lat' dir='ltr'><strong>Plautino</strong></span> <span class='ocrx_word' id='word_1_246' title='bbox 389 1843 512 1914; x_wconf 33' lang='grc' dir='ltr'><strong>ἣν),</strong></span> <span class='ocrx_word' id='word_1_247' title='bbox 544 1848 635 1884; x_wconf 74' lang='lat' dir='ltr'><strong>Fmt</strong></span> <span class='ocrx_word' id='word_1_248' title='bbox 654 1847 920 1884; x_wconf 70' lang='grc' dir='ltr'><em>ΡΙιιοηεειαηιε</em></span> <span class='ocrx_word' id='word_1_249' title='bbox 951 1852 989 1883; x_wconf 85' lang='lat' dir='ltr'><strong>et</strong></span> <span class='ocrx_word' id='word_1_250' title='bbox 1012 1846 1064 1882; x_wconf 89' lang='lat' dir='ltr'><strong>illi</strong></span> <span class='ocrx_word' id='word_1_251' title='bbox 1084 1845 1293 1894; x_wconf 83' lang='lat' dir='ltr'><strong>Virgiliano</strong></span> <span class='ocrx_word' id='word_1_252' title='bbox 1308 1842 1376 1895; x_wconf 74' lang='lat'><strong>†),</strong></span> <span class='ocrx_word' id='word_1_253' title='bbox 1408 1845 1499 1881; x_wconf 69' lang='lat' dir='ltr'><strong>Fuit</strong></span> 
     </span>
     <span class='ocr_line' id='line_1_30' title="bbox 56 1897 1494 1955; baseline -0.004 -15"><span class='ocrx_word' id='word_1_254' title='bbox 56 1902 191 1940; x_wconf 80' lang='lat' dir='ltr'><strong>Ilz&#39;zcm:</strong></span> <span class='ocrx_word' id='word_1_255' title='bbox 223 1901 275 1938; x_wconf 86' lang='lat' dir='ltr'><strong>Et</strong></span> <span class='ocrx_word' id='word_1_256' title='bbox 299 1908 338 1938; x_wconf 86' lang='lat' dir='ltr'><strong>ut</strong></span> <span class='ocrx_word' id='word_1_257' title='bbox 365 1897 411 1939; x_wconf 78' lang='grc' dir='ltr'><strong>τὰ</strong></span> <span class='ocrx_word' id='word_1_258' title='bbox 433 1899 473 1939; x_wconf 82' lang='grc' dir='ltr'><strong>ἐν</strong></span> <span class='ocrx_word' id='word_1_259' title='bbox 500 1900 600 1955; x_wconf 78' lang='grc' dir='ltr'><em>μέσῳ</em></span> <span class='ocrx_word' id='word_1_260' title='bbox 630 1909 879 1952; x_wconf 81' lang='lat' dir='ltr'><strong>praeteream,</strong></span> <span class='ocrx_word' id='word_1_261' title='bbox 903 1902 942 1938; x_wconf 92' lang='lat' dir='ltr'><strong>in</strong></span> <span class='ocrx_word' id='word_1_262' title='bbox 966 1901 1029 1938; x_wconf 91' lang='lat' dir='ltr'><strong>illo</strong></span> <span class='ocrx_word' id='word_1_263' title='bbox 1053 1899 1151 1938; x_wconf 87' lang='lat' dir='ltr'><strong>dicto</strong></span> <span class='ocrx_word' id='word_1_264' title='bbox 1154 1874 1494 1950; x_wconf 47' lang='lat' dir='ltr'><strong>&amp;stratonici-ff),</strong></span> 
     </span>
     <span class='ocr_line' id='line_1_31' title="bbox 58 1953 1494 2009; baseline -0.003 -14"><span class='ocrx_word' id='word_1_265' title='bbox 58 1953 214 1995; x_wconf 73' lang='grc' dir='ltr'>ἀκούετε</span> <span class='ocrx_word' id='word_1_266' title='bbox 240 1955 340 2003; x_wconf 84' lang='grc' dir='ltr'><em>ναοὶ,</em></span> <span class='ocrx_word' id='word_1_267' title='bbox 368 1956 527 1993; x_wconf 85' lang='lat' dir='ltr'><strong>iucunda</strong></span> <span class='ocrx_word' id='word_1_268' title='bbox 559 1958 688 1994; x_wconf 89' lang='lat' dir='ltr'><strong>allusio</strong></span> <span class='ocrx_word' id='word_1_269' title='bbox 705 1956 820 2009; x_wconf 76' lang='lat'>†††)</span> <span class='ocrx_word' id='word_1_270' title='bbox 853 1963 911 1994; x_wconf 85' lang='lat' dir='ltr'><strong>est</strong></span> <span class='ocrx_word' id='word_1_271' title='bbox 940 1955 986 1994; x_wconf 87' lang='lat' dir='ltr'><strong>ad</strong></span> <span class='ocrx_word' id='word_1_272' title='bbox 1017 1956 1114 1993; x_wconf 83' lang='lat' dir='ltr'><strong>illam</strong></span> <span class='ocrx_word' id='word_1_273' title='bbox 1146 1956 1316 1992; x_wconf 85' lang='lat' dir='ltr'><strong>usitatam</strong></span> <span class='ocrx_word' id='word_1_274' title='bbox 1346 1966 1494 1998; x_wconf 89' lang='lat' dir='ltr'><strong>vocem,</strong></span> 
     </span>
     <span class='ocr_line' id='line_1_32' title="bbox 57 2007 1493 2063; baseline -0.004 -13"><span class='ocrx_word' id='word_1_275' title='bbox 57 2007 214 2050; x_wconf 71' lang='grc' dir='ltr'>ἀκούετε</span> <span class='ocrx_word' id='word_1_276' title='bbox 242 2011 348 2060; x_wconf 79' lang='grc' dir='ltr'><em>λαοί,</em></span> <span class='ocrx_word' id='word_1_277' title='bbox 387 2012 491 2048; x_wconf 84' lang='lat' dir='ltr'><strong>euius</strong></span> <span class='ocrx_word' id='word_1_278' title='bbox 524 2012 626 2063; x_wconf 87' lang='lat' dir='ltr'><strong>lepos</strong></span> <span class='ocrx_word' id='word_1_279' title='bbox 658 2013 693 2049; x_wconf 92' lang='lat' dir='ltr'><strong>in</strong></span> <span class='ocrx_word' id='word_1_280' title='bbox 723 2012 859 2049; x_wconf 87' lang='lat' dir='ltr'><strong>Latino</strong></span> <span class='ocrx_word' id='word_1_281' title='bbox 891 2024 1062 2049; x_wconf 82' lang='lat' dir='ltr'><strong>sermone</strong></span> <span class='ocrx_word' id='word_1_282' title='bbox 1093 2011 1223 2049; x_wconf 83' lang='lat' dir='ltr'><strong>sentiri</strong></span> <span class='ocrx_word' id='word_1_283' title='bbox 1253 2023 1325 2047; x_wconf 90' lang='lat' dir='ltr'><strong>non</strong></span> <span class='ocrx_word' id='word_1_284' title='bbox 1356 2015 1493 2060; x_wconf 89' lang='lat' dir='ltr'><strong>potest.</strong></span> 
     </span>
     <span class='ocr_line' id='line_1_33' title="bbox 55 2063 1496 2119; baseline -0.003 -15"><span class='ocrx_word' id='word_1_285' title='bbox 55 2066 148 2105; x_wconf 92' lang='lat' dir='ltr'><strong>lllud</strong></span> <span class='ocrx_word' id='word_1_286' title='bbox 180 2080 324 2118; x_wconf 89' lang='lat' dir='ltr'><strong>quoque</strong></span> <span class='ocrx_word' id='word_1_287' title='bbox 362 2068 596 2118; x_wconf 69' lang='lat' dir='ltr'><strong>prieteriens</strong></span> <span class='ocrx_word' id='word_1_288' title='bbox 635 2068 815 2115; x_wconf 88' lang='lat' dir='ltr'><strong>monebo,</strong></span> <span class='ocrx_word' id='word_1_289' title='bbox 857 2067 968 2118; x_wconf 86' lang='lat' dir='ltr'><strong>longe</strong></span> <span class='ocrx_word' id='word_1_290' title='bbox 1003 2067 1182 2119; x_wconf 88' lang='lat' dir='ltr'><strong>plurimos</strong></span> <span class='ocrx_word' id='word_1_291' title='bbox 1212 2064 1412 2104; x_wconf 86' lang='lat' dir='ltr'><strong>Machonis</strong></span> <span class='ocrx_word' id='word_1_292' title='bbox 1450 2063 1496 2101; x_wconf 84' lang='lat' dir='ltr'><strong>de</strong></span> 
     </span>
    </p>
   </div>
   <div class='ocr_carea' id='block_1_5' title="bbox 128 2175 699 2259">
    <p class='ocr_par' dir='ltr' id='par_1_5' title="bbox 128 2175 699 2259">
     <span class='ocr_line' id='line_1_34' title="bbox 129 2175 699 2210; baseline 0.007 -8"><span class='ocrx_word' id='word_1_293' title='bbox 129 2175 173 2210; x_wconf 57' lang='lat' dir='ltr'><strong>ze)</strong></span> <span class='ocrx_word' id='word_1_294' title='bbox 192 2175 291 2210; x_wconf 78' lang='lat' dir='ltr'><strong>Epist.</strong></span> <span class='ocrx_word' id='word_1_295' title='bbox 312 2177 352 2204; x_wconf 79' lang='lat' dir='ltr'><strong>ad</strong></span> <span class='ocrx_word' id='word_1_296' title='bbox 372 2177 441 2205; x_wconf 78' lang='lat' dir='ltr'><strong>Att.</strong></span> <span class='ocrx_word' id='word_1_297' title='bbox 463 2178 545 2206; x_wconf 77' lang='lat' dir='ltr'><strong>XVI.</strong></span> <span class='ocrx_word' id='word_1_298' title='bbox 566 2178 594 2206; x_wconf 78' lang='lat'><strong>2.</strong></span> <span class='ocrx_word' id='word_1_299' title='bbox 616 2179 699 2206; x_wconf 82' lang='lat' dir='ltr'><strong>extr.</strong></span> 
     </span>
     <span class='ocr_line' id='line_1_35' title="bbox 128 2224 557 2259; baseline 0.012 -8"><span class='ocrx_word' id='word_1_300' title='bbox 128 2225 167 2251; x_wconf 45' lang='lat'><strong>³5³:</strong></span> <span class='ocrx_word' id='word_1_301' title='bbox 167 2224 316 2259; x_wconf 72' lang='lat' dir='ltr'><strong>JEpist.</strong></span> <span class='ocrx_word' id='word_1_302' title='bbox 337 2226 377 2254; x_wconf 84' lang='lat' dir='ltr'><strong>ad</strong></span> <span class='ocrx_word' id='word_1_303' title='bbox 396 2227 464 2255; x_wconf 80' lang='lat' dir='ltr'><strong>Att.</strong></span> <span class='ocrx_word' id='word_1_304' title='bbox 484 2228 507 2255; x_wconf 91' lang='lat'><strong>1.</strong></span> <span class='ocrx_word' id='word_1_305' title='bbox 528 2227 557 2255; x_wconf 84' lang='lat'><strong>6.</strong></span> 
     </span>
    </p>
   </div>
   <div class='ocr_carea' id='block_1_6' title="bbox 53 2275 1496 2347">
    <p class='ocr_par' dir='ltr' id='par_1_6' title="bbox 53 2275 1496 2347">
     <span class='ocr_line' id='line_1_36' title="bbox 53 2275 1496 2347; baseline -0.002 -42"><span class='ocrx_word' id='word_1_306' title='bbox 53 2319 65 2347; x_wconf 57' lang='grc' dir='ltr'><em>τ</em></span> <span class='ocrx_word' id='word_1_307' title='bbox 130 2277 169 2301; x_wconf 56' lang='lat'><strong>³2³2*-</strong></span> <span class='ocrx_word' id='word_1_308' title='bbox 159 2319 183 2346; x_wconf 70' lang='lat' dir='ltr'><strong>F</strong></span> <span class='ocrx_word' id='word_1_309' title='bbox 169 2275 223 2310; x_wconf 60' lang='lat'><strong>³23³)</strong></span> <span class='ocrx_word' id='word_1_310' title='bbox 244 2278 278 2305; x_wconf 90' lang='lat' dir='ltr'><strong>ut</strong></span> <span class='ocrx_word' id='word_1_311' title='bbox 298 2278 333 2306; x_wconf 90' lang='lat' dir='ltr'><strong>P.</strong></span> <span class='ocrx_word' id='word_1_312' title='bbox 350 2277 537 2313; x_wconf 79' lang='lat' dir='ltr'><strong>manutium,</strong></span> <span class='ocrx_word' id='word_1_313' title='bbox 559 2276 611 2312; x_wconf 88' lang='lat' dir='ltr'><strong>qui</strong></span> <span class='ocrx_word' id='word_1_314' title='bbox 630 2278 741 2312; x_wconf 82' lang='lat' dir='ltr'><strong>legens</strong></span> <span class='ocrx_word' id='word_1_315' title='bbox 757 2275 994 2320; x_wconf 63' lang='grc' dir='ltr'><em>χρησιομαῆῆ</em></span> <span class='ocrx_word' id='word_1_316' title='bbox 1020 2277 1246 2312; x_wconf 73' lang='lat' dir='ltr'><strong>interpretatur</strong></span> <span class='ocrx_word' id='word_1_317' title='bbox 1265 2276 1353 2305; x_wconf 81' lang='lat' dir='ltr'><strong>utilia</strong></span> <span class='ocrx_word' id='word_1_318' title='bbox 1372 2275 1496 2303; x_wconf 77' lang='lat' dir='ltr'><strong>discen-</strong></span> 
     </span>
     <span class='ocr_line' id='line_1_37' title="bbox 66 2324 271 2347; baseline -0.01 0"><span class='ocrx_word' id='word_1_319' title='bbox 66 2324 271 2347; x_wconf 67' lang='lat' dir='ltr'><strong>em.AEs1.</strong></span> 
     </span>
    </p>
   </div>
   <div class='ocr_carea' id='block_1_7' title="bbox 57 2361 1495 2504">
    <p class='ocr_par' dir='ltr' id='par_1_7' title="bbox 57 2361 1494 2501">
     <span class='ocr_line' id='line_1_38' title="bbox 133 2361 1494 2420; baseline -0.005 -14"><span class='ocrx_word' id='word_1_320' title='bbox 133 2369 179 2409; x_wconf 80' lang='lat' dir='ltr'><strong>·l·]</strong></span> <span class='ocrx_word' id='word_1_321' title='bbox 200 2377 271 2406; x_wconf 65' lang='lat' dir='ltr'><strong>Bag</strong></span> <span class='ocrx_word' id='word_1_322' title='bbox 292 2371 362 2401; x_wconf 83' lang='lat'><strong>336</strong></span> <span class='ocrx_word' id='word_1_323' title='bbox 378 2374 412 2402; x_wconf 85' lang='lat' dir='ltr'>F</span> <span class='ocrx_word' id='word_1_324' title='bbox 450 2364 621 2412; x_wconf 78' lang='grc' dir='ltr'><em>Τὺρβαζε,</em></span> <span class='ocrx_word' id='word_1_325' title='bbox 647 2364 762 2410; x_wconf 75' lang='grc' dir='ltr'><em>Μάνη</em></span> <span class='ocrx_word' id='word_1_326' title='bbox 782 2380 863 2402; x_wconf 91' lang='lat' dir='ltr'><strong>nune</strong></span> <span class='ocrx_word' id='word_1_327' title='bbox 882 2374 1053 2408; x_wconf 78' lang='lat' dir='ltr'><strong>receptum.</strong></span> <span class='ocrx_word' id='word_1_328' title='bbox 1083 2371 1170 2400; x_wconf 76' lang='lat' dir='ltr'><strong>limi</strong></span> <span class='ocrx_word' id='word_1_329' title='bbox 1179 2361 1323 2420; x_wconf 83' lang='grc' dir='ltr'><em>μανήν.</em></span> <span class='ocrx_word' id='word_1_330' title='bbox 1356 2370 1494 2399; x_wconf 76' lang='lat' dir='ltr'><strong>Verbum</strong></span> 
     </span>
     <span class='ocr_line' id='line_1_39' title="bbox 60 2409 1495 2459; baseline 0 -14"><span class='ocrx_word' id='word_1_331' title='bbox 60 2410 218 2459; x_wconf 80' lang='grc' dir='ltr'><em>φόρβαζε</em></span> <span class='ocrx_word' id='word_1_332' title='bbox 239 2422 428 2453; x_wconf 72' lang='lat' dir='ltr'><strong>corruptum,</strong></span> <span class='ocrx_word' id='word_1_333' title='bbox 439 2426 628 2454; x_wconf 83' lang='lat' dir='ltr'><strong>quamquam</strong></span> <span class='ocrx_word' id='word_1_334' title='bbox 645 2420 802 2447; x_wconf 80' lang='lat' dir='ltr'><strong>Muretum</strong></span> <span class='ocrx_word' id='word_1_335' title='bbox 822 2420 852 2448; x_wconf 83' lang='lat' dir='ltr'><strong>id</strong></span> <span class='ocrx_word' id='word_1_336' title='bbox 867 2422 1013 2448; x_wconf 80' lang='lat' dir='ltr'><strong>consulto</strong></span> <span class='ocrx_word' id='word_1_337' title='bbox 1033 2427 1051 2448; x_wconf 82' lang='lat' dir='ltr'><strong>a</strong></span> <span class='ocrx_word' id='word_1_338' title='bbox 1068 2409 1187 2458; x_wconf 74' lang='grc' dir='ltr'><em>φορβή</em></span> <span class='ocrx_word' id='word_1_339' title='bbox 1203 2416 1360 2446; x_wconf 80' lang='lat' dir='ltr'><strong>formasse</strong></span> <span class='ocrx_word' id='word_1_340' title='bbox 1379 2417 1495 2446; x_wconf 74' lang='lat' dir='ltr'><strong>existi-</strong></span> 
     </span>
     <span class='ocr_line' id='line_1_40' title="bbox 57 2457 1230 2504; baseline 0.002 -12"><span class='ocrx_word' id='word_1_341' title='bbox 57 2465 124 2492; x_wconf 89' lang='lat' dir='ltr'><strong>mat</strong></span> <span class='ocrx_word' id='word_1_342' title='bbox 142 2462 286 2491; x_wconf 81' lang='lat' dir='ltr'><strong>Faesius.</strong></span> <span class='ocrx_word' id='word_1_343' title='bbox 325 2463 427 2491; x_wconf 85' lang='lat' dir='ltr'><strong>Paulo</strong></span> <span class='ocrx_word' id='word_1_344' title='bbox 447 2464 522 2496; x_wconf 84' lang='lat' dir='ltr'><strong>post</strong></span> <span class='ocrx_word' id='word_1_345' title='bbox 542 2461 721 2489; x_wconf 75' lang='lat' dir='ltr'><strong>Dindorfius</strong></span> <span class='ocrx_word' id='word_1_346' title='bbox 741 2457 848 2501; x_wconf 75' lang='grc' dir='ltr'><em>ψύξει</em></span> <span class='ocrx_word' id='word_1_347' title='bbox 869 2469 909 2493; x_wconf 83' lang='grc' dir='ltr'><strong>σε</strong></span> <span class='ocrx_word' id='word_1_348' title='bbox 928 2459 1071 2504; x_wconf 73' lang='grc' dir='ltr'><strong>ὸιιίιιων</strong></span> <span class='ocrx_word' id='word_1_349' title='bbox 1091 2464 1230 2494; x_wconf 83' lang='lat' dir='ltr'><strong>retinuit.</strong></span> 
     </span>
    </p>
   </div>
   <div class='ocr_carea' id='block_1_8' title="bbox 133 2510 770 2557">
    <p class='ocr_par' dir='ltr' id='par_1_8' title="bbox 133 2510 770 2557">
     <span class='ocr_line' id='line_1_41' title="bbox 133 2510 770 2557; baseline -0.006 -7"><span class='ocrx_word' id='word_1_350' title='bbox 133 2516 207 2557; x_wconf 60' lang='grc' dir='ltr'><strong><em>’Χ-’Ό</em></strong></span> <span class='ocrx_word' id='word_1_351' title='bbox 228 2523 299 2552; x_wconf 74' lang='lat' dir='ltr'><strong>pag.</strong></span> <span class='ocrx_word' id='word_1_352' title='bbox 319 2518 390 2547; x_wconf 74' lang='lat'><strong>337.</strong></span> <span class='ocrx_word' id='word_1_353' title='bbox 412 2518 452 2547; x_wconf 92' lang='lat' dir='ltr'><strong>A.</strong></span> <span class='ocrx_word' id='word_1_354' title='bbox 473 2510 582 2549; x_wconf 83' lang='grc' dir='ltr'><strong><em>κακός</em></strong></span> <span class='ocrx_word' id='word_1_355' title='bbox 600 2517 770 2546; x_wconf 86' lang='lat' dir='ltr'><strong>retentum.</strong></span> 
     </span>
    </p>
   </div>
   <div class='ocr_carea' id='block_1_9' title="bbox 131 2565 953 2911">
    <p class='ocr_par' dir='ltr' id='par_1_9' title="bbox 133 2565 953 2668">
     <span class='ocr_line' id='line_1_42' title="bbox 133 2565 953 2614; baseline 0.009 -14"><span class='ocrx_word' id='word_1_356' title='bbox 133 2572 234 2614; x_wconf 44' lang='grc' dir='ltr'><strong>’χαι-ἡ)</strong></span> <span class='ocrx_word' id='word_1_357' title='bbox 255 2580 326 2608; x_wconf 83' lang='lat' dir='ltr'><strong>pag.</strong></span> <span class='ocrx_word' id='word_1_358' title='bbox 346 2573 417 2603; x_wconf 71' lang='lat'><strong>3:13.</strong></span> <span class='ocrx_word' id='word_1_359' title='bbox 437 2574 478 2602; x_wconf 89' lang='lat' dir='ltr'><strong>A.</strong></span> <span class='ocrx_word' id='word_1_360' title='bbox 500 2565 662 2608; x_wconf 76' lang='grc' dir='ltr'><em>ἅπαντας</em></span> <span class='ocrx_word' id='word_1_361' title='bbox 680 2582 763 2605; x_wconf 84' lang='lat' dir='ltr'><strong>nune</strong></span> <span class='ocrx_word' id='word_1_362' title='bbox 782 2578 953 2613; x_wconf 75' lang='lat' dir='ltr'><strong>receptum.</strong></span> 
     </span>
     <span class='ocr_line' id='line_1_43' title="bbox 133 2623 840 2668; baseline 0.006 -11"><span class='ocrx_word' id='word_1_363' title='bbox 133 2633 177 2668; x_wconf 43' lang='grc' dir='ltr'><strong>ἢ)</strong></span> <span class='ocrx_word' id='word_1_364' title='bbox 197 2631 376 2660; x_wconf 82' lang='lat' dir='ltr'><strong>Dindorfius</strong></span> <span class='ocrx_word' id='word_1_365' title='bbox 396 2630 484 2661; x_wconf 83' lang='lat' dir='ltr'><strong>dedit</strong></span> <span class='ocrx_word' id='word_1_366' title='bbox 505 2623 654 2664; x_wconf 70' lang='grc' dir='ltr'><strong>ἐκείνοις</strong></span> <span class='ocrx_word' id='word_1_367' title='bbox 674 2636 704 2663; x_wconf 89' lang='lat' dir='ltr'><strong>et</strong></span> <span class='ocrx_word' id='word_1_368' title='bbox 725 2624 840 2665; x_wconf 84' lang='grc' dir='ltr'><em>πότοι.</em></span> 
     </span>
    </p>

    <p class='ocr_par' dir='ltr' id='par_1_10' title="bbox 131 2680 470 2715">
     <span class='ocr_line' id='line_1_44' title="bbox 131 2680 470 2715; baseline 0.006 -10"><span class='ocrx_word' id='word_1_369' title='bbox 131 2680 200 2715; x_wconf 53' lang='grc' dir='ltr'><strong>ιτεὶῑε)</strong></span> <span class='ocrx_word' id='word_1_370' title='bbox 222 2680 324 2708; x_wconf 81' lang='lat' dir='ltr'><strong>carm.</strong></span> <span class='ocrx_word' id='word_1_371' title='bbox 347 2680 398 2708; x_wconf 89' lang='lat' dir='ltr'><strong>lV.</strong></span> <span class='ocrx_word' id='word_1_372' title='bbox 420 2681 470 2708; x_wconf 77' lang='lat'><strong>25.</strong></span> 
     </span>
    </p>

    <p class='ocr_par' dir='ltr' id='par_1_11' title="bbox 134 2727 543 2763">
     <span class='ocr_line' id='line_1_45' title="bbox 134 2727 543 2763; baseline 0.007 -9"><span class='ocrx_word' id='word_1_373' title='bbox 134 2727 226 2763; x_wconf 49' lang='lat'><strong>*³:520</strong></span> <span class='ocrx_word' id='word_1_374' title='bbox 244 2728 370 2757; x_wconf 86' lang='lat' dir='ltr'><strong>Trucul.</strong></span> <span class='ocrx_word' id='word_1_375' title='bbox 390 2729 414 2755; x_wconf 92' lang='lat'><strong>1.</strong></span> <span class='ocrx_word' id='word_1_376' title='bbox 435 2728 471 2763; x_wconf 80' lang='lat'><strong>2,</strong></span> <span class='ocrx_word' id='word_1_377' title='bbox 492 2727 543 2757; x_wconf 77' lang='lat'><strong>94.</strong></span> 
     </span>
    </p>

    <p class='ocr_par' dir='ltr' id='par_1_12' title="bbox 133 2775 486 2813">
     <span class='ocr_line' id='line_1_46' title="bbox 133 2775 486 2813; baseline 0 -8"><span class='ocrx_word' id='word_1_378' title='bbox 133 2775 181 2813; x_wconf 70' lang='grc' dir='ltr'>Ἠ</span> <span class='ocrx_word' id='word_1_379' title='bbox 201 2775 336 2805; x_wconf 81' lang='lat' dir='ltr'><strong>Aeneid.</strong></span> <span class='ocrx_word' id='word_1_380' title='bbox 357 2777 394 2804; x_wconf 82' lang='grc' dir='ltr'><strong>Π.</strong></span> <span class='ocrx_word' id='word_1_381' title='bbox 414 2776 486 2805; x_wconf 80' lang='lat'><strong>325.</strong></span> 
     </span>
    </p>

    <p class='ocr_par' dir='ltr' id='par_1_13' title="bbox 133 2823 450 2862">
     <span class='ocr_line' id='line_1_47' title="bbox 133 2823 450 2862; baseline 0.003 -10"><span class='ocrx_word' id='word_1_382' title='bbox 133 2823 206 2862; x_wconf 47' lang='grc' dir='ltr'><strong>ἢ)</strong></span> <span class='ocrx_word' id='word_1_383' title='bbox 227 2831 299 2859; x_wconf 78' lang='lat' dir='ltr'><strong>pag.</strong></span> <span class='ocrx_word' id='word_1_384' title='bbox 319 2824 390 2852; x_wconf 77' lang='grc'>348.</span> <span class='ocrx_word' id='word_1_385' title='bbox 411 2825 450 2853; x_wconf 87' lang='lat' dir='ltr'><strong>D.</strong></span> 
     </span>
    </p>

    <p class='ocr_par' dir='ltr' id='par_1_14' title="bbox 134 2872 749 2911">
     <span class='ocr_line' id='line_1_48' title="bbox 134 2872 749 2911; baseline 0.005 -10"><span class='ocrx_word' id='word_1_386' title='bbox 134 2872 233 2911; x_wconf 75' lang='lat'>†††)</span> <span class='ocrx_word' id='word_1_387' title='bbox 255 2875 323 2903; x_wconf 80' lang='lat' dir='ltr'><strong>Hoc</strong></span> <span class='ocrx_word' id='word_1_388' title='bbox 344 2874 500 2903; x_wconf 80' lang='lat' dir='ltr'><strong>vocabulo</strong></span> <span class='ocrx_word' id='word_1_389' title='bbox 522 2873 749 2905; x_wconf 76' lang='lat' dir='ltr'><strong>abstinendum.</strong></span> 
     </span>
    </p>
   </div>
  </div>
 </body>
</html>
