1726 3106
483 568 1128 621 PRAEFATIO

86 715 586 775 FRIDERICI
663 712 1078 771 AUGUSTI
1154 712 1524 771 WOLFII.

669 908 944 916 ..—.....-————

89 1068 294 1134 Quamvis
330 1078 425 1120 haec
462 1084 634 1131 tempora
667 1084 802 1119 nostra
834 1091 968 1132 parum
998 1078 1131 1118 favere
1169 1077 1374 1119 videantur
1400 1078 1527 1129 libris,

89 1148 155 1203 qui
199 1145 269 1188 toti
312 1151 404 1186 sunt
446 1145 491 1185 de
537 1143 671 1184 critico
717 1157 861 1198 genere
905 1149 944 1184 et
980 1142 1020 1182 in
1062 1143 1302 1198 corrigendis
1351 1153 1528 1188 veterum

90 1214 320 1268 scriptorum
363 1210 457 1252 locis
485 1218 718 1252 versantur:
768 1209 921 1251 exstitit
949 1216 1077 1249 tamen
1105 1223 1383 1264 nonnunquam
1414 1212 1530 1253 libra·

87 1280 172 1322 rius
199 1293 299 1320 unus
328 1285 367 1319 et
393 1278 519 1326 alter,
550 1277 615 1331 qui
645 1277 800 1318 chartae
829 1277 868 1317 in
899 1283 956 1317 tot
985 1275 1136 1316 frivolis
1168 1275 1279 1317 hodie
1306 1277 1422 1317 nimis
1453 1278 1530 1320 cito

88 1345 287 1402 pereuntis
307 1346 461 1386 fortuna
483 1351 612 1385 motus
635 1344 681 1384 ad
703 1342 920 1384 istiusmodi
944 1343 1086 1397 scripta
1106 1343 1277 1384 animum
1305 1344 1529 1398 appelleret,

89 1411 153 1454 vel
185 1419 228 1453 ut
255 1411 296 1452 in
327 1414 509 1452 tabernas
539 1409 710 1451 redirent
741 1410 880 1450 dudum
910 1408 1116 1459 distracta,
1148 1410 1211 1451 vel
1241 1424 1342 1451 nova
1373 1417 1415 1451 ut
1443 1424 1532 1465 pro-

90 1485 254 1520 starent.
314 1476 355 1517 Id
387 1475 589 1517 consilium
626 1475 702 1516 iam
734 1476 905 1530 pluribus
938 1475 1076 1516 abhinc
1106 1475 1220 1517 annis
1258 1476 1420 1517 reddidit
1448 1485 1530 1518 stu-

90 1543 209 1585 diosis
231 1542 343 1583 Vinc.
371 1542 605 1592 Contareni,
634 1543 677 1583 Β.
709 1541 868 1584 Martini
896 1541 1033 1583 Varias
1057 1541 1279 1592 Lectiones,
1312 1543 1358 1585 G.
1388 1544 1529 1597 Cuperi

89 1609 392 1652 Observationes
432 1609 604 1665 aliosque
642 1609 761 1649 libros
800 1608 946 1663 aliquot
980 1607 1151 1650 eiusdem
1193 1609 1330 1652 classis
1368 1612 1530 1667 repetita

89 1677 256 1720 editione
282 1675 532 1731 parabiliores
561 1677 699 1717 factos.

197 1743 255 1785 Ac
285 1742 396 1783 nobis
421 1741 572 1796 quidem
604 1754 718 1796 saepe
753 1739 916 1794 optabile
944 1740 1072 1782 visum
1101 1748 1182 1790 est,
1221 1749 1263 1782 ut
1291 1742 1379 1784 libri
1407 1744 1532 1786 critici

90 1810 213 1860 tales,
257 1810 320 1864 qui
351 1809 393 1849 in
429 1807 556 1862 aliquo
597 1820 759 1847 numero
797 1812 911 1859 atque
946 1805 1094 1848 honore
1138 1816 1297 1859 essent,
1337 1811 1376 1851 in
1411 1827 1532 1853 unum

93 1890 231 1931 corpus
254 1876 532 1930 iungerentur,
564 1888 642 1914 non
664 1871 826 1926 integris
850 1871 981 1912 verbis
1004 1880 1206 1914 auctorum
1239 1875 1375 1928 (nimia
1398 1878 1533 1933 quippe

92 1944 214 1985 moles
236 1944 380 1995 esset),
412 1941 477 1981 sed
499 1941 552 1980 ita
574 1947 616 1980 ut
638 1946 844 1994 excerptae
870 1939 1054 1980 darentur
1073 1940 1319 1982 coniecturae
1341 1950 1379 1983 et
1402 1958 1535 1985 emen-

92 2010 290 2058 dationes,
337 2005 563 2048 emendandi
598 2006 777 2054 caussis,
825 2019 937 2060 quam
982 2005 1066 2046 fieri
1107 2013 1238 2060 posset
1286 2009 1531 2058 brevissime,

93 2075 290 2118 subiectis.
352 2074 475 2128 Eget,
506 2072 539 2113 si
569 2086 641 2126 qua
671 2071 745 2112 alia
774 2085 838 2113 ars
870 2078 937 2112 aut
964 2070 1187 2126 disciplina,
1218 2073 1357 2114 talibus
1387 2075 1535 2117 instru-

92 2142 234 2184 mentis
251 2141 421 2196 profecto
434 2139 528 2180 haec
549 2146 626 2179 tam
644 2152 806 2192 operosa
821 2146 858 2180 et
877 2138 1077 2193 multiplex
1096 2139 1341 2192 antiquarum
1361 2141 1535 2182 doctrina

91 2208 308 2250 literarum.
358 2206 494 2256 Nunc,
525 2205 704 2260 quidquid
733 2204 896 2245 istorum
924 2205 1201 2260 praesidiorum
1232 2214 1384 2256 exstat,
1417 2222 1533 2261 quum

94 2281 153 2315 tot
173 2273 451 2323 voluminibus,
481 2272 617 2330 partim
649 2271 763 2313 etiam
784 2271 904 2321 raris,
936 2272 1150 2327 dispersum
1180 2272 1254 2312 sit:
1289 2280 1365 2314 tam
1398 2275 1534 2315 maiori

94 2340 193 2395 parti
231 2341 458 2389 doctorum,
504 2352 601 2393 quae
637 2337 876 2378 bibliothecis
915 2344 1048 2385 caret,
1101 2351 1214 2391 quam
1251 2341 1417 2390 ceteris,
1470 2341 1535 2395 qui

94 2406 202 2448 libris
234 2406 356 2460 magis
390 2405 587 2447 abundant
627 2418 739 2457 quam
778 2403 882 2453 otio,
935 2411 1068 2459 gratus
1110 2404 1311 2446 videbatur
1347 2407 1536 2448 eiusmodi

95 2472 204 2513 labor
233 2472 384 2512 futurus
411 2485 512 2512 esse.
567 2469 822 2522 Quamobrem
850 2471 985 2521 miror,
1017 2472 1139 2526 quod,
1173 2487 1288 2526 quum
1319 2480 1395 2513 tam
1426 2474 1537 2515 multi

98 2553 151 2579 ex
178 2538 356 2578 litteratis
386 2537 497 2578 hodie
524 2553 619 2592 opus
647 2545 859 2592 quaerant,
891 2544 934 2577 ut
961 2537 1041 2579 sint
1068 2539 1200 2588 etiam,
1230 2539 1293 2593 qui
1322 2540 1360 2580 in
1392 2540 1537 2581 libello-

96 2618 183 2645 rum
220 2604 500 2659 periodicorum
539 2604 728 2646 indicibus
768 2605 954 2646 faciendis
990 2605 1190 2655 laborent,
1230 2605 1374 2647 nemini
1413 2607 1537 2648 adhuc

95 2677 173 2711 tam
197 2671 394 2711 fructuosa
416 2677 569 2724 tamque
591 2672 749 2725 pauxilli
771 2672 916 2725 ingenii
937 2672 1134 2725 occupatio
1156 2672 1197 2712 in
1221 2679 1387 2713 mentem
1411 2674 1534 2714 venit.

207 2735 284 2776 lam
312 2750 406 2777 vero
436 2744 479 2778 ut
501 2738 657 2779 librario
680 2739 794 2780 taleni
816 2739 953 2779 librum
975 2752 1155 2792 reparare
1175 2739 1320 2780 volenti
1342 2741 1535 2783 Muretum

97 2801 338 2856 potissimum
368 2803 584 2854 traderem,
614 2804 742 2859 plures
771 2818 934 2846 caussae
960 2805 1133 2856 fuerunt,
1163 2806 1230 2847 sed
1254 2806 1408 2848 eaedem
1437 2808 1536 2858 fere,
