1778 3096
221 149 307 193 492
369 148 670 192 OBSERVAT.
704 146 847 187 IURIS
877 146 981 186 LIB.
1014 145 1224 186 SINGUL.
1277 145 1396 186 CAP.
1429 146 1518 188 XV.

219 263 387 316 Magnas
417 265 514 302 enim
547 260 782 300 difficultates
813 258 953 296 exoriri
982 256 1107 304 videt,
1141 258 1219 296 sive
1247 265 1431 310 uterque,
1463 260 1541 297 sive
1570 260 1666 299 alter

221 327 387 366 tantum,
418 321 496 357 sive
527 325 663 356 neuter
691 317 879 353 institutus
909 326 993 362 esse
1032 313 1192 351 dicatur.
1252 313 1329 352 Diu
1358 322 1478 353 autem
1507 315 1664 353 luctatus

221 383 412 428 postremo
441 387 487 412 eo
520 373 693 417 devenit,
722 378 763 408 ut
791 371 959 407 Azonem
991 375 1168 420 sequutus
1198 367 1317 415 dicat,
1349 370 1550 407 institutum
1580 384 1665 409 esse

221 432 362 477 filium,
392 431 429 468 ei
457 436 578 467 autem
611 427 845 465 substitutum
875 431 1061 475 nepotem.
1121 423 1229 471 Quod
1256 425 1366 474 vulgo
1394 433 1598 475 sequuntur
1627 433 1678 464 et.

221 486 311 525 alii:
355 492 529 537 quantum
565 482 712 534 quidem
752 481 898 525 exiis,
940 481 1000 529 qui
1038 479 1121 516 illos
1151 480 1340 527 lectitant,
1380 480 1505 519 audio.
1565 481 1664 519 Nam

221 555 295 592 ego
333 541 481 593 quidem
522 553 594 577 non
634 549 750 587 usque
787 548 832 574 eo
871 535 1002 573 stultns
1034 548 1137 581 sum,
1182 542 1222 571 ut
1257 535 1318 586 qui
1357 536 1472 573 semel
1511 549 1576 575 eos
1616 549 1665 575 ex

141 615 162 626 -
221 597 452 635 bibliotheca
470 608 552 632 mea
574 593 865 637 exturbaverim,
881 603 1010 628 rursus
1033 592 1067 627 in
1089 603 1215 628 eorum
1238 591 1392 627 somniis
1411 598 1473 628 aut
1495 591 1664 630 emendis

221 653 381 705 pecunia
429 658 492 690 aut
534 648 701 700 legendis
746 655 913 697 tempore
950 646 1053 683 abuti
1087 647 1211 683 velim.
1279 644 1356 683 Sed
1392 647 1480 683 mihi
1516 646 1664 698 quidem

221 707 401 746 Accursii
434 706 619 744 sententia
659 704 727 740 hoc
764 703 846 740 loco
883 701 1033 752 probari
1070 715 1142 738 non
1173 707 1310 751 potest.
1368 700 1467 738 Nam
1507 709 1666 740 testator

223 765 286 815 qui
312 764 425 801 filium
450 761 686 812 superstitem
717 758 890 803 haberet,
914 764 1085 807 nepotem
1116 758 1264 807 impune
1292 757 1497 807 praeterire
1528 758 1664 807 potuit,

131 825 201 857 520
223 820 285 870 qui
315 817 477 856 nondum
507 817 542 854 ei
577 822 657 853 erat
687 813 799 851 heres
836 826 938 850 suus.
1000 810 1143 859 Quodsi
1181 825 1263 849 eum
1293 818 1414 849 tamen
1454 813 1549 863 patri
1579 812 1668 850 sub-

223 875 393 913 stitutum
424 885 508 910 esse
539 870 722 915 dicamus,
748 870 828 906 eius
860 867 1130 905 substitutionis
1158 868 1250 905 haec
1277 867 1452 905 videlicet
1481 869 1667 906 sententia

222 931 311 969 erit.
363 929 405 968 Si
428 929 524 966 filins
549 939 652 964 mens
676 937 733 962 me
757 925 839 961 vivo
865 924 1059 969 morietur,
1092 931 1167 960 tum
1192 930 1380 973 nepotem,
1412 923 1473 974 qui
1497 923 1586 960 mihi
1616 935 1666 962 ex

223 998 271 1024 eo
301 991 384 1031 est,
417 984 596 1028 instituo,
629 981 763 1032 eique,
795 980 826 1016 si
856 979 985 1016 mortis
1014 991 1118 1016 meae
1148 977 1269 1016 adhuc
1299 985 1465 1028 tempore
1494 978 1667 1029 pupillari

221 1047 348 1080 aetate
378 1040 471 1085 erit,
512 1037 702 1075 Maevium
737 1041 896 1073 tutorem
937 1033 997 1072 do.
1059 1034 1144 1082 Quo
1180 1047 1269 1071 casu
1303 1046 1424 1084 neque
1468 1032 1513 1071 de
1552 1041 1668 1072 testa-

222 1103 375 1142 mento,
416 1106 537 1145 neque
569 1092 614 1130 de
652 1092 787 1128 tutoris
824 1090 999 1137 datione,
1039 1091 1123 1141 quin
1156 1103 1225 1141 per
1253 1102 1293 1127 se
1325 1090 1465 1135 valeat,
1507 1088 1669 1128 dubitari

221 1158 364 1204 potest.
425 1149 476 1187 Et
508 1155 631 1186 tamen
662 1160 771 1185 casus
801 1147 934 1197 aliquis
965 1145 1157 1196 ponendus
1186 1151 1264 1190 est,
1306 1145 1341 1182 in
1371 1159 1441 1196 quo
1471 1151 1668 1196 utrumque

222 1208 264 1245 in
290 1206 439 1244 dubium
464 1205 590 1243 vocari
620 1210 757 1254 potest,
784 1210 936 1253 propter
964 1202 1024 1239 illa
1054 1201 1166 1239 verba
1188 1201 1461 1246 Iurisconsulti,
1482 1201 1669 1238 dationem

225 1262 486 1313 confirmatam
516 1267 555 1298 et
583 1260 843 1309 emfirmatum
879 1264 1153 1295 testamentum.
1213 1256 1308 1294 Nam
1340 1255 1435 1306 quod
1471 1256 1521 1292 ita
1550 1256 1668 1293 inter-

221 1324 441 1370 pretantur,
484 1316 768 1366 corfirmutum,
810 1312 847 1351 id
876 1321 956 1359 cst,
997 1327 1069 1351 non
1100 1319 1265 1363 ruptum,
1302 1312 1362 1350 vel
1391 1311 1665 1362 corfirmetum,

222 1372 264 1411 id
293 1378 376 1418 est,
408 1377 684 1415 conservatum,
717 1369 805 1409 mihi
837 1369 1001 1420 quamvis
1032 1369 1155 1418 magni
1185 1374 1357 1404 auctores
1388 1380 1461 1403 non
1493 1366 1666 1416 probant.

226 1428 460 1478 Confirmurz'
484 1426 657 1463 dicuntur
686 1438 752 1471 ea,
783 1437 876 1475 quae
907 1437 974 1474 per
1004 1437 1045 1461 se
1075 1437 1147 1461 non
1181 1423 1327 1460 valent:
1366 1428 1406 1458 ut
1434 1428 1533 1458 tutor
1561 1420 1669 1458 datus

222 1496 248 1521 a
277 1489 412 1528 matre,
443 1488 483 1519 ut
512 1480 618 1518 datus
647 1494 669 1518 a
696 1487 801 1532 patre
830 1480 905 1516 filio
936 1479 1181 1528 emancipato.
1231 1478 1283 1515 Ut
1313 1489 1406 1527 quae
1437 1476 1668 1513 rescissione

223 1545 363 1589 egent,
396 1537 466 1574 hoc
492 1537 573 1588 ipso
602 1536 860 1585 intelliguntur
888 1534 1039 1571 valere:
1072 1535 1122 1570 ita
1151 1545 1243 1583 quae
1274 1531 1567 1577 confirmatione,
1597 1531 1670 1568 1100

221 1595 309 1644 ipso
340 1607 412 1630 non
444 1593 587 1630 valere.
647 1592 700 1629 At
729 1591 792 1627 illa
824 1589 1035 1627 substitutio
1067 1590 1201 1638 illaque
1231 1587 1365 1624 tutoris
1400 1586 1499 1623 datio
1529 1599 1597 1637 per
1626 1599 1670 1624 se

223 1648 466 1687 subsistebat.
524 1647 582 1684 Ita
611 1647 726 1697 igitur
763 1646 951 1683 existimo.
1010 1644 1187 1682 Testator
1213 1643 1383 1680 instituto
1413 1642 1488 1678 filio
1524 1642 1669 1692 nepoti,

222 1717 333 1755 quem
364 1717 412 1742 ex
440 1716 486 1741 eo
517 1702 700 1747 habebat,
732 1708 891 1738 tutorem
919 1700 995 1739 dat.
1055 1700 1096 1738 Si
1127 1699 1223 1736 filius
1259 1697 1355 1748 patri
1386 1701 1577 1747 supersoes
1604 1698 1668 1744 sit,

221 1760 324 1797 valet
351 1765 637 1796 testamentum:
667 1755 732 1795 sed
752 1757 885 1793 tutoris
916 1755 1016 1793 datio
1036 1755 1135 1792 nulla
1160 1761 1230 1791 est.
1282 1752 1366 1799 Quo
1386 1753 1483 1790 enim
1510 1759 1671 1790 tutorem

221 1813 494 1853 filiofamilias?
552 1812 630 1851 Sed
660 1811 811 1857 accidit,
844 1818 884 1849 ut
912 1812 1184 1862 praemoriatur
1212 1808 1322 1845 filiUS.
1383 1806 1515 1845 videri
1548 1814 1672 1858 potest

221 1877 421 1920 utrumque
451 1881 645 1907 corruere.
704 1867 802 1904 Nam
834 1874 872 1904 et
900 1880 1015 1917 nepos
1042 1866 1146 1917 quasi
1177 1862 1438 1914 adgnascendo
1467 1864 1603 1914 rumpit
1631 1861 1671 1900 id

224 1932 515 1971 testamentum,
548 1926 586 1962 in
617 1936 687 1974 quo
715 1923 940 1974 praeteritus
973 1929 1052 1959 est:
1088 1928 1124 1959 et
1154 1927 1261 1970 rupto
1289 1925 1534 1964 testamento,
1566 1918 1672 1967 quie-

221 1979 313 2031 quid
342 1981 379 2018 in
411 1993 456 2017 eo
492 1981 668 2030 scriptum
700 1985 782 2025 est,
823 1979 968 2015 irritum
996 1985 1066 2015 est.
1127 1974 1203 2013 Sed
1235 1975 1372 2012 auxilio
1403 1981 1459 2011 est
1489 1974 1547 2010 lex
1576 1973 1672 2011 Iulia

220 2035 399 2081 Velleia,
432 2048 526 2087 quae
555 2042 595 2072 ut
625 2034 758 2071 multos
789 2033 882 2071 alios
912 2030 1108 2083 rumpendi
1136 2044 1245 2068 casus
1277 2029 1452 2074 abstulit,
1492 2029 1544 2065 ita
1573 2028 1671 2066 hune

221 2103 387 2142 quoque.
449 2090 579 2128 Voluit
615 2090 712 2126 enim
748 2101 838 2135 eOS,
882 2089 943 2139 qui
978 2089 1061 2125 vivo
1091 2093 1271 2124 testatore
1303 2086 1339 2122 in
1370 2085 1489 2122 locum
1518 2096 1671 2121 suorum

220 2145 403 2184 heredum
432 2144 479 2183 ab
500 2157 546 2183 eo
566 2145 817 2182 institutorum
848 2142 1066 2188 succedunt,
1089 2147 1348 2180 testamentum
1374 2153 1447 2176 non
1476 2151 1669 2189 rumpere,

223 2200 292 2239 sed
321 2214 369 2238 ex
399 2214 445 2240 eo
484 2201 564 2251 ipso
597 2206 819 2237 testamento
849 2198 1010 2236 heredes
1041 2210 1148 2236 esse:
1187 2198 1212 2234 l.
1251 2196 1384 2233 Gallus
1411 2193 1448 2247 両.
1481 2196 1669 2244 sequenti,

223 2257 271 2294 de
301 2257 367 2294 lib.
401 2263 439 2294 et
459 2262 562 2307 post.
581 2252 627 2307 続続続)
660 2255 723 2292 ubi
753 2255 804 2291 ita
834 2254 942 2304 lego:
984 2253 1166 2304 Sequenti
1187 2258 1325 2302 parte,
1359 2251 1602 2288 succedentes
1631 2251 1672 2287 in

225 2312 346 2350 locum
376 2311 578 2349 liberorum
604 2324 678 2348 non
707 2311 787 2348 vult
821 2310 885 2346 lew
912 2322 1085 2359 rumpere
1114 2313 1390 2345 testamentum.
1450 2304 1503 2341 Et
1532 2305 1582 2341 ita
1613 2304 1672 2341 in-

220 2365 504 2417 terpretandum
527 2373 605 2404 est:
630 2366 682 2404 Ut
701 2366 732 2402 si
753 2371 791 2402 et
810 2364 922 2401 filium
945 2371 982 2401 et
1002 2369 1172 2413 nepotem
1193 2369 1230 2399 et
1253 2366 1491 2412 pronepotem
1512 2359 1667 2404 habeas,

217 2423 379 2460 mortuis
399 2422 567 2472 utrisque
594 2434 710 2471 nepos
728 2421 888 2457 instituti
913 2419 1122 2456 succedens
1143 2419 1179 2454 in
1201 2418 1257 2454 sui
1280 2415 1431 2453 heredis
1455 2415 1571 2452 locum
1596 2427 1671 2451 non

218 2484 382 2528 rumpat.
445 2476 524 2515 Cur
557 2477 608 2514 ita
645 2474 837 2526 legendum
869 2482 1017 2526 putem,
1057 2475 1128 2510 alio
1158 2473 1240 2509 loco
1278 2471 1442 2522 pluribus
1472 2469 1667 2506 disseram.

220 2531 335 2570 Nunc
363 2545 567 2582 persequar
588 2532 702 2569 verba
723 2531 889 2581 Ulpiani,
913 2531 948 2567 in
980 2530 1110 2581 quibus
1135 2528 1317 2578 vulgatam
1340 2526 1558 2575 scripturam
1581 2524 1671 2560 Flo-

220 2588 394 2625 rentinae
415 2594 623 2639 antepono:
645 2587 802 2637 legoque
822 2586 892 2623 hoe
915 2586 1044 2622 modo:
1071 2585 1171 2623 Idem
1191 2589 1249 2620 est
1266 2582 1334 2619 uln
1353 2593 1466 2631 nepos
1484 2580 1544 2617 vel
1561 2580 1672 2616 heres

222 2643 419 2680 institutus
444 2644 509 2689 sit,
530 2644 591 2681 vel
616 2642 835 2680 nominatim
866 2654 915 2678 慮留)
943 2641 1156 2678 heredibus.
1202 2637 1309 2675 Dicit
1333 2637 1450 2683 0111111,
1480 2635 1550 2672 hoc
1578 2646 1670 2685 quo-

222 2709 295 2748 que
326 2710 418 2735 casu
438 2711 570 2769 続'neque
598 2698 718 2749 rumpi
749 2703 1033 2742 testamentum,
1063 2701 1104 2733 et
1136 2692 1325 2736 dationem
1352 2691 1494 2730 valere.

298 2804 343 2841 *J
364 2806 400 2836 11,
420 2806 471 2836 29.
491 2807 523 2843 S
545 2805 595 2836 13.
624 2808 663 2836 n.
682 2806 825 2836 xxvm.
847 2807 877 2835 2.

726 2895 1166 2921 畚
