1778 3096
673 199 791 241 CAP.
820 178 914 241 vu.
1440 202 1523 245 483

83 311 151 351 sub
181 312 239 349 tit.
296 312 353 349 De
374 311 502 361 pactis
528 311 740 355 conventis,
774 317 848 349 tam
878 324 991 361 saper
1023 311 1132 357 dote,
1173 323 1282 363 qaam
1313 324 1429 362 snper
1457 314 1523 351 do-

81 369 233 406 natione
261 373 347 404 ante
376 367 542 415 nuptias,
576 372 615 403 et
635 365 891 415 paraphernis
907 364 978 417 2¹²),
1015 366 1050 403 in
1078 366 1171 404 haec
1196 366 1332 405 verba:
1367 370 1523 406 Pactam

81 423 207 460 dotale
235 434 306 471 quo
334 427 491 458 matrem
523 421 736 458 convenisse
765 433 845 457 cam
868 428 983 471 patre
1012 428 1076 460 tao
1098 424 1308 472 proponis,
1351 429 1394 460 ut
1420 424 1458 460 si
1482 425 1521 461 in

81 476 332 515 matrimonio
352 477 591 520 decessisset,
637 475 708 512 tibi
732 481 770 512 et
793 475 995 526 fratribus
1027 478 1101 513 tais
1139 478 1206 513 dos
1235 479 1517 522 restitueretur,

80 533 119 569 si
140 531 332 581 stipulatio
361 544 409 568 eac
425 543 591 581 persona
620 537 768 574 vestra,
799 543 879 567 cam
907 532 944 568 in
964 537 1152 580 potestate
1173 534 1301 581 patris
1328 533 1526 570 constituti

81 599 157 624 non
190 586 344 630 essetis,
385 588 505 623 minas
545 586 710 634 legitima
745 586 959 622 intercessit
972 601 983 623 .-
1023 585 1201 636 defancta
1230 600 1274 624 ea
1313 588 1351 625 in
1389 589 1522 625 matri-

80 641 228 687 monio,
271 641 452 678 actionem
484 639 585 677 vobis
614 653 797 689 quaerere
825 653 899 678 non
933 641 1081 690 potuit,
1127 642 1196 678 sed
1222 643 1261 679 si
1291 642 1520 692 obligatione

79 695 275 734 verboram
318 696 391 732 rite
428 695 702 741 intercedente,
755 696 854 733 dotis
889 696 1107 746 petitionem
1148 696 1288 734 habere
1333 698 1518 747 potuisti,

80 752 242 788 maxime
277 751 315 787 si
339 750 461 787 adhuc
489 750 649 787 vinealis
679 752 880 800 potestatis
904 751 1058 800 patriae
1084 763 1159 788 non
1190 753 1414 802 attingeris,
1451 765 1522 803 pe-

82 807 246 843 titionem
277 806 417 855 eoeeqai
444 817 519 841 non
550 805 780 854 prohiberis.
840 804 1007 855 Fingunt
1038 806 1135 842 enim
1173 804 1293 843 dotem
1324 814 1520 844 constante

81 860 153 897 iam
186 859 418 897 matrimonio
452 858 599 905 datam3
642 866 679 896 et
709 872 774 896 eos
804 859 923 905 filios,
966 859 1012 897 de
1041 860 1173 910 quibus
1213 860 1401 898 reddenda
1434 861 1520 900 dote

81 921 201 952 mater
230 921 334 965 pacta
363 912 519 959 dicitur,
562 926 644 951 cum
676 912 742 951 dos
781 913 956 961 daretur,
999 915 1069 952 iam
1101 917 1350 966 emancipatos
1382 917 1517 955 fuisse.

80 970 190 1017 Quae
216 976 372 1020 utraque
393 969 645 1006 commentitia
673 976 759 1006 sunt
787 975 823 1007 et
849 970 1058 1018 nugatoria.
1105 970 1147 1008 Si
1169 972 1267 1008 enim
1292 972 1363 1009 iam
1394 985 1522 1009 eman-

81 1025 193 1075 cipati
222 1031 344 1069 eraut,
369 1036 436 1060 cur
463 1022 551 1061 illud
576 1025 613 1060 in
641 1031 810 1061 extremo
838 1025 885 1062 ab
903 1025 1132 1075 Imperatore
1163 1025 1327 1071 additur,
1353 1029 1522 1065 Maoeinze

79 1081 119 1117 si
144 1079 266 1117 adhuc
301 1080 457 1117 vinculis
488 1080 691 1130 potestatis
724 1081 878 1130 patriae
916 1093 988 1118 non
1027 1082 1243 1130 attingeres.
1304 1081 1392 1119 Nisi
1424 1083 1521 1120 sorte

80 1135 287 1180 somniant,
332 1133 450 1179 hunc,
497 1135 558 1184 qui
594 1133 735 1184 pridem
777 1136 1031 1186 emancipatus
1070 1136 1214 1182 fuerat,
1263 1144 1394 1187 postea
1432 1150 1522 1175 casu

80 1189 204 1240 aliquo
234 1187 416 1227 recidisse
446 1189 482 1226 in
517 1195 734 1239 potestatem
765 1191 895 1240 patris.
958 1189 1066 1237 Quod
1093 1204 1174 1229 cum
1207 1192 1267 1229 vix
1296 1193 1377 1230 fieri
1409 1206 1520 1243 posse

81 1251 251 1282 constet:
296 1251 333 1281 ct
363 1242 561 1281 absurdum
592 1244 639 1280 sit
668 1245 753 1282 talia
783 1245 1037 1282 comminisci:
1083 1253 1271 1297 praestat,
1303 1259 1428 1285 veram
1446 1245 1519 1298 aas)

80 1299 170 1337 facti
213 1299 374 1349 speciem
414 1311 649 1348 proponere,
697 1312 790 1349 quae
816 1313 960 1338 omnem
994 1302 1205 1352 scrupulum
1243 1302 1394 1340 eximat.
1452 1302 1525 1340 Est

80 1361 204 1392 autem
236 1354 352 1392 haec:
392 1352 534 1391 Mulier
571 1367 653 1391 cum
685 1355 719 1391 ei
756 1363 912 1405 nuptura
950 1363 1078 1402 esset,
1122 1369 1168 1394 ex
1197 1369 1268 1407 quo
1305 1358 1377 1394 iam
1413 1365 1524 1395 antea

81 1409 267 1447 naturales
307 1408 445 1446 liberos
487 1415 726 1459 susceperat,
773 1410 809 1447 in
850 1409 971 1448 danda
1010 1409 1098 1449 dote
1136 1419 1242 1462 pacta
1284 1419 1367 1458 est,
1411 1415 1444 1451 si
1484 1414 1523 1451 in

80 1465 314 1502 matrimonio
352 1462 603 1510 decessisset,
653 1477 734 1502 eam
773 1465 859 1502 filiis
906 1467 1160 1504 communibus
1200 1467 1408 1505 restitutum
1458 1468 1519 1505 iri.

80 1518 219 1558 Postea
258 1519 406 1570 nupsit,
454 1526 562 1569 atque
605 1531 649 1556 eo
689 1518 797 1557 modo
836 1520 969 1567 liberi,
1015 1522 1074 1571 qui
1114 1522 1215 1572 prius
1260 1523 1296 1559 in
1337 1530 1522 1574 potestate

80 1575 197 1626 patris
226 1588 297 1611 non
329 1581 452 1620 erant,
483 1575 519 1611 in
553 1586 597 1612 ea
627 1586 712 1612 esse
742 1582 961 1625 coeperunt.
1015 1575 1178 1614 Moritur
1204 1585 1338 1615 mater.
1397 1579 1524 1626 Quae-

80 1630 198 1675 ritur,
241 1642 287 1666 an
325 1629 388 1666 filii
428 1630 600 1666 actionen
639 1628 684 1666 ad
724 1628 847 1667 dotem
886 1631 1124 1682 repetendam
1166 1631 1345 1670 adversus
1381 1641 1523 1684 patrem

80 1683 267 1722 habeant?
314 1682 367 1720 Et
395 1683 597 1734 respondet
618 1684 894 1734 lniperatorj‘si
926 1687 1044 1723 minus
1072 1687 1330 1725 intercesserit
1359 1689 1524 1739 legitima

80 1739 267 1791 stipulatio
297 1751 534 1789 PKPOESOHfi
566 1739 758 1791 ipsorum}
787 1740 823 1777 id
855 1747 937 1787 est,
969 1742 1042 1778 nisi
1074 1743 1223 1793 ipsimet
1251 1744 1414 1793 stipulati
1448 1745 1524 1782 sint

80 1808 103 1832 a
132 1801 258 1845 patre,
291 1792 413 1830 dotem
440 1794 511 1832 sibi
539 1807 583 1831 eo
613 1807 701 1832 casu
731 1796 940 1833 restitutum
968 1797 1038 1834 iri:
1073 1796 1167 1847 quod
1198 1798 1325 1836 facere
1356 1799 1523 1849 legitime

80 1856 276 1901 poterant,
324 1861 405 1886 cum
433 1850 468 1886 in
508 1850 588 1888 eius
619 1857 803 1900 potestate
833 1865 906 1889 non
947 1858 1098 1889 essent:
1141 1865 1188 1890 ex
1220 1860 1385 1891 materno
1416 1861 1523 1905 pacto

81 1917 148 1942 eos
188 1904 377 1941 habituros
418 1918 488 1941 non
533 1917 618 1942 esse
654 1906 852 1943 actionem.
923 1906 1001 1944 Sed
1040 1908 1072 1944 si
1108 1908 1293 1958 stipulatio
1333 1922 1379 1947 ex
1418 1916 1525 1960 parte

81 1961 244 2010 ipsorum
275 1960 493 2009 interposita
523 1967 604 2007 est,
638 1961 821 2008 maxime,
854 1960 890 1998 id
918 1969 997 2008 est,
1030 1962 1081 2000 ita
1110 1961 1254 2000 demum
1287 1976 1352 2001 eos
1383 1964 1523 2002 habere

81 2015 265 2052 actionem
306 2013 484 2051 adversus
517 2022 681 2065 patrem,
727 2017 758 2053 si
795 2017 867 2053 iam
906 2029 952 2054 cx
978 2017 1079 2054 illius
1119 2025 1304 2068 potestate
1345 2021 1521 2057 exierint.

81 2069 178 2107 Nam
211 2070 241 2106 si
270 2068 390 2106 adhuc
432 2070 467 2106 iu
498 2077 684 2120 potestate
715 2072 810 2117 sint,
856 2072 995 2109 nemini
1025 2071 1174 2110 dubium
1205 2080 1290 2120 est,
1329 2075 1429 2112 inter
1458 2088 1524 2112 eos

82 2132 120 2162 et
149 2131 289 2176 patrem
328 2123 501 2162 iudicium
532 2133 706 2163 constare
739 2140 811 2164 non
842 2140 971 2178 posse.
1030 2128 1072 2165 In
1109 2141 1154 2166 eo
1194 2129 1308 2179 igitur
1340 2131 1524 2180 rescripto

79 2182 259 2218 siminus
297 2179 394 2217 idem
432 2181 530 2218 valet
567 2180 662 2232 quod
702 2183 800 2227 nisi,
845 2189 883 2219 et
911 2184 1072 2220 maxime
1110 2183 1209 2221 idem
1247 2183 1343 2234 quod
1380 2187 1522 2235 atique,

81 2233 122 2273 ut
160 2247 270 2286 saepe
299 2235 407 2274 alias.
466 2235 601 2287 Neque
642 2236 871 2275 reticendum
912 2245 994 2284 est,
1035 2238 1097 2275 ubi
1130 2239 1269 2288 legitur
1305 2241 1522 2289 attingeriS,

82 2289 202 2327 media
242 2290 365 2327 littera
404 2289 570 2328 detracta
609 2291 805 2341 legendum
844 2291 965 2330 videri
1004 2295 1192 2332 attineris.
1251 2295 1314 2332 Sic
1350 2297 1446 2332 enim
1489 2303 1527 2332 et

81 2344 177 2396 apud
199 2345 367 2383 Tacitum
385 2343 503 2397 ἢῆ),
527 2348 673 2385 vincalo
693 2350 886 2387 servitutis
911 2350 1082 2397 attineri,
1104 2355 1142 2386 et
1161 2349 1257 2402 apud
1283 2349 1438 2388 eundem
1454 2349 1523 2403 †),

81 2402 241 2439 attineri
263 2401 433 2439 custodia
455 2401 622 2451 publiea.

573 2489 604 2529 C
634 2491 672 2530 A
698 2491 732 2530 P
761 2492 798 2531 U
827 2491 862 2530 T
917 2492 982 2531 VI
990 2492 1022 2530 Ι.

391 2557 578 2604 Illadere,
613 2559 828 2609 ladfficari,
862 2558 1026 2596 ludibrio
1053 2558 1210 2597 habere.

77 2612 313 2680 ILLUDERE,
347 2634 553 2684 lztdficari,
588 2636 749 2674 ludibrio
778 2636 918 2674 habere
948 2647 1059 2686 saepe
1089 2635 1185 2687 apud
1215 2636 1386 2687 antiquos
1409 2637 1525 2687 turpi-

79 2687 219 2725 tudinis
250 2695 287 2726 et
316 2688 581 2727 obscoenitatis
614 2691 923 2741 significationem
953 2690 1113 2736 habent,
1155 2697 1195 2728 ut
1226 2692 1323 2742 apud
1354 2692 1524 2729 Graecos

153 2766 197 2800 ἢ)
225 2766 260 2794 L.
283 2766 312 2794 4.
334 2766 369 2795 C.
410 2766 449 2795 V.
470 2765 519 2795 14.
560 2767 623 2795 Pro
643 2767 851 2802 paraphernis
879 2767 928 2796 ed.
948 2774 996 2802 pr.
1017 2768 1106 2796 erut.
1126 2769 1158 2796 et
1178 2768 1304 2796 Ruhnk.
1332 2767 1449 2797 vitiose
1468 2776 1526 2803 pa·-

77 2802 354 2874 raph-:iZ-Zfft-njwi'eranz
376 2840 560 2874 scripsimus
580 2849 638 2876 pro
660 2843 780 2880 utram,
802 2842 886 2878 quod
907 2841 939 2870 in
961 2841 1103 2872 editione
1122 2842 1260 2877 August.
1280 2844 1340 2871 est.
1377 2843 1417 2872 D.
1440 2843 1478 2871 R.

150 2878 245 2911 ἰίὲὲῖὲ-ὶὶἓ)
267 2879 382 2906 Annal.
404 2878 456 2906 lib.
479 2880 561 2906 Xltt.
583 2886 652 2913 cao.
675 2880 725 2909 27.

150 2913 196 2953 †)
216 2916 336 2946 Annal.
357 2915 413 2946 lib.
434 2918 486 2945 111.
509 2923 578 2951 cap.
600 2917 651 2947 36.

1188 2953 1282 2994 31*

1549 1200 1613 1231 510
