1726 3106
200 112 253 155 9&
766 108 892 149 VAit.
922 109 1074 147 LECT.

725 234 1009 274 CAPUT
1065 236 1121 275 11.

653 312 795 352 Tibulli
820 327 949 352 versus
977 314 1204 356 illustratus.

206 396 453 454 Surnmomz
491 409 650 464 anuo*)
701 411 800 450 edidi
841 413 993 451 Scholia
1037 412 1215 464 quaedam
1260 414 1295 452 in
1335 413 1545 463 Tibullum3
1592 418 1647 457 et,

207 478 380 523 quantum
413 470 517 506 licuit
539 481 605 519 per
627 469 817 518 angustias
839 469 1016 520 temporis
1043 483 1181 520 perque
1203 470 1483 520 occupationes,
1517 467 1649 519 quibus

207 526 434 571 distinebar,
474 537 622 574 operam
663 523 771 569 dedi,
816 532 852 561 ut
890 538 970 561 mea
1010 524 1189 562 industria
1220 528 1326 576 poe'ta
1365 526 1425 562 ille
1457 531 1494 561 ct
1524 536 1651 561 emen-

209 582 329 620 datius
359 581 449 631 legi,
482 587 520 617 et
543 581 684 617 minore
707 581 856 629 negotio
886 580 1041 629 intelligi
1073 587 1212 631 posset.
1262 581 1404 618 Multos
1425 580 1520 617 enim
1549 579 1651 616 locos

209 637 430 688 depravatos
459 635 629 679 restitui,
671 635 851 672 obscuros
880 635 1088 680 declaravi,
1123 636 1315 673 nonnullos
1347 637 1473 681 etiam,
1505 634 1565 685 qui
1596 635 1653 671 in-

209 693 308 743 tegri
340 691 576 743 putabantur,
610 704 759 727 mancos
789 704 832 728 ac
864 692 1011 728 mutilos
1041 704 1124 727 csse
1155 690 1339 729 iudicavi:
1375 706 1420 729 ne
1452 703 1558 740 quem
1588 689 1653 726 ob-

209 749 321 786 ducta
349 748 445 784 forte
482 746 637 783 cicatrix
674 746 834 783 falleret.
896 746 971 784 Sed
1013 747 1111 783 inter
1148 754 1274 785 cetera
1311 760 1392 784 cum
1430 759 1560 784 versus
1601 744 1654 781 illi

211 817 232 842 e
263 804 359 842 libro
386 801 547 840 secundo
563 797 635 852 ἢ)
669 801 720 837 ita
749 801 981 851 legerentur,

319 881 478 924 Ludite,-
516 880 590 916 z'am
619 879 709 916 Nox·
739 879 868 927 iungit
891 891 1025 928 equos:
1057 891 1284 930 currumque
1310 885 1519 930 sequuntur

404 935 545 972 Marte&
576 935 713 971 lascivo
740 934 870 970 sidera
888 933 1002 983 Jiclva
1032 935 1169 972 choro.-

210 1011 411 1056 admonui,
443 1025 516 1048 non
546 1011 710 1055 Marus,
744 1008 808 1047 sed
838 1012 998 1055 Matris,
1034 1009 1226 1060 legendum
1259 1023 1366 1055 esse;
1410 1011 1527 1060 ipsam
1557 1009 1655 1047 enim

210 1068 370 1106 Noctem
407 1073 560 1104 matrem
601 1065 762 1102 siderum
795 1064 884 1103 dici.
943 1065 1028 1103 Hoc
1069 1066 1167 1103 nullo
1203 1074 1278 1103 tuin
1320 1065 1530 1103 testimonio
1567 1078 1656 1103 cou-

213 1122 430 1161 fumandum
462 1129 564 1159 ratus
595 1134 697 1158 sum:
729 1120 825 1171 quod
857 1121 1041 1159 neminem
1070 1122 1237 1171 putabam
1269 1122 1320 1158 ita
1350 1121 1523 1158 stolidum
1558 1121 1654 1165 fore,

213 1179 274 1229 qui
313 1191 386 1216 non
424 1177 546 1214 statim
587 1176 686 1213 illius
723 1175 992 1213 emendationis
1032 1177 1233 1214 bonitatem
1268 1190 1312 1214 ac
1341 1178 1535 1214 veritatem
1551 1189 1658 1243 'per-

213 1235 392 1285 spiceret.
451 1232 577 1277 Nunc,
610 1245 691 1268 cum
721 1231 892 1276 videam,
926 1233 1084 1281 r-epeiiri
1115 1231 1290 1283 quosdam
1320 1245 1437 1282 usque
1469 1246 1513 1269 eo
1542 1228 1659 1282 ἀμού-

213 1286 443 1339 σουςῆξῗὲἢῗ),
485 1295 524 1325 ut
553 1293 713 1337 negent,
757 1288 846 1323 satis
880 1287 1002 1337 lepide
1040 1286 1112 1324 dici
1154 1301 1264 1337 posse
1299 1286 1458 1324 Noctem
1495 1286 1658 1324 siderum

214 1352 393 1382 matrem:
450 1342 608 1393 ideoque
655 1341 700 1379 ad
742 1342 839 1379 illam
881 1342 1063 1391 vulgatam
1116 1344 1335 1392 scripturam
1386 1342 1660 1380 defendendam

214 1402 342 1450 inepta
387 1397 564 1449 quaedam
612 1396 656 1435 de
696 1397 832 1434 Martis
881 1397 1004 1434 sidere
1045 1399 1393 1435 comminiscantur:
1442 1400 1560 1435 visum
1602 1406 1661 1436 est

213 1455 361 1499 testari,
394 1455 548 1505 primum
579 1453 616 1489 in
645 1452 739 1489 libro
770 1460 922 1497 vetere,
956 1453 1016 1503 qui
1046 1465 1160 1502 penes
1192 1467 1247 1490 me
1279 1461 1356 1499 est,
1393 1456 1551 1499 flIulris,
1585 1468 1659 1491 non

213 1511 377 1555 Martis,
418 1509 517 1559 legi:
565 1506 698 1544 deinde
735 1508 785 1544 ita
826 1508 938 1545 etiam
972 1508 1133 1544 locutum
1166 1507 1382 1559 Euripidem
1419 1522 1463 1547 ac
1496 1509 1660 1546 Noctem
1701 1555 1704 1558 ἢ

212 1567 378 1605 sederam
424 1562 682 1615 rzzttrzcenz†)
730 1575 899 1601 vocasse.
978 1562 1037 1600 lta
1081 1564 1180 1600 enim
1230 1563 1326 1615 apud
1370 1577 1453 1602 eum
1503 1564 1662 1604 Electra

214 1621 376 1673 10quitur
393 1619 501 1672 ιι»

434 1697 484 1735 ’.Ω
513 1693 584 1744 νὺξ
609 1694 784 1746 μέλαινα,
814 1692 981 1747 χρυσέων
1010 1691 1157 1748 clavom
1189 1694 1315 1748 τροφέ.

220 1773 259 1812 ld
290 1782 348 1812 est
364 1788 374 1811 ε

436 1841 527 1879 Nooe
556 1852 758 1878 aureorum
778 1838 902 1891 furva
930 1840 1065 1877 nutrix:
1097 1839 1276 1877 siderum.

133 1925 196 1955 103
219 1915 297 1954 Sed
330 1923 368 1954 et
403 1917 500 1962 alia,
543 1929 636 1967 quae
674 1915 771 1954 idem
810 1917 1096 1962 confirmarent,
1138 1917 1275 1954 afferre
1314 1917 1514 1968 quamlibet
1550 1918 1662 1957 multa

219 1985 392 2023 possem:
432 1973 505 2009 nisi
535 1972 604 2010 hoc
636 1972 728 2009 satis
760 1985 945 2023 superque
975 1972 1055 2009 fore
1085 1972 1307 2010 arbitrarer.

729 2124 1019 2163 CAPUT
1075 2126 1158 2163 ΙΙΙ.

317 2202 475 2253 Virgilii
499 2215 653 2250 versus,
684 2205 722 2242 in
754 2216 826 2255 quo
857 2204 1074 2241 Ciceronem
1103 2204 1271 2241 imitatus
1299 2203 1424 2242 vz‘derz'
1437 2211 1578 2256 potest.

225 2292 394 2351 Mummi
424 2316 628 2366 sumpsisse
655 2316 857 2367 Virgilium
888 2329 959 2353 non
989 2329 1010 2353 a
1039 2316 1156 2367 poe'tis
1187 2314 1311 2362 modo,
1343 2317 1404 2367 qui
1433 2325 1518 2356 ante
1548 2319 1667 2370 ipsum

229 2371 398 2416 fuerant,
448 2382 575 2409 verum
613 2372 721 2410 etiam
761 2371 808 2409 ab
842 2372 910 2418 iis,
959 2371 1020 2423 qui
1051 2372 1170 2410 soluta
1209 2373 1378 2410 oratione
1418 2374 1664 2425 scripserant,

308 2518 352 2554 ἡ)
372 2520 395 2547 1.
414 2526 441 2546 e.
464 2519 553 2547 1558.
586 2520 632 2546 Ea
652 2517 775 2547 scholia
793 2519 941 2549 leguntur
960 2517 992 2546 in
1010 2518 1088 2554 opp
1109 2520 1196 2548 Tom
1209 2520 1247 2548 11.
1267 2525 1338 2554 pag.
1353 2519 1460 2549 873—
1467 2520 1518 2551 9⁰.
1551 2522 1668 2558 LocuS,

233 2556 275 2586 ad
294 2564 386 2592 quem
406 2556 457 2584 hic
476 2555 619 2592 respicit,
643 2558 693 2585 est
713 2556 1024 2592 pag.892.FA1-:S1.

311 2604 379 2640 ὶ-ἈἛ)
399 2605 487 2639 Eleg.
508 2606 531 2633 1.
552 2612 582 2633 v.
603 2604 644 2632 87
664 2611 711 2638 sq.

312 2653 404 2689 *naq
425 2653 543 2688 Tangit
561 2652 720 2681 Achillem
740 2651 878 2681 Statium
897 2654 1101 2691 Lusitanum‚
1125 2660 1215 2687 quem
1237 2651 1301 2681 vid.
1323 2653 1364 2681 ad
1383 2654 1414 2682 h.
1434 2654 1455 2682 1.
1494 2655 1604 2683 FAnsr.

313 2699 359 2738 †)
380 2702 414 2729 ln
434 2701 579 2729 Editione
607 2700 707 2735 prima
736 2703 878 2729 Muretus
906 2701 1079 2736 scripserat
1105 2703 1241 2729 siderum
1271 2702 1425 2730 alumnam
1452 2701 1504 2738 [et
1523 2702 1570 2730 sic
1589 2701 1671 2732 infra

237 2737 332 2774 furva
350 2739 474 2767 alumna
492 2738 664 2776 sidet-anth
685 2740 766 2775 quod
785 2739 924 2768 mutavit
943 2740 982 2768 de
1002 2739 1214 2768 admonitione
1227 2739 1370 2768 Lambini
1391 2739 1423 2768 in
1443 2739 1579 2775 epistola
1597 2741 1671 2771 lau-

239 2777 313 2805 data
333 2783 404 2811 pag.
423 2776 495 2806 399.
534 2778 572 2806 D.
592 2778 630 2806 R.

315 2822 390 2863 ††)
410 2831 442 2854 v.
462 2824 514 2854 ⁵4.
