1726 3106
114 1129 154 1158 15

181 144 233 186 12
742 143 866 182 VAR.
900 143 1053 183 LECT.

177 269 241 294 sus
281 261 418 294 tantam
457 251 597 291 hahent
629 265 710 291 cum
742 254 910 292 isocrate
949 268 969 291 a
1010 254 1165 305 quadam
1203 254 1368 292 eiusdem
1401 254 1454 291 rei
1487 264 1615 290 narra-

176 313 279 350 tione
319 308 599 348 similitudinem
640 315 677 346 et
715 311 1034 355 convenientiam,
1076 318 1114 347 ut
1153 323 1232 347 eam
1271 313 1379 361 poma
1408 322 1479 346 non
1509 306 1615 345 modo

176 368 368 411 imitatus,
411 363 477 403 sed
516 376 632 415 prope
661 364 925 416 interpretatus
956 378 1040 402 esse
1071 365 1254 404 videatur.
1316 365 1400 412 Qua
1428 363 1474 402 de
1504 375 1546 400 re
1578 369 1617 399 ut

177 423 294 460 cuivis
333 422 524 470 utriusque
564 419 711 468 linguae
742 421 965 470 intelligenti
996 421 1210 458 existimare
1243 422 1378 466 liceat,
1425 419 1616 469 utriusque

177 477 289 516 verba
322 477 528 514 subiiciam.
591 475 662 512 His
693 476 808 526 igitur
838 476 1007 514 versibus
1038 489 1118 513 cam
1145 476 1300 514 Latinus
1336 482 1438 513 vates
1468 481 1617 512 senten-

177 534 264 571 tiam
294 539 352 570 est
382 537 605 569 exsecutus:

289 600 379 637 Cum
402 602 682 648 prorepserunt
702 598 838 648 primis
867 597 1047 634 animalia
1076 597 1204 642 terris,

285 656 435 692 Mutum
465 660 502 691 ec
527 659 636 703 turpe
662 666 801 702 pecus,
830 654 1009 702 glandem
1040 658 1151 702 alque
1182 652 1318 689 cubilia
1341 658 1515 702 propser,

293 708 486 758 Unguibus
515 714 552 745 ec
576 709 745 758 pugnis,
774 709 857 745 (lein
876 707 1072 758 fustibus,
1103 713 1215 757 alque
1246 709 1299 744 ila
1326 720 1445 758 porro

287 763 518 814 Pugnabant
546 765 689 809 armis,
720 776 815 813 quae
841 770 928 812 post
946 763 1217 813 fabricaverat
1241 775 1355 800 usus.-

285 820 414 857 Donec
439 818 580 863 verba,
610 817 744 868 qne'bns
769 830 877 856 voces
904 830 1106 868 sensusque
1138 823 1330 863 notarent,

285 875 520 924 Nominaqzce
548 874 738 910 invenere.
797 874 942 910 Dehinc
974 873 1158 909 abse’slcre
1189 872 1298 918 bello,

290 930 433 980 Oppida
461 934 664 978 coeperunt
694 929 840 965 munire
870 934 907 965 et
932 941 1075 979 ponere
1104 929 1218 976 leges·

177 1006 367 1045 Isocrates
401 1012 523 1043 autem
566 1004 617 1041 ita
647 1003 844 1041 Nicoclem
883 1004 1093 1054 loquentem
1138 1001 1306 1049 faciffl).
1346 998 1622 1070 Ἐγγενομὲνου

177 1059 218 1100 δὲ
243 1058 336 1113 ἠμῖν
363 1063 431 1100 τοῦ
460 1059 615 1099 πείθειν
642 1056 838 1110 ἀλλήλους,
867 1059 932 1098 καὶ
961 1061 1105 1110 δηλοῦν
1131 1057 1229 1111 ποὸς
1250 1056 1354 1110 ημᾶς
1373 1053 1513 1103 αὐτοὺς
1536 1054 1623 1107 περὶ

177 1117 232 1156 ὠν
273 1132 321 1156 αν
357 1117 635 1181 βουληθῶμεν,
675 1112 721 1153 οὐ
757 1111 878 1165 μόνον
908 1118 977 1154 τοῦ
1007 1116 1224 1179 θηοιωδῶς
1245 1118 1312 1166 ζην
1341 1108 1621 1164 ἀπηλλάγημεν,

177 1169 272 1212 ἀλλὰ
298 1171 363 1212 καὶ
394 1167 646 1218 συνελθόντες
671 1167 800 1218 πόλεις
831 1167 1046 1226 ᾠκίσαμεν,
1086 1170 1152 1210 καὶ
1179 1166 1324 1221 νόμους
1349 1167 1541 1219 ἐθέμεθα,
1583 1173 1622 1205 ct

176 1241 274 1280 quae
305 1234 523 1280 sequuntur.

682 1323 980 1364 CAPUT
1035 1325 1120 1366 Vl.

299 1406 492 1444 Ciceronis
516 1405 620 1443 loeus
645 1417 695 1441 esc
724 1404 895 1441 oratione
919 1417 992 1455 pro
1022 1407 1064 1443 P.
1099 1404 1269 1453 Quinctio
1291 1402 1456 1454 pulchre
1489 1413 1513 1439 a

619 1460 738 1498 Paulo
769 1460 944 1497 Manutc'o
974 1467 1183 1497 correctns.

178 1539 314 1605 QUOD
342 1574 374 1598 sz
394 1559 536 1611 sacer-e
565 1560 674 1604 nole',t
706 1565 820 1609 atque
853 1558 1059 1596 inhe'vbuent
1083 1558 1267 1595 ei‘nsmodz
1282 1556 1495 1594 rati'ombus
1518 1555 1621 1593 z'llnm

178 1619 230 1655 ad
266 1629 356 1654 suas
385 1617 616 1654 concle'nones
649 1616 888 1665 per‘rlncete:
931 1627 1011 1651 sese
1038 1615 1136 1651 ni'lul
1158 1625 1332 1663 precare,
1376 1618 1432 1656 et,
1471 1612 1509 1648 εἰ
1533 1610 1624 1661 qued

177 1685 295 1722 agere
338 1673 447 1718 velat,
495 1672 632 1708 i‘nslcczo
670 1669 886 1719 defendere.
963 1669 1019 1706 lta
1058 1669 1232 1719 leguntur
1271 1666 1469 1704 Ciceronis
1509 1665 1624 1703 verba

178 1727 272 1765 haec
315 1740 363 1764 ex
400 1727 570 1764 oratione
608 1739 674 1789 pro
705 1724 750 1761 P.
785 1724 963 1772 Quinctio
978 1721 1051 1775 ᾖ)
1090 1725 1127 1761 in
1157 1723 1327 1760 omnibus
1357 1722 1550 1773 impressis
1579 1722 1623 1758 li-

179 1783 283 1828 bris,
316 1789 575 1833 praeterquam
607 1782 644 1817 in
663 1780 904 1818 Manutianis.
965 1779 1072 1827 Quae
1104 1792 1186 1816 cum
1218 1785 1390 1828 corrupta
1419 1790 1503 1815 esse
1533 1789 1623 1814 con-

180 1844 320 1883 staret,
363 1838 537 1882 fuerunt,
580 1837 641 1885 qui
682 1849 749 1886 pro
787 1836 996 1874 2'nln'·bue7it
1033 1841 1257 1886 reponerent
1291 1834 1511 1872 instituerit.
1571 1831 1624 1869 At

178 1894 398 1945 praeclare,
446 1900 484 1929 ut
531 1891 649 1937 solet,
698 1890 916 1928 Manutius.
965 1889 1009 1928 de
1057 1904 1128 1942 quo
1173 1890 1253 1927 viro
1293 1890 1426 1926 merito
1464 1887 1623 1925 dubitari

179 1955 330 2012 potest,
373 1948 504 1998 plusne
546 1947 627 1996 ipse
661 1946 865 1992 Ciceroni,
902 1959 947 1983 an
978 1947 1049 1997 ipsi
1081 1946 1219 1984 Cicero
1248 1944 1397 1983 debeat.
1456 1943 1553 1981 Nam
1586 1950 1624 1981 et

178 2005 259 2055 ipse
300 2002 504 2040 tractandis
531 2001 681 2039 assidue
714 2001 912 2039 Ciceronis
943 2002 1093 2053 sciiptis
1123 2015 1203 2038 eam
1234 2007 1430 2038 assecutus
1462 2006 1521 2037 est
1546 1999 1623 2036 elo-

180 2059 351 2109 quentilc
386 2057 551 2103 laudem,
597 2070 666 2108 qua
697 2058 813 2094 vincit
839 2069 994 2093 omnes:
1033 2065 1070 2094 et
1105 2070 1186 2094 cum
1218 2055 1262 2093 ad
1294 2056 1509 2104 ingenium,
1551 2067 1621 2105 quo

180 2115 353 2159 excellit,
386 2112 594 2150 addidisset
624 2125 704 2150 eam
739 2112 997 2162 diligentiam,
1031 2124 1184 2162 eamque
1212 2111 1377 2148 laborum
1410 2111 1622 2161 perpessio-

180 2181 262 2207 nem
293 2182 337 2206 ac
365 2169 614 2213 tolerantiam,
646 2180 716 2218 qua
746 2169 864 2213 vires,
895 2168 1086 2218 ipsamque
1114 2166 1207 2204 adeo
1230 2164 1475 2203 valetudinem
1501 2178 1619 2211 suam,

181 2238 316 2275 magno
347 2231 475 2262 nostro
507 2223 690 2268 omnium,
724 2230 900 2273 quotquot
931 2235 1035 2269 eum,
1067 2223 1151 2274 quia
1183 2222 1291 2273 plane
1325 2222 1510 2266 novimus,
1540 2220 1621 2271 plu-

181 2280 265 2318 rimi
295 2280 407 2318 etiam
440 2280 622 2324 facimus,
663 2278 791 2316 dolore
820 2279 1042 2328 prostravit3
1084 2277 1303 2315 incredibile
1331 2284 1417 2324 est,
1459 2283 1546 2326 quot
1574 2276 1620 2314 ab

180 2348 349 2373 errorum
390 2335 547 2372 millibus
577 2347 642 2371 eos
671 2334 785 2371 libros
816 2334 1034 2372 felicissime
1063 2332 1274 2371 vindicarit.
1335 2333 1388 2370 At
1420 2339 1523 2369 aetas
1554 2345 1621 2369 no—

181 2398 260 2429 stra
303 2391 494 2428 mirificam
537 2388 717 2441 quandam
757 2390 889 2426 extulit
927 2390 1000 2426 vim
1029 2389 1213 2426 hominum
1246 2388 1518 2439 improborum,
1560 2387 1620 2437 qui

183 2459 353 2497 magnam
383 2445 528 2484 laudem
554 2446 591 2482 in
621 2445 891 2482 obtrectatione
922 2445 1076 2495 positam
1107 2451 1250 2495 putant,
1282 2456 1401 2493 neque
1425 2444 1619 2493 quicquam

181 2501 350 2553 cupidius
377 2502 541 2547 faciunt,
572 2514 677 2552 quam
711 2508 773 2547 ut,
819 2500 990 2551 quicquid
1022 2507 1197 2551 possunt,
1229 2512 1444 2550 quacunque
1475 2499 1619 2535 ratione

181 2564 352 2609 possunt,
383 2570 431 2595 cx
462 2557 584 2595 aliena
611 2556 730 2607 gloria
754 2553 1052 2607 deterantffiss'vss),
1086 2554 1316 2606 creduntque
1335 2555 1385 2592 ita
1409 2566 1450 2592 se
1472 2553 1617 2592 demum

257 2690 300 2725 ατε)
323 2689 355 2726 S.
375 2690 404 2719 6.
426 2697 497 2725 pag.
518 2690 568 2719 30.
594 2690 696 2719 Bekk.

256 2737 324 2772 *etz-J
345 2745 412 2772 cap.
433 2738 462 2767 6.
484 2739 516 2775 S.
538 2739 589 2767 27.

257 2785 350 2821 *za-rx)
371 2788 488 2814 Poetas
508 2788 636 2815 secutus
658 2788 706 2815 est
726 2787 889 2820 Muretu33
918 2785 1041 2814 scilicet
1059 2787 1199 2815 delet-ere
1217 2786 1325 2815 laudes
1343 2787 1473 2815 alicuius
1493 2783 1618 2814 Horatii

183 2824 248 2857 est,
278 2823 417 2850 deterere
441 2824 557 2858 famam
579 2824 660 2853 Silii.
701 2825 832 2852 Solutae
858 2822 1011 2851 orationis
1038 2824 1245 2860 scriptoribus
1272 2825 1421 2855 usitatum
1441 2823 1541 2854 fuisse
1560 2825 1617 2852 de·-

182 2861 306 2888 lrultere
324 2861 362 2889 de
381 2862 472 2890 lande
490 2863 622 2891 aliorum
642 2863 695 2890 vel
717 2863 824 2896 pueris
844 2866 951 2891 uotum
972 2863 1030 2889 est.
