1778 3096
501 179 603 218 LlB.
638 180 787 220 XVlll.
848 179 964 217 CAP.
999 179 1071 226 X).
1428 178 1510 219 435

65 304 110 329 ac
141 291 292 342 copiose
321 302 343 328 a
367 288 651 341 Thrasymacho
681 288 777 340 apud
801 288 995 327 Platonem
1011 284 1057 340 ⁹i‘)
1089 285 1268 332 defensa,
1300 299 1506 338 quanquam

64 359 86 384 a
118 346 276 384 Socrate
306 352 434 396 postea
469 346 629 382 refutata
656 344 854 389 divinitus,
896 345 944 380 ita
977 343 1132 381 firmiter
1161 350 1280 380 tamen
1319 343 1438 379 haesit
1468 345 1505 381 in

62 402 313 452 potentiorum
347 400 504 445 animis,
542 407 582 438 ut
609 407 811 450 propagata
842 400 1021 449 quasique
1052 410 1118 448 per
1148 411 1274 435 manus
1304 396 1438 435 tradita
1468 405 1506 435 et:

63 469 204 492 summo
245 455 366 498 studio
396 463 539 493 retenta
579 468 625 492 ne
666 468 761 492 nunc
790 454 938 505 quidem
968 455 1023 491 eis
1064 454 1174 490 facile
1212 452 1357 490 detrahi
1393 465 1505 503 posse

61 510 246 547 videatur.
308 510 366 547 Ac
398 511 427 546 si
459 511 603 561 quidem
639 517 766 555 recte,
797 516 836 546 ut
867 521 934 559 par
963 514 1033 552 est,
1066 508 1354 558 intelligeretur,
1386 509 1505 545 veris-

61 569 153 602 sima
194 573 231 602 et
267 565 473 603 honestatis
509 566 720 616 plenissima
762 570 876 601 esset.
946 562 1085 599 Eadem
1127 564 1223 600 enim
1255 575 1407 613 prorsus
1446 570 1505 600 est

60 623 303 670 imperantum
339 628 376 658 et
407 634 556 665 eorum,
596 620 726 670 quibus
757 620 982 669 imperatur,
1022 617 1185 655 utilitas:
1231 629 1350 666 neque
1380 624 1505 667 potest

59 674 256 725 quidquam
279 689 299 713 a
325 677 507 713 communi
531 675 689 712 utilitate
712 675 915 712 seiunctum
944 672 1119 723 principi,
1151 672 1211 723 qui
1237 671 1343 709 modo
1367 685 1502 710 nomen

58 729 146 767 illud
174 731 269 767 tueri
300 731 410 775 velit,
441 730 530 767 utile
560 729 690 767 videri.
753 728 845 766 Cum
876 729 1011 779 igitur,
1053 739 1146 778 quae
1178 729 1273 764 iusta
1307 733 1412 771 sunt,
1455 740 1503 764 ex

58 785 204 835 publica
235 786 463 835 potissimum
496 786 651 822 utilitate
683 791 921 835 spectentur:
964 795 1052 820 vere
1086 782 1244 820 Flaccus
1260 779 1333 833 affixe)
1366 782 1502 819 utilita-

58 846 132 877 tem
167 841 269 891 quasi
302 848 456 878 matrem
495 840 675 889 quandam
717 841 810 878 iusti
835 847 871 877 et
899 840 1013 889 aequi
1047 850 1132 875 esse
1162 837 1321 881 dixerit,
1367 837 1397 873 si
1430 837 1501 875 hoc

57 896 215 946 primum
247 902 418 945 ponatur,
450 894 539 931 nihil
565 896 724 945 principi
756 894 844 931 utile
875 906 976 939 esse,
1010 893 1082 929 nisi
1111 892 1207 943 quod
1240 891 1385 942 publice
1410 893 1500 930 utile

58 950 128 996 sit3
172 957 274 987 recte
305 963 351 987 ex
381 962 448 995 eo,
492 964 563 987 nou
595 950 694 987 aliud
725 962 808 987 esse
839 950 920 995 ius,
960 961 1067 1000 quam
1097 946 1192 998 quod
1223 947 1378 998 principi
1411 947 1499 985 utile

58 1005 128 1049 sit,
159 1012 420 1056 consequetur.
482 1004 559 1042 Sed
588 1005 756 1056 plerique
787 1005 1004 1055 potentium,
1041 1004 1174 1054 quihus
1203 1002 1249 1039 ab
1277 1002 1359 1039 aliis
1389 1014 1499 1039 occu-

55 1060 266 1111 pationibus
296 1067 433 1097 tantum
466 1061 530 1097 otii
561 1074 631 1098 non
664 1067 744 1106 est,
776 1067 815 1096 ut
843 1066 951 1097 vacet
981 1059 1050 1095 ista
1081 1065 1153 1095 tam
1184 1059 1347 1094 tenuiter
1375 1064 1501 1094 acute-

56 1127 127 1166 que
160 1115 300 1161 rimari,
328 1116 364 1152 in
397 1114 531 1153 scholis
564 1116 634 1152 ista
656 1117 755 1153 inter
783 1127 920 1166 pueros
941 1121 979 1152 et
1002 1114 1099 1150 inter
1125 1113 1292 1150 homines
1323 1125 1344 1149 a
1374 1124 1499 1149 rerum

55 1169 282 1219 agendarum
323 1169 442 1207 studio
484 1171 751 1208 remotissimos
788 1170 920 1207 iactari
961 1169 1107 1205 sinunt:
1149 1168 1218 1219 ipsi
1259 1168 1422 1205 crassius
1462 1174 1500 1204 et

56 1225 258 1275 simplicius
297 1224 624 1275 philosophantur,
667 1238 788 1275 neque
817 1223 911 1275 quod
951 1224 1084 1260 iustum
1117 1229 1200 1269 est,
1240 1222 1277 1260 id
1308 1221 1379 1258 sibi
1409 1222 1498 1259 utile

55 1292 165 1325 csse3
205 1279 271 1317 sed
301 1279 397 1330 quod
427 1281 498 1317 sibi
529 1280 617 1317 utile
647 1286 797 1330 putant,
840 1278 937 1316 idem
969 1279 1103 1315 iustum
1141 1278 1250 1315 etiam
1289 1289 1375 1314 esse
1409 1289 1499 1313 con-

55 1334 220 1377 cludunt.
279 1335 486 1373 Utilitatem
519 1342 641 1372 autem
674 1348 778 1372 suam
817 1347 925 1384 opum
956 1340 994 1370 et
1023 1333 1212 1383 potentiae
1244 1330 1498 1382 magnitudine

55 1397 93 1428 et
122 1391 230 1427 nullis
260 1391 445 1427 infrenata
476 1390 620 1440 legibus
636 1386 734 1440 ἢῆ)
774 1387 1039 1440 explendarum
1070 1386 1310 1438 cupiditatum
1347 1387 1498 1424 licentia

54 1446 267 1483 metiuntur.
327 1444 459 1495 Neque
489 1445 597 1482 ullam
625 1445 844 1482 cantilenam
880 1450 943 1480 aut
971 1443 1083 1480 ullum
1121 1455 1293 1480 acroama
1324 1442 1495 1479 libentius

53 1499 229 1545 audiunt,
280 1513 384 1552 quam
423 1500 526 1550 leges
570 1501 668 1550 ipsas
710 1499 858 1544 dicere,
909 1499 1114 1549 principem
1155 1497 1298 1546 legibus
1339 1497 1496 1535 solutum

54 1568 162 1601 csse,
206 1562 264 1601 et,
310 1555 433 1592 valerc
463 1555 574 1592 iussis
616 1554 881 1604 interpretibus
920 1552 1137 1603 quibusdam
1175 1553 1287 1589 nimio
1324 1552 1495 1590 acumine

53 1611 244 1656 molestis,
286 1611 345 1660 qui
384 1609 520 1647 dictum
559 1609 646 1647 illud
677 1623 749 1646 non
787 1616 859 1646 tam
900 1609 973 1645 late
1012 1615 1163 1658 patere,
1205 1606 1271 1644 sed
1313 1605 1358 1644 de
1390 1614 1495 1644 certo

53 1665 208 1716 quodam
241 1664 418 1702 duntaxat
447 1666 565 1715 legum
596 1677 737 1715 genere
767 1663 887 1714 accipi
917 1663 1058 1709 volunt,
1082 1661 1169 1713 ipsi,
1202 1669 1241 1699 ut
1270 1663 1374 1712 leges
1405 1675 1494 1700 con-

53 1720 167 1765 dere,
201 1721 251 1757 ita
284 1721 388 1770 leges
424 1720 662 1770 interpretari
694 1732 797 1756 suum
828 1731 913 1756 esse
945 1717 1137 1763 dicentes,
1182 1717 1350 1755 omnibus
1382 1730 1423 1755 se
1455 1724 1495 1754 et

53 1776 221 1813 humanis
253 1783 289 1813 et
317 1775 451 1812 divinis
491 1775 636 1825 legibus
671 1774 830 1811 solvunt.
891 1772 1015 1824 Atque
1045 1781 1085 1810 ut
1113 1773 1302 1810 Homerus
1318 1771 1366 1825 †)
1408 1774 1494 1811 aliis

51 1831 241 1869 vocabulis
271 1832 330 1868 uti
355 1831 520 1868 homines
550 1831 624 1874 ait,
659 1831 745 1867 aliis
773 1831 885 1867 deos.-
929 1829 982 1865 ita
1016 1828 1076 1865 isti
1110 1828 1257 1864 humani
1282 1827 1390 1864 Ioves
1419 1827 1492 1865 alio

54 1887 135 1923 iure
167 1886 260 1922 alios
293 1886 346 1922 uti
377 1886 526 1931 iubent,
566 1886 638 1922 alio
666 1892 816 1922 utuntur
846 1885 941 1935 ipsi:
986 1887 1053 1921 ne'c
1084 1882 1210 1920 eadem
1243 1889 1327 1919 sunt
1358 1895 1493 1920 earun-

53 1941 135 1979 dem
167 1953 289 1978 rerum
321 1940 514 1978 vocabula.
575 1940 683 1987 Quae
719 1940 828 1990 vulgo
858 1940 1131 1983 scortationes,
1173 1939 1387 1982 adulteria,
1426 1951 1492 1975 ra-

47 1998 177 2047 pinae,
209 1996 343 2033 caedes
369 1996 551 2033 nominari
572 1996 715 2032 solent:
750 1994 877 2032 eadem
901 2008 921 2031 a
942 1993 1155 2044 quibusdam
1181 1992 1342 2030 admissa
1367 1993 1488 2037 ludos,

53 2065 222 2095 amores,
265 2052 442 2096 delicias,
483 2059 519 2088 et
549 2064 570 2088 a
599 2063 730 2100 magno
760 2063 803 2087 ac
834 2049 1136 2087 contumeliarum
1168 2048 1340 2085 insolenti
1369 2048 1491 2084 animo

53 2107 243 2157 profectas
272 2108 432 2144 ultiones
468 2107 596 2143 vocari
637 2105 778 2144 videas.
841 2105 962 2142 Silent
998 2105 1098 2142 inter
1133 2104 1204 2140 ista
1241 2104 1399 2140 miserae
1438 2102 1493 2139 lc-

53 2175 121 2212 ges
136 2161 244 2214 ††):
287 2168 346 2208 et,
387 2162 418 2198 si
450 2161 544 2198 malo
583 2173 717 2199 cavere
752 2160 889 2205 velint,
933 2160 1036 2211 ipsae
1065 2171 1209 2210 quoque
1250 2165 1388 2195 tantum
1418 2171 1491 2194 non

53 2223 115 2254 aut
145 2229 310 2254 mussare
338 2223 401 2254 aut
430 2216 570 2254 adulari
604 2216 792 2254 iubentur.
851 2214 948 2252 Nam
979 2221 1017 2252 ut
1048 2213 1093 2251 ad
1125 2213 1275 2264 Olympi
1312 2225 1490 2250 cacumen

54 2273 174 2318 venti,
206 2272 259 2309 sic
289 2270 334 2309 ad
363 2272 513 2310 excelsa
545 2278 583 2309 et
612 2273 650 2309 in
679 2271 828 2309 sublimi
858 2271 978 2322 posita
1006 2270 1109 2320 leges
1146 2282 1218 2306 non
1247 2268 1487 2319 perveniunt.

127 2397 170 2433 24³]
199 2398 237 2426 de
257 2399 336 2431 Rep.
356 2396 410 2425 lib.
429 2398 453 2424 1.
473 2403 544 2431 pag.
564 2397 635 2425 338.
654 2396 688 2425 C.
710 2402 756 2430 sq-
797 2393 843 2424 Cf.
864 2396 944 2423 Mur.
967 2394 1140 2422 Comment.
1170 2391 1202 2419 in
1229 2391 1363 2421 Aristot.
1390 2390 1491 2420 Ethic.

53 2437 131 2472 opp.
153 2438 241 2464 Tom.
261 2437 314 2463 111.
337 2442 406 2469 pag.
427 2434 489 2463 366
504 2441 551 2468 sq.
583 2434 615 2462 in
635 2434 719 2462 Plat.
740 2434 849 2467 Reum.
872 2439 943 2466 pag.
961 2431 1032 2460 550.
1071 2432 1183 2458 FAESL
1204 2444 1239 2450 —
1266 2430 1336 2459 Vid.
1358 2431 1429 2459 Ast.
1449 2429 1491 2458 ad

52 2476 135 2504 Plat.
157 2472 250 2501 Polit.
271 2478 341 2507 pag.
363 2471 435 2500 359.

126 2521 194 2556 Ξῐεετε)
216 2520 310 2549 Satir.
331 2521 354 2548 Ι.
375 2521 410 2557 3,
431 2519 482 2548 98.
523 2519 622 2553 Atque
641 2519 709 2553 ipsa
728 2519 844 2547 utililas
863 2518 935 2545 iusti
953 2523 1051 2551 prope
1070 2516 1167 2543 mater
1186 2516 1217 2543 et
1234 2516 1333 2550 aequi.

128 2569 219 2604 ;·,:--:::-<::-)
240 2570 259 2597 i.
282 2576 309 2597 e.
330 2569 426 2596 nullis
446 2567 570 2600 legibus
591 2567 742 2599 coercita,
766 2566 933 2600 tumetium
963 2564 1138 2598 infrenatus
1157 2563 1260 2592 rarius
1282 2563 1411 2597 ponitur
1429 2562 1491 2591 im-

53 2607 179 2643 proprie
207 2614 261 2641 pro
287 2605 440 2640 frenatus.
479 2605 573 2638 Apud
607 2605 687 2632 Ptin.
714 2604 865 2633 maiorem
894 2603 950 2638 [H.
971 2603 1006 2630 N.
1027 2602 1080 2629 lib.
1101 2602 1224 2629 xxxu.
1246 2608 1314 2635 cap.
1338 2603 1367 2630 1.
1387 2602 1420 2636 S.
1441 2600 1489 2636 2.]

54 2646 172 2680 legitur
191 2643 352 2679 infrenare
371 2644 509 2676 impetus.
548 2642 669 2670 mmm.

129 2692 174 2730 †)
196 2692 283 2720 Iliad.
305 2693 328 2721 1.
349 2691 420 2720 403.
450 2693 489 2719 11.
510 2691 580 2717 811.
610 2689 690 2717 XIV.
712 2687 781 2717 289.
803 2688 844 2716 al.
886 2688 1001 2715 Omnes
1022 2686 1204 2715 Homericos
1229 2687 1317 2714 locos
1338 2688 1398 2714 huc
1418 2693 1493 2719 per-

54 2730 193 2760 tinentes
209 2732 408 2757 enumeratos
426 2729 489 2757 vid.
507 2728 589 2761 apud
608 2727 832 2754 Lakemacher.
850 2726 1004 2752 observ-v.
1023 2725 1096 2758 phil.
1114 2727 1166 2753 111.
1183 2725 1211 2752 4.
1233 2730 1303 2758 pag.
1322 2723 1494 2752 250—269.

54 2767 220 2834 ssiElgpcn.
240 2767 280 2795 ad
297 2768 389 2801 Greg.
404 2766 476 2795 cor.
498 2772 568 2800 pag.
581 2765 631 2793 92.
650 2764 699 2793 ed.
713 2762 836 2792 senaef.
857 2761 1020 2791 Heindorf.
1039 2763 1078 2791 ad
1094 2764 1177 2792 Plat.
1192 2762 1327 2790 phaedr.
1340 2767 1410 2796 pag.
1422 2761 1494 2790 268.

130 2851 203 2891 ††)
224 2852 431 2882 Notissimum
450 2853 501 2881 est
521 2850 600 2880 illud
621 2847 784 2880 Ciceronis
805 2848 858 2877 Or.
878 2855 933 2883 pro
954 2847 1020 2877 Mil.
1041 2854 1110 2883 cap.
1124 2847 1154 2876 4.
1174 2847 1205 2883 §-
1225 2846 1272 2876 10.
1300 2846 1400 2877 Silene
1417 2846 1496 2876 enim

53 2891 135 2927 leyes
151 2892 231 2920 inter
250 2897 347 2919 arma.
1172 2920 1227 2962 28
1240 2922 1266 2947 ἦ

1521 1502 1584 1534 459
