1726 3106
480 121 584 162 LIB.
616 121 728 164 VIII.
787 119 905 161 CAP.
938 120 1052 162 XXI.
1406 118 1488 162 135

49 233 134 273 hius
163 232 353 275 Maximus
391 231 490 271 idem
528 231 642 286 dicit,
678 233 716 271 in
757 232 822 271 illo
857 231 1109 283 pulcherrimo
1137 243 1338 280 sermone,
1376 242 1487 282 quem

50 290 178 328 habuit
205 303 286 328 eum
313 289 361 327 L.
388 287 519 326 Paullo
549 288 727 326 adversus
756 287 980 325 Annibalem
1016 288 1288 338 proficiscente.
1346 285 1425 324 Sed
1452 287 1487 324 is

49 344 154 384 locus
190 346 243 383 ita
280 343 502 393 depravatus
539 344 827 390 circumfertur,
863 349 903 379 ut
942 343 1101 393 intelligi
1137 357 1210 381 non
1244 348 1369 394 queat.
1429 341 1488 380 Ita

52 402 150 439 enim
179 400 314 450 legitur
327 396 399 451 ἧς
438 400 478 437 Α
502 401 661 437 veritate
688 397 865 436 laborare
892 399 1003 435 nimis
1027 399 1084 436 z'as
1111 412 1222 448 saepe
1250 399 1378 436 aiunt:
1419 410 1488 434 ea:-

49 456 178 505 tz‘nguz'
210 467 411 505 nunquam.
477 452 555 491 Sed
588 466 716 492 vocem
759 454 817 491 κάς
849 452 888 490 in
923 453 1117 490 veteribus
1154 453 1259 491 libris
1288 466 1360 490 non
1391 451 1486 502 legi,

50 509 320 548 admonuerunt
340 509 465 558 *etiam
505 509 581 546 alii.
641 508 761 554 Mihi,
802 520 883 544 cum
913 520 996 544 eum
1027 508 1147 545 locum
1179 515 1354 546 accurate
1383 507 1489 557 lege-

49 578 150 611 rem,
181 563 313 602 incidit
342 564 529 615 suspectio
545 560 646 615 Μ),
677 564 728 601 ita
756 561 1017 612 corrigendum
1047 575 1154 601 esse:
1196 565 1402 601 Veritatem
1432 564 1490 600 la-

50 619 188 658 borare
212 620 323 657 m‘mz's
350 632 461 670 saepe
485 620 613 663 αἰηηί,
646 619 824 668 extingui
846 631 1060 668 numquam.
1121 617 1162 655 Id
1193 618 1307 668 igitur
1335 619 1372 655 in
1402 617 1489 655 libri

49 675 122 712 mei
152 675 321 724 margine
350 673 640 724 adscripseram,
671 672 793 711 addita
818 685 862 710 ea
887 680 988 720 nota,
1017 686 1087 723 qua
1119 674 1354 710 coniecturas
1385 685 1490 711 meas

48 729 279 780 distinguere
311 729 413 767 soleo
446 729 491 766 ab
521 729 565 766 iis
597 728 885 774 mutationibus,
919 741 1009 778 quas
1040 729 1195 766 vetustis
1227 728 1332 766 libris
1360 735 1491 766 aueto-

47 785 151 823 ribus
195 785 308 824 facio.
376 783 453 823 Sed
492 798 573 822 cum
610 791 740 834 postea
774 780 839 822 διὰ
872 781 1010 834 χρόνου
1052 782 1253 821 accidisset
1288 783 1400 830 mihi,
1447 790 1490 821 ut

47 852 131 878 eum
171 840 291 890 ipsum
330 839 450 877 locum
478 840 732 890 inspicerem3
774 840 892 876 visum
923 846 1003 884 est,
1046 838 1177 876 librum
1210 851 1354 891 quoque
1382 846 1490 877 vete-

46 908 150 941 rem,
182 908 289 945 quem
320 895 466 942 habeo,
506 894 726 941 consulere,
768 895 800 931 si
840 893 927 944 quid
956 895 988 931 is
1018 894 1115 931 forte
1146 907 1265 931 meam
1297 894 1490 933 coniectu-

47 963 124 988 ram
153 949 359 989 adiuvaret.
418 950 561 1001 Reperi
590 957 708 987 autem
740 949 820 999 plus
852 950 987 995 etiam,
1020 962 1125 1000 quam
1153 950 1358 988 volueram.
1418 949 1488 987 Et·

48 1005 145 1043 enim
177 1017 222 1042 ne
250 1018 322 1043 una
351 1005 497 1056 quidem
529 1005 654 1042 littera
680 1004 762 1054 plus
794 1004 960 1042 minusve
990 1004 1175 1050 habebat,
1208 1018 1314 1056 quam
1344 1011 1385 1042 ut
1416 1017 1488 1055 ego

47 1059 266 1098 divinnram.
326 1059 404 1097 Sed
437 1073 482 1098 ea
528 1060 711 1110 inspectio
742 1060 815 1096 iter
842 1061 930 1096 mibi
958 1061 1105 1110 aperuit
1132 1059 1179 1097 ad
1209 1059 1410 1098 tollendum
1441 1073 1491 1098 ex

45 1128 91 1154 eo
131 1115 213 1152 loco
248 1114 419 1153 mendum
458 1115 627 1152 alterum.
696 1113 794 1151 Nam
834 1114 931 1165 quod
971 1115 1092 1151 statim
1133 1115 1283 1152 subiicit
1314 1115 1487 1162 Fabius:

49 1171 215 1209 Gloriam
255 1171 324 1220 qui
350 1171 557 1220 spreverit,
597 1183 723 1208 veram,
754 1170 927 1207 habebit.-
971 1170 1032 1206 vix
1062 1182 1191 1206 verum
1222 1169 1396 1216 videtur,
1437 1171 1491 1208 ita

46 1225 267 1275 simpliciter
304 1231 340 1262 et
378 1225 458 1262 sine
496 1225 568 1261 ulla
605 1222 929 1274 adiectionefffrffi‘)
971 1224 1167 1274 prolatum.
1229 1224 1329 1272 Quid
1361 1225 1491 1263 enim?

44 1276 275 1331 ἀφιλότιμον
310 1274 408 1318 εἶναι
438 1279 586 1316 laudine
617 1279 725 1316 datur
756 1291 800 1316 an
827 1279 863 1315 in
893 1279 986 1315 vitio
1017 1278 1197 1329 ponitur?
1232 1279 1353 1326 Quam
1385 1280 1491 1318 multi

44 1336 200 1387 gloriam
241 1341 420 1385 spernunt
452 1334 576 1384 ignavi
620 1341 657 1371 et
690 1333 778 1370 nulli
806 1334 919 1385 pretii
947 1333 1142 1371 homines!
1186 1333 1280 1372 Cum
1309 1336 1423 1386 igitur
1451 1336 1491 1374 in

44 1403 126 1428 meo
154 1390 250 1428 libro
279 1390 448 1439 legatur,
484 1390 649 1428 Gloriam
679 1402 789 1439 qaam
818 1391 886 1439 qztz‘
910 1391 1121 1440 spreverit,
1153 1403 1280 1428 veram
1311 1391 1488 1430 habebit.-

43 1446 204 1484 coniicio
234 1444 453 1495 legendum,
490 1446 656 1483 Gloriam
686 1457 819 1482 vanam
850 1446 918 1495 qui
940 1443 1188 1496 spreverit&
1207 1473 1220 1491 ‚
1262 1460 1390 1484 veram
1421 1448 1491 1484 lea·-

46 1501 161 1539 bebz't.
220 1498 286 1537 Sic
322 1500 421 1537 enim
458 1506 495 1537 et
531 1500 658 1537 verior
694 1500 766 1537 erit
803 1500 1012 1545 sententia,
1055 1507 1093 1537 et
1123 1500 1185 1537 illa
1214 1502 1489 1540 contrariorum

43 1556 226 1595 relatione
255 1555 452 1602 ornatior,
481 1561 519 1592 et
546 1555 677 1591 melius
709 1554 926 1592 cohaerebit
955 1567 1036 1592 cum
1069 1568 1132 1600 eo,
1161 1555 1257 1606 quod
1288 1558 1396 1608 paulo
1427 1571 1489 1596 su-

43 1624 111 1663 pra
139 1610 286 1648 dixerat
313 1610 478 1647 Fabius:
522 1611 685 1647 Iiesz'sles
714 1616 836 1647 autem
867 1611 1048 1648 adversus
1064 1608 1214 1660 famam
1244 1625 1490 1664 rumoresque

43 1668 229 1705 hominum
244 1693 257 1711 ,
292 1667 330 1703 sz'
363 1665 458 1703 satis
481 1664 625 1715 firmus
659 1666 833 1702 stetere‘s:
875 1666 914 1702 sz‘
948 1671 983 1702 te
1022 1679 1141 1716 neque
1181 1668 1352 1717 collegae
1390 1681 1489 1707 vana

41 1723 196 1772 gloria,
237 1733 357 1771 neque
388 1727 453 1758 tua
467 1719 579 1770 falsa
609 1719 767 1770 infamia
793 1721 962 1758 moverit.
1024 1720 1146 1767 Quam
1177 1721 1287 1760 facile
1318 1736 1407 1760 vero
1437 1724 1490 1761 li-

43 1777 192 1814 brarius
230 1776 268 1812 in
306 1789 352 1813 eo
389 1775 464 1812 labi
497 1775 686 1827 potuerit,
726 1787 809 1813 cum
841 1775 961 1827 quivis
990 1775 1100 1814 facile
1131 1774 1277 1825 videat,
1316 1781 1488 1820 λεπτολο-

43 1835 125 1887 γεῖν
153 1844 226 1870 non
259 1837 318 1869 est
346 1842 483 1869 meum.

531 1961 817 2002 CAPUT
872 1962 1002 2003 XXI.

45 2041 230 2080 Mulieres
265 2041 435 2078 eruditas
468 2042 688 2091 plerumque
718 2041 937 2079 libidozosas
967 2055 1067 2088 esse,
1106 2042 1264 2081 duorum
1287 2045 1489 2094 poetarum

163 2097 384 2135 testimonias
411 2109 478 2134 eon
495 2096 688 2133 irmatam.
748 2099 934 2135 Iuvenalis
962 2098 1068 2135 loeus
1097 2112 1176 2136 cum
1210 2100 1370 2150 quodam

581 2153 750 2190 Platonis
779 2154 950 2191 collatus.

44 2228 340 2288 VAFERRIMUS
368 2252 492 2302 potita,
525 2252 660 2302 quique
692 2252 816 2289 omnia
843 2265 932 2290 suae
961 2254 1192 2303 tempestatis
1219 2253 1405 2292 hominum
1434 2255 1490 2293 vi-

45 2305 98 2343 tia
137 2312 176 2343 et
206 2313 364 2344 noverat
392 2307 556 2356 optime,
598 2314 635 2344 et
663 2307 919 2345 insectabatur
948 2308 1158 2354 liberrime,
1199 2309 1408 2356 Iuvenalis,
1449 2311 1489 2348 in

46 2373 93 2398 ea
143 2367 291 2412 satyra,
338 2375 410 2412 qua
457 2362 651 2399 mulierum
688 2362 961 2413 improbitatem
1003 2363 1165 2410 detexit,
1214 2378 1286 2402 non
1328 2366 1488 2403 obscure

46 2415 295 2466 significavit,
329 2415 528 2468 displicere
557 2417 631 2455 sibi
658 2418 835 2456 mulieres
863 2418 1027 2457 eruditas
1057 2426 1095 2457 et
1124 2419 1286 2458 disertas
1299 2419 1395 2474 ††)

121 2545 166 2580 ³2³]
193 2544 249 2574 lib.
269 2547 365 2575 ΧΧΠ.
392 2553 461 2581 cap.
480 2546 531 2576 39.
558 2549 642 2576 extr.
668 2547 722 2577 ubi
749 2555 831 2577 nunc
858 2548 997 2583 legitur:
1030 2550 1195 2579 Veritatem
1223 2551 1369 2579 laborare
1398 2550 1489 2579 nimis

44 2589 138 2617 saepe
157 2583 261 2617 aizmt,
283 2587 316 2612 ut
335 2585 474 2613 correxit
494 2587 648 2613 MuretusA
1482 2615 1490 2619 -

121 2621 189 2653 -::÷2⁰.÷)
217 2622 369 2650 Praestat
396 2623 551 2657 suspicio,
583 2630 676 2656 quam
703 2625 836 2652 alteram
863 2623 994 2653 formam
1020 2625 1169 2654 meliores
1196 2626 1268 2654 libri
1287 2633 1338 2659 an.
1360 2627 1489 2656 Terent.

46 2658 148 2688 Andr.
171 2659 223 2687 111.
244 2660 279 2692 2,
302 2660 352 2687 21.
380 2660 504 2688 Auson.
524 2660 624 2693 Epist.
646 2662 756 2690 XXIV.
777 2662 805 2690 8.
828 2665 1010 2691 constanter
1030 2666 1171 2692 servant.
1212 2662 1259 2692 Cf.
1280 2664 1319 2691 ad
1341 2670 1410 2697 can.
1431 2664 1462 2693 9.

120 2695 214 2731 -;::--:::--:::-)
235 2696 321 2724 Idem
342 2698 529 2739 yocabulum
548 2698 664 2731 legitur
684 2699 738 2727 lin.
759 2700 811 2727 XI.
832 2706 900 2733 can.
923 2702 953 2729 9.
983 2708 1171 2735 quamquam
1193 2708 1262 2729 eam
1282 2701 1490 2734 significatio-

45 2739 138 2768 nem,
175 2740 238 2766 qua
258 2735 366 2767 posmt
386 2736 547 2768 Muretus,
584 2737 711 2763 veteres
739 2736 910 2770 scriptores
941 2738 1099 2772 ignorant.
1138 2738 1314 2767 Dicendum
1333 2741 1402 2768 erat
1422 2740 1490 2769 sine

44 2771 110 2800 ullo
129 2771 344 2800 additamento.
385 2771 432 2800 Cf.
459 2772 584 2800 Krehsii
603 2774 772 2803 Antio-arb.
793 2781 864 2809 pag.
885 2776 935 2803 88.

120 2806 166 2843 ᾧ)
187 2809 276 2836 Hanc
296 2808 411 2837 Mureti
432 2810 684 2840 emendationem
703 2814 813 2847 utpote
832 2818 951 2842 vanam
969 2811 1038 2843 iure
1058 2813 1251 2849 spreverunt
1271 2812 1422 2844 editores.

121 2845 196 2885 ††]
217 2846 311 2876 satir.
331 2847 384 2876 Vl.
405 2853 434 2875 v.
456 2847 518 2877 440
537 2854 607 2884 sqq.

1516 1565 1578 1598 195
