1778 3096
510 121 610 160 LIB.
640 120 730 160 XII.
792 120 910 160 CAP.
942 120 1014 161 Vl.
1400 121 1482 164 267

47 246 165 272 mam.-
188 239 242 280 et,
261 234 405 272 Damno
424 231 619 281 castigabo
631 231 882 282 promittendi
898 231 1156 269 temeritatem.
1204 229 1269 268 Sic
1291 231 1481 268 vas-ariam

47 288 239 327 dicebatur
268 287 449 338 pecunia,
487 298 581 337 quae
612 299 679 337 pro
708 286 831 331 vasis,
871 284 910 322 id
940 292 998 323 est
1028 299 1094 336 pro
1127 284 1347 323 utensilibus
1375 286 1481 321 attri-

46 343 230 381 buebatur
251 355 299 380 ex
320 341 469 379 aerario
492 340 768 392 magistratibus
790 341 827 377 in
847 341 1058 390 provincias
1076 340 1400 393 proficiscentibus
1412 337 1476 392 ᾗ).

47 398 114 436 Sic
150 398 337 436 cerarium
378 395 534 435 vocabat
573 396 722 435 Verres
739 391 813 446 22³³)
851 396 1070 444 pecuniam,
1126 409 1233 447 quam
1271 395 1375 446 quasi
1413 407 1481 445 pro

47 466 136 491 cera
163 451 349 502 exigebat.
408 450 473 489 Sic
499 453 680 490 salarium
708 449 922 499 antiquitus,
954 449 1051 499 quod
1081 449 1238 488 dabatur
1266 463 1333 501 pro
1361 451 1480 496 victu,

46 509 85 546 iu
114 520 185 558 quo
216 506 419 557 principem
448 505 568 544 locum
598 505 808 544 tribuebant
836 504 905 541 sali
920 501 1038 556 *42¹3
1099 505 1164 543 Sic
1192 506 1482 555 unguentarium

45 561 142 613 apud
164 560 325 598 Plinium
354 561 449 598 libro
478 560 643 599 secundo
670 559 923 610 Epistolarum
939 557 1012 610 †)‚
1044 560 1140 610 quod
1159 560 1305 598 Marius
1325 560 1481 598 Priscus

45 630 67 655 a
97 614 386 667 provincialibus
421 617 527 666 quasi
554 630 620 667 pro
658 614 855 665 unguentis
890 621 1084 664 exegerat.
1144 615 1209 653 Sic
1237 616 1483 654 honorarium

44 673 191 716 vz'num,
222 670 318 721 quod
347 671 500 720 regibus
528 679 565 708 et
592 670 803 722 potentibus
833 668 986 706 honoris
1014 670 1135 720 gratia
1158 669 1328 708 offertur.
1385 670 1481 708 Cato

46 725 93 764 de
124 726 336 764 innocentia
367 739 433 764 sua
451 724 560 778 ††:)
606 728 695 764 Cam
726 737 840 762 essem
873 725 911 762 in
935 726 1133 775 provincia
1161 725 1333 774 legatas,
1371 738 1483 776 quam

38 782 173 833 plures
201 782 252 819 ad
273 787 474 832 praetores
493 788 532 819 et
551 781 721 819 consules
743 781 866 817 vinum
888 779 1131 817 honorariam
1157 781 1313 818 dabant.
1365 782 1483 819 Nam—

46 849 155 887 quam
185 837 317 886 accepi
338 849 406 874 nec
430 837 604 887 priuatus
633 836 791 886 quidem.
852 833 918 871 Sic
948 835 1206 882 hordearium,
1239 834 1335 885 quod
1363 835 1482 886 equiti

45 904 113 942 pro
154 890 295 929 hordeo
344 890 392 928 ad
433 890 605 929 alendum
656 903 788 940 equum
837 887 993 927 dabatur
1016 889 1150 943 †††).
1219 889 1285 928 Sic
1322 889 1481 941 denique

46 948 245 992 uxorium,
285 958 426 996 poena,
471 959 565 999 quae
600 944 749 998 publice
788 945 1010 996 exigebatur
1047 945 1093 984 ab
1133 946 1204 993 iis,
1245 946 1308 998 qui
1344 958 1482 984 uxores

46 1013 119 1039 non
147 998 402 1054 haherentffl.

557 1121 588 1160 C
619 1120 657 1160 A
686 1121 720 1159 P
747 1121 785 1160 U
811 1121 846 1160 T
900 1120 978 1161 VI.

226 1200 283 1238 De
309 1200 485 1238 naturali
508 1201 671 1250 quadum
702 1200 787 1250 spei
810 1204 846 1237 et
873 1205 993 1236 melus
1021 1198 1295 1236 coniunctione.

46 1274 155 1333 CUM
187 1297 265 1347 spei
294 1297 385 1335 nihil
420 1310 539 1348 aeque
576 1296 797 1335 adversetur
825 1309 868 1334 ac
898 1297 1029 1333 timor:
1075 1302 1238 1334 notatum
1270 1303 1392 1335 tamen
1423 1304 1483 1335 est

45 1365 67 1389 a
98 1351 381 1402 sapientissimis
411 1353 526 1400 viris,
570 1353 632 1390 ubi
662 1352 781 1389 omnis
821 1352 969 1389 omniuo
1004 1351 1148 1388 sublata
1185 1365 1270 1402 spes
1309 1359 1391 1398 est,
1434 1365 1483 1390 ue

45 1407 217 1444 timorem
256 1406 403 1457 quidem
440 1420 550 1458 posse
587 1407 809 1445 subsistere.
869 1406 1039 1444 Pendeat
1080 1408 1176 1444 enim
1219 1414 1366 1457 oportet
1405 1420 1482 1445 me-

45 1463 183 1499 tuentis
211 1463 376 1500 animus:
420 1463 481 1514 qui
510 1463 542 1500 si
573 1463 675 1513 spei,
707 1476 778 1512 quo
807 1469 1054 1506 sustentetur,
1087 1462 1176 1499 nihil
1204 1476 1358 1513 prorsus
1394 1463 1484 1500 reli-

46 1529 154 1567 quum
187 1517 250 1562 sit,
272 1518 378 1567 plane
401 1518 512 1556 iacet.
561 1517 686 1568 Atque
708 1517 777 1554 hoc
806 1518 999 1568 eleganter
1023 1515 1218 1556 admodum
1246 1518 1482 1569 expressisse

44 1570 193 1610 videtur
221 1571 442 1611 adolescens
471 1573 722 1611 Terentianus
738 1569 834 1624 Μ»

568 1650 648 1688 Vae
680 1651 814 1687 misero
843 1650 947 1687 mz'lze'.

108 1704 159 1742 Ut
183 1705 328 1742 am‘nms
355 1705 393 1742 z‘n
423 1717 487 1755 spe
508 1711 620 1755 atque
650 1706 688 1743 iu
718 1706 850 1743 timore
874 1717 989 1755 usque
1016 1704 1180 1742 antehae
1203 1705 1480 1757 attentztsficz't,

100 1760 178 1806 Ita,
201 1766 401 1811 postquam
424 1760 596 1811 adempta
624 1773 708 1810 spes
735 1766 805 1806 est,
839 1760 975 1805 lassus,
1007 1771 1100 1797 cura
1125 1758 1314 1810 consectus
1341 1767 1480 1812 stupet.

44 1835 174 1888 Itaque
213 1843 327 1887 negat
363 1834 731 1889 Aristotelesissi'fi‘),
772 1849 862 1883 eos,
907 1837 969 1887 qui
1005 1835 1051 1874 ad
1091 1844 1244 1874 mortem
1283 1836 1482 1887 ducuntur,

45 1893 201 1929 timere:
234 1899 274 1929 ut
299 1905 390 1942 quos
412 1892 483 1929 iam
509 1905 594 1942 spes
620 1893 738 1930 omnis
767 1892 937 1942 reliquit:
969 1899 1007 1930 et
1028 1892 1088 1942 qui
1115 1893 1260 1938 timent,
1283 1900 1481 1943 quaerunt,

47 1948 80 1985 si
111 1960 181 1998 qua
210 1947 354 1985 ratione
384 1946 444 1993 id,
485 1946 581 1998 quod
616 1948 803 1993 imminet,
844 1947 963 1986 vitare
995 1948 1151 1999 possint.
1211 1948 1263 1985 At
1297 1949 1334 1985 iu
1371 1947 1483 1986 rebus

48 2001 256 2053 desperatis
281 2014 389 2039 nemo
418 2003 613 2040 consultat.
672 2002 788 2040 Immo
823 2015 914 2040 vero
943 2003 995 2040 ita
1026 2016 1091 2053 spe
1121 2003 1232 2041 alitur
1260 2011 1403 2049 metuS,
1443 2010 1485 2041 ut

48 2058 147 2095 omui
185 2070 249 2108 spe
289 2056 459 2107 adempta
488 2057 704 2108 plerumque
740 2058 777 2094 in
817 2056 1009 2095 audaciam
1053 2065 1232 2096 transeat.
1291 2058 1407 2109 quue
1444 2060 1483 2096 in

47 2120 250 2150 extremum
273 2113 478 2163 periculum
507 2112 674 2150 adductis
697 2125 810 2162 saepe
833 2113 939 2150 saluti
968 2113 1049 2150 suit.
1100 2114 1184 2151 Hac
1213 2113 1257 2152 de
1276 2127 1318 2152 re
1344 2114 1482 2152 dictum

46 2168 254 2206 Hecatonis
289 2174 553 2206 commemorat
590 2167 737 2206 Seneca
752 2167 827 2220 †):
876 2170 1033 2207 Desines
1069 2170 1220 2216 timere,
1259 2171 1298 2208 δι’
1327 2182 1484 2221 sperare

121 2284 163 2320 ²7³)
184 2292 233 2321 ap.
254 2285 319 2315 Cic.
340 2286 425 2315 Orat.
446 2285 478 2314 in
497 2284 605 2316 Pison.
624 2293 694 2321 cap.
713 2286 764 2315 35.
786 2285 820 2321 S.
840 2285 891 2315 86.

122 2333 189 2367 ιῖεεῖὲ)
210 2340 259 2368 ap.
280 2333 345 2362 Cic.
365 2332 396 2360 iu
418 2334 508 2362 Verr.
528 2334 582 2362 lib.
602 2336 655 2363 111.
677 2341 746 2369 cap.
766 2335 815 2363 78.
836 2334 868 2370 S.
891 2334 961 2364 181.

122 2382 215 2417 εἶκε-εκ)
235 2381 305 2411 Vid.
325 2383 427 2416 Intpp.
447 2382 488 2410 ad
509 2381 610 2412 Taciti
627 2382 734 2418 Agric.
755 2389 825 2418 cap.
844 2382 896 2412 42.

122 2429 168 2467 †)
190 2429 291 2464 Epist.
313 2430 362 2458 11.
383 2431 465 2458 extr.

124 2476 198 2515 ἦῆ)
218 2478 313 2512 Apud
333 2477 445 2506 Isidor.
466 2477 572 2512 origg.
591 2478 657 2508 XX.
676 2479 708 2509 3.

125 2524 227 2564 †††)
247 2527 308 2561 Ap.
329 2528 458 2555 Festum
478 2526 510 2554 in
530 2528 560 2555 h.
579 2533 611 2555 v.

47 2617 101 2641 aas
119 2574 166 2645 ἕο)
181 2574 350 2640 lggsglusjitn
364 2582 396 2604 v.
418 2576 572 2604 Uxorium
585 2576 768 2611 pependisse
781 2576 907 2615 dicitur,
928 2577 991 2613 qui,
1011 2576 1094 2613 quod
1110 2584 1242 2607 uxorem
1259 2583 1321 2606 non
1335 2577 1485 2615 habuerit,

159 2620 179 2645 p
274 2620 291 2640 e
314 2621 322 2640 z
338 2634 345 2641 .

122 2659 191 2695 ‚fe-21³)
211 2660 310 2689 Andr.
330 2661 369 2690 11.
390 2661 419 2690 1.
439 2660 506 2691 init.

124 2708 217 2743 ÷::--:::--:::-)
237 2708 340 2737 Ethic.
360 2709 426 2738 Nic.
448 2711 499 2739 IV.
519 2710 550 2738 9.
584 2710 699 2739 usone.
722 2725 758 2731 —
791 2712 950 2739 Min-etum
969 2711 1155 2745 respexisse
1174 2709 1332 2739 contendit
1352 2710 1487 2739 Faesins

49 2746 89 2774 ad
110 2746 238 2774 Rhetor.
260 2748 296 2774 11.
316 2748 345 2774 5.
368 2747 458 2782 (paz.
480 2749 550 2778 756.
571 2749 653 2776 Duv.
676 2755 745 2783 pag.
767 2748 837 2777 282.
858 2749 997 2782 viceor.)
1024 2751 1120 2782 arque
1141 2748 1273 2776 conferri
1303 2748 1390 2777 iubet
1417 2748 1487 2777 eius

49 2783 213 2817 interpret.
234 2784 304 2813 Lat.
326 2785 403 2823 Opp.
425 2788 513 2816 Toni.
534 2788 586 2816 111.
607 2792 680 2822 pag.
700 2787 770 2816 688.
791 2789 823 2816 et
843 2786 945 2817 Ethic.
967 2787 1006 2815 ad
1027 2786 1146 2815 Nicom.
1166 2787 1219 2814 111.
1238 2786 1268 2815 9.
1288 2792 1360 2823 pag.
1381 2786 1430 2816 ⁴6.
1445 2787 1487 2817 A.

126 2831 172 2870 †)
194 2833 294 2869 Epist.
314 2834 345 2863 5.

1508 1841 1573 1872 28⁰
