1778 3096
508 123 609 162 LIB.
641 122 727 162 XV.
785 120 902 160 CAP.
935 122 1025 161 XII.
1406 115 1488 159 345

54 235 131 274 rius
145 233 217 286 *ἦε
267 235 466 273 Contz'nere
495 234 615 283 egitur
645 233 684 271 z'n
713 246 754 270 se
780 233 961 270 rationem
993 231 1177 282 quandam
1212 229 1311 267 lame
1338 234 1489 267 contro-

55 291 238 336 versiam,
282 295 319 327 et
355 301 428 326 non
468 302 548 325 esse
589 289 656 325 hos
690 288 836 338 quidem
876 294 1015 325 natura
1055 299 1206 330 servos,
1257 285 1325 322 hos
1365 290 1490 321 autem

55 345 216 390 le'bems,
252 344 405 394 planum
446 351 518 381 est.
577 342 690 393 Atqui
729 341 956 380 Aristoteles
994 342 1075 392 ipse
1117 341 1206 378 nihil
1241 346 1312 377 tam
1352 336 1489 376 docere

55 407 206 437 conatus
237 405 295 436 est
321 398 356 435 in
385 398 445 444 iis,
472 410 565 449 quae
589 404 887 441 antecesserunt,
909 410 1015 446 quam
1047 409 1132 433 esse
1154 394 1329 445 quosdam
1358 400 1490 430 natura

56 467 185 492 servos
215 460 252 490 et
287 451 463 503 quosdam
503 460 633 490 natura
675 452 822 490 liberos.
883 451 1012 502 Itaque
1041 452 1077 488 in
1115 451 1220 488 libris
1250 445 1488 497 A1111nis**)

56 509 126 546 hoc
156 506 261 545 modo
291 508 470 558 legimus:
503 507 569 547 καὶ
597 506 690 546 εἰσὶν
719 506 758 545 οἷ
782 503 850 556 μὲν
875 503 988 555 φύσει
1017 505 1168 553 δοῦλοι,
1206 505 1245 544 οἱ
1270 501 1305 544 δ’
1339 499 1490 543 ἐλεύθε-

54 578 136 615 ροι,
172 562 209 600 id
240 570 321 608 est,
355 570 392 600 et
418 577 496 601 esse
526 565 620 601 allos
647 569 787 600 natura
815 574 967 606 servos,
999 562 1093 597 alios
1122 561 1274 598 liberos.
1336 558 1412 598 Sed
1444 571 1491 596 ne

53 619 123 656 hoe
152 616 297 668 quidem
330 618 420 655 ferri
442 625 572 669 potest.
625 618 829 666 Utrumque
858 617 955 653 enim
983 615 1120 659 docuit,
1142 614 1317 665 quosdam
1343 621 1489 659 natura,

54 673 227 724 quosdam
258 680 408 723 praeter
430 680 595 710 naturam
621 680 657 710 et
680 685 808 709 servos
832 678 869 708 et
893 671 1030 709 {iberos
1054 682 1154 708 esse.
1208 669 1350 708 Verum
1378 669 1493 719 igitur

55 735 137 774 est,
181 727 276 778 quod
307 740 399 778 ego,
438 741 517 765 cum
557 729 659 778 prius
689 726 957 772 coniecissem,
1001 733 1128 776 postea
1162 725 1336 775 scriptum
1367 723 1493 774 reperi

54 783 90 820 in
122 783 176 821 eis
208 783 337 829 libris,
372 796 462 833 quos
492 783 580 820 Aldi
613 781 772 820 heredes
804 781 957 819 edidere
973 779 1100 833 *2³¹⁵ss
1135 778 1201 819 καὶ
1229 779 1300 818 εἰσὶ
1329 778 1393 818 καὶ
1421 775 1493 818 οὐκ

54 837 148 877 εἰσὶν
176 837 215 877 οἵ
239 835 307 889 μὲν
334 836 449 887 φύσει
478 838 630 886 δοῦλοι,
668 836 708 877 οἷ
731 834 764 876 δ’
799 833 1018 889 ἐλεύθεροι,
1058 835 1094 873 id
1126 842 1206 881 est,
1245 837 1297 873 Et
1325 849 1424 880 esse,
1456 841 1496 871 et

54 906 127 931 uon
156 907 235 931 esse
275 894 371 931 alios
400 895 544 944 quidem
580 900 721 931 natura
747 906 899 938 servos,
939 893 1036 930 alios
1066 899 1189 929 autem
1220 891 1372 928 liberos.
1432 888 1492 926 Si-

56 948 152 985 milis
182 948 283 985 locus
311 955 370 985 est
397 949 432 985 in
465 949 557 986 libro
579 948 820 999 Hippocratis
850 947 895 985 de
917 947 1107 985 Alimento
1123 946 1199 999 †),
1229 946 1290 996 qui
1319 945 1369 982 ita
1392 944 1495 982 lacer

55 1015 100 1040 ae
130 1003 278 1040 mutilus
307 1010 387 1049 est,
423 1011 462 1041 ut
495 1011 533 1041 et
554 1003 750 1041 Cardanus
768 1002 851 1056 ††)
887 1010 925 1041 et
954 1003 1088 1047 ceteri,
1121 1014 1213 1052 quos
1244 1013 1316 1051 ego
1346 999 1494 1051 quidem

54 1056 233 1104 viderim,
275 1059 408 1096 aetatis
446 1066 598 1097 nostrae
635 1058 793 1104 medici,
836 1059 898 1109 qui
936 1071 1018 1096 eum
1053 1056 1245 1095 declarare
1280 1055 1492 1100 voluerunt,

54 1125 177 1151 meras
216 1126 332 1163 nugas
370 1114 572 1153 attulerint.
634 1113 719 1163 Ego
752 1121 874 1151 autem
912 1126 994 1151 eum
1025 1113 1076 1151 ita
1110 1111 1413 1162 interpretabor,
1456 1117 1496 1147 ut

54 1181 127 1205 non
159 1181 314 1214 verear,
347 1182 393 1207 ue
423 1170 504 1220 quis
533 1169 621 1206 mihi
651 1168 738 1206 iliud
766 1169 942 1206 obiiciat:
971 1166 1111 1207 τέκτων
1137 1164 1210 1220 γὰρ
1239 1163 1293 1205 ὢν
1319 1165 1497 1217 ἔπραττες

55 1219 102 1261 οὗ
134 1220 339 1263 τεκτωνικά
356 1223 487 1276 -Ῑ-’Ῐ-Ῠ).
546 1224 786 1274 Exposuerat
817 1224 1066 1274 Hippocrates
1107 1223 1230 1259 varias
1260 1233 1374 1271 snper
1403 1227 1496 1257 tem-

55 1290 146 1328 pore
186 1279 377 1329 puerperii
422 1280 626 1316 sententias
643 1276 714 1329 ἦ),
768 1277 1012 1328 dixeratque,
1061 1277 1144 1315 aliis
1188 1274 1334 1327 quidem
1375 1273 1496 1312 videri

55 1339 199 1384 tempus
229 1332 266 1370 id
297 1346 382 1371 esse
412 1332 554 1371 dierum
579 1332 701 1379 CCX,
728 1332 953 1384 quiquidem
979 1332 1141 1370 efficiunt
1164 1337 1304 1381 septem
1327 1343 1494 1376 menses,

56 1388 88 1424 si
116 1388 197 1439 quis
227 1388 500 1440 Aegyptiorum
532 1402 650 1434 more,
680 1401 786 1439 quem
818 1395 891 1426 tum
922 1388 1004 1425 fere
1035 1387 1301 1438 sequebantur,
1331 1386 1497 1423 tricenos

28 1441 136 1481 'dies
177 1443 334 1492 singuiis
375 1444 565 1481 mensibus
603 1444 763 1481 tribuat:
814 1444 896 1481 aliis
936 1450 1215 1487 trecentorum,
1268 1441 1329 1492 qni
1366 1440 1497 1478 eadem

56 1499 202 1536 ratione
229 1498 392 1537 efficiunt
419 1498 547 1537 decem
574 1512 746 1536 menses:
779 1499 861 1536 aliis
888 1497 1049 1549 denique
1074 1496 1241 1535 CCXL:
1274 1497 1334 1547 qui
1365 1495 1498 1533 eadem

57 1554 203 1592 ratione
233 1561 317 1591 octo
358 1566 506 1591 menses
534 1554 710 1592 efficiunt.
773 1552 920 1591 Deinde
953 1553 999 1590 ad
1035 1554 1130 1591 hanc
1160 1558 1385 1603 postremam
1418 1551 1499 1601 opi-

58 1609 206 1647 nionem
235 1609 442 1659 respiciens
473 1608 642 1646 subiicit:
684 1605 755 1648 01’m
783 1607 860 1647 ἔστι
887 1608 952 1647 καὶ
977 1607 1064 1648 ἔστι.
1122 1607 1230 1654 Quae
1264 1606 1377 1645 verba
1412 1604 1499 1656 quid

59 1664 131 1701 sibi
163 1663 289 1710 velint,
323 1678 366 1702 ne
397 1663 553 1713 Mopsus
581 1662 728 1714 quidem
760 1671 823 1700 aut
844 1663 1011 1714 Oedipus
1043 1663 1232 1701 divinarit.
1279 1661 1498 1711 Legendum

58 1726 182 1757 autem
210 1718 280 1756 hoc
306 1718 410 1756 modo
424 1716 555 1758 :''E6n
572 1717 612 1758 δὲ
630 1718 695 1758 καὶ
712 1715 783 1757 οὐκ
802 1717 901 1758 ἔστιν
920 1715 1134 1770 ὀκτάμηνος
1150 1716 1294 1770 γένεσις
1305 1715 1389 1768 ἢ).
1428 1716 1500 1754 At-

60 1787 130 1825 que
153 1776 203 1812 ita
231 1773 508 1825 intelligendum
528 1787 615 1813 esse
645 1773 913 1826 quodammodo
943 1781 1085 1824 partum
1111 1775 1361 1810 octimestrem
1379 1769 1497 1824 stiffi),

61 1837 98 1867 et
138 1828 406 1881 quodammodo
445 1844 515 1867 non
554 1842 654 1868 esse.
724 1829 857 1868 Potest
895 1830 992 1866 enim
1030 1841 1156 1867 mense
1197 1835 1328 1866 octavo
1367 1827 1500 1865 mulier

60 1897 217 1936 parere:
254 1885 320 1923 sed
350 1886 447 1923 fetus
476 1886 597 1922 vitalis
625 1899 697 1923 non
725 1892 795 1923 est.
845 1884 971 1935 Atque
1001 1884 1088 1923 ideo
1123 1883 1304 1929 Sabinus,
1336 1883 1495 1928 Galeno,

61 1948 102 1978 ut
132 1948 256 1978 notum
295 1947 376 1987 est,
417 1941 604 1992 antiquior
639 1939 830 1988 medinm,
874 1951 920 1978 ea
948 1940 1003 1979 sic
1036 1945 1283 1992 exposuerat:
1328 1937 1405 1978 ἔστι
1431 1935 1500 1990 μὲν

136 2074 180 2110 n)
201 2082 272 2110 pag.
292 2076 342 2104 33.
363 2074 410 2103 ed.
431 2076 516 2103 Flor.
539 2075 629 2105 1576.

137 2123 205 2157 ΜΞ)
231 2123 283 2151 foi.
314 2122 364 2152 99.
394 2130 526 2157 eamque
555 2123 743 2158 scripturam
773 2122 869 2152 etiam
899 2121 1110 2151 Schneiderus
1139 2123 1171 2151 et
1200 2121 1321 2152 Corae-'s
1348 2121 1500 2152 exhibent

61 2163 86 2191 1.
107 2162 136 2199 2,
159 2162 207 2189 20.
248 2162 358 2190 FAESI.
381 2175 418 2181 —
457 2162 628 2196 vulgatam
649 2161 816 2190 lectionem
835 2163 941 2190 tuetur
960 2161 1140 2189 Belzkerus.

137 2208 230 2244 *³2:250
251 2215 280 2238 a.
302 2210 377 2237 1551
402 2211 435 2239 et
458 2211 547 2239 1552.
568 2210 599 2238 in
620 2211 647 2239 V
667 2211 751 2239 Voil.

138 2256 184 2295 †]
204 2263 274 2292 cap.
293 2257 322 2286 9.
343 2257 392 2286 ed.
412 2256 542 2286 Linden.
563 2258 671 2294 (Tom.
686 2259 708 2287 1.
730 2265 802 2294 pag.
821 2259 883 2288 382
903 2257 989 2293 infi).

140 2304 212 2343 ††]
233 2305 442 2339 Hieronymus
463 2306 645 2340 Gauianus,
667 2307 826 2343 medicus,
847 2307 937 2336 euius
958 2299 1051 2335 extat
1068 2305 1278 2334 commentar.
1299 2303 1329 2332 iu
1350 2302 1500 2339 Hippocr.

65 2343 135 2374 libn
154 2344 193 2372 de
213 2343 297 2372 alim.
318 2344 429 2372 venet.
451 2344 541 2372 1566.
561 2344 590 2372 4.
612 2345 725 2380 (card⁴
747 2346 825 2380 Opp.
845 2346 934 2374 Toni.
954 2346 1022 2374 V11.
1043 2349 1114 2378 pag,
1135 2343 1196 2370 494
1216 2341 1316 2376 sqq).
1355 2344 1467 2371 FAi-:sn

141 2393 240 2434 †††)
260 2397 382 2425 Versus
402 2398 451 2424 est
470 2395 630 2431 Euripidis
649 2404 699 2432 ap.
720 2399 880 2427 Plutarch.
899 2399 1011 2427 Moral.
1033 2403 1104 2431 pag.
1124 2396 1196 2424 812.
1219 2397 1253 2423 Ε.
1274 2391 1405 2424 τέκτων
1428 2389 1500 2435 γὰρ

67 2435 119 2471 ὢν
145 2437 319 2483 ἔπρασσες
343 2435 386 2470 οὐ
413 2436 639 2483 ξυλουργικά.
677 2444 748 2472 Vid.
769 2444 874 2479 Eurip.
903 2443 1014 2479 fragm.
1040 2443 1149 2490 ineert.
1171 2442 1280 2470 XCIV.
1307 2440 1339 2469 in
1358 2441 1500 2471 Dindorf.

65 2489 156 2517 Poet.
177 2490 266 2516 Scen.
288 2489 398 2516 Graec.
418 2489 543 2521 Fragm.
571 2495 641 2524 pag.
664 2489 734 2519 124.
773 2490 836 2518 Pro
856 2495 1050 2518 τεκιωνικα
1081 2489 1159 2517 bene
1186 2486 1325 2516 correxit
1347 2489 1500 2517 Gruterus

64 2526 259 2569 τεκτονικά,
281 2533 336 2561 sed
357 2532 402 2562 ita
421 2533 538 2568 scripto
560 2536 712 2564 vocabulo
732 2535 940 2570 corrumpitur
959 2542 1119 2564 numerus·

140 2584 184 2619 ἐξ)
205 2583 252 2614 Cf.
273 2584 409 2612 Turnebi
428 2585 567 2614 Advers.
587 2586 639 2614 lib.
661 2587 712 2615 1V.
734 2593 802 2621 cap.
825 2587 875 2615 15.

141 2632 210 2667 aaz)
237 2631 284 2661 Cf.
304 2634 383 2675 Mur.
403 2632 503 2666 Epist.
530 2633 570 2662 ad
591 2633 718 2663 Hieron.
739 2634 960 2664 Mercurialem
988 2634 1065 2670 Opp.
1086 2636 1174 2664 Tom.
1194 2635 1219 2663 1.
1239 2640 1310 2669 pag.
1331 2633 1404 2663 54⁰.
1430 2641 1501 2664 cum

67 2673 172 2701 annot.
194 2671 367 2699 Thomas-n.
405 2672 516 2699 FAsssr.

141 2718 234 2754 {sete-ze)
263 2720 371 2753 Neque
398 2720 599 2754 oclimestris,
629 2726 703 2755 nec,
737 2721 818 2756 qnod
839 2720 973 2749 Faesius
1000 2719 1106 2756 malit,
1136 2720 1501 2757 oct0n1estris‚w·eteres

68 2757 230 2793 dixerunt,
261 2764 449 2791 quamquam
476 2757 718 2791 probatissimae
747 2761 821 2786 sunt
849 2765 946 2786 voces
973 2759 1138 2793 hinne-siris,
1169 2759 1348 2791 trimestris,
1380 2758 1501 2792 qualri-

67 2795 209 2864 ineqiris'·
233 2795 502 2862 qgae'lnquegneslris,
531 2796 695 2826 semestris.
733 2796 941 2832 septimuli-is
960 2795 1048 2825 finxit
1069 2795 1279 2833 Censorinus,
1312 2796 1501 2826 octomecslrie

80 2840 129 2869 egi
146 2840 181 2864 ur
201 2839 233 2862 in
293 2839 358 2861 ossi
379 2854 386 2862 .
