1726 3106
589 101 689 140 LIB.
722 101 773 139 11.
833 100 950 139 CAP.
984 100 1036 138 X.
1480 97 1533 139 39

94 213 225 252 ductus
257 213 307 250 ita
336 212 519 256 sentiret,
558 223 783 262 magnopere
811 210 1018 260 gratulatus
1059 215 1161 246 essct
1191 207 1440 260 dixissetque,
1471 221 1530 247 me

94 276 134 307 et
162 268 233 306 sibi
262 274 305 304 >et
337 266 420 303 aliis
452 265 559 303 valde
592 267 627 303 in
666 279 711 303 eo
743 278 914 303 sermone
950 265 1157 315 placuisse,
1198 263 1348 309 Unum,
1393 264 1528 314 inquit,

94 331 180 371 est,
220 321 314 373 quod
346 334 513 371 magnam
547 321 698 359 hercule
728 321 816 358 mihi
846 321 1047 357 molestiam
1079 318 1259 356 exhibuit.
1320 318 1415 355 Nam
1446 331 1528 355 cum

94 378 239 416 domum
273 389 446 414 reversus
476 376 512 413 in
543 376 802 414 bibliothecam
834 388 890 413 me
918 374 1168 419 abdidissem,
1200 374 1306 424 coepi
1334 386 1404 419 ea,
1437 386 1531 423 quae

94 441 133 470 tu
165 432 328 477 dixeras,
360 444 500 468 mecum
534 431 571 467 in
603 433 725 469 animo
755 431 937 468 recolere.
998 429 1057 467 Ac
1088 437 1213 467 cetera
1244 428 1407 480 quidem,
1440 428 1533 465 nihil

94 488 236 538 abfuit,
267 500 337 524 non
371 499 459 524 sane
489 487 664 533 multum,
698 487 784 537 quin
814 487 880 531 ita,
913 485 964 522 uti
1000 492 1036 522 tu
1068 483 1242 530 dixeras,
1276 485 1311 521 in
1342 484 1410 531 iis,
1440 496 1532 533 quos

95 539 269 587 dixeras,
310 542 414 579 libris
442 543 579 592 scripta
608 542 827 593 repererim.
887 541 1009 578 Unum
1039 538 1084 576 de
1114 539 1290 589 Iugurtha
1320 537 1533 589 reperiendi

95 598 192 635 nulla
225 604 390 647 potestas
421 597 501 636 fuit.
560 596 610 633 Et
639 596 785 647 quidem
816 608 859 633 ea
887 608 1021 632 caussa
1057 601 1167 632 totam
1197 594 1311 631 Marii
1340 594 1450 630 vitam
1480 594 1532 630 ita

96 652 298 703 diligenter
326 652 494 703 perlegi,
524 659 562 688 ut
591 664 637 689 ne
668 653 791 689 littera
820 650 967 702 quidem
997 663 1070 687 una
1100 662 1159 687 me
1191 649 1344 699 fugeiit.
1403 647 1532 687 Velim

96 708 233 758 igitur,
275 708 306 744 si
342 706 571 744 commodum
602 714 680 752 est,
720 720 827 758 quem
858 706 946 743 mibi
982 705 1143 742 iniecisti
1183 704 1414 753 scrupulum,
1453 709 1532 741 tute

95 763 263 808 eximas3
306 763 567 812 recogitesque
595 769 737 808 tecum,
776 760 874 799 unde
902 760 940 798 id
966 761 1181 811 sumpseris.
1240 758 1335 796 Nam
1368 758 1415 795 de
1444 757 1535 795 Plu-

99 817 227 854 tarcho
260 816 406 868 quidem
447 818 542 866 fugit
576 824 613 855 te
649 818 758 856 ratio.
815 817 909 854 Tum
949 829 1043 866 egoz
1085 814 1213 852 Facile
1243 815 1340 852 istuc
1369 812 1532 864 quidem,

96 873 261 923 inquam,
291 873 418 910 fuerit.
468 872 565 909 Nam
597 880 634 910 et
665 872 841 910 memoria
871 884 979 909 nemo
1002 877 1061 908 est
1092 870 1293 913 hominum,
1323 869 1384 920 qui
1413 868 1536 905 valeat

97 928 242 965 minus:
287 935 324 964 et
354 927 444 964 here
474 926 519 964 ad
551 926 746 965 dicendum
779 940 850 964 non
886 939 977 964 sane
1003 924 1111 963 valde
1142 923 1337 962 meditatus
1365 936 1536 961 accesse-

97 996 193 1021 ram.
252 981 328 1020 Sed
370 989 493 1019 tamen
531 982 617 1033 quid
653 990 754 1020 vetat
781 981 1019 1019 Plutarchum
1049 994 1069 1018 a
1102 993 1159 1018 mc
1195 992 1339 1030 quoque
1372 977 1536 1029 inspici?

96 1037 150 1075 Ut
193 1037 258 1074 tibi
293 1036 465 1087 quidem,
520 1037 659 1088 inquit,
709 1038 815 1088 plane
850 1037 1062 1073 satisfacias
1097 1036 1331 1085 animumque
1368 1034 1533 1084 expleas.

96 1091 195 1129 Nam
234 1091 330 1141 quod
363 1092 532 1154 reperire
569 1099 607 1129 te
640 1091 676 1128 id
712 1104 824 1143 posse
863 1103 1043 1134 censeas,
1088 1091 1179 1127 nihil
1219 1097 1290 1127 est.
1350 1089 1458 1125 Haec
1491 1101 1536 1125 eo

98 1146 249 1184 dicente
300 1159 370 1196 ego
418 1147 490 1183 iam
540 1159 691 1196 puerum
736 1144 904 1184 codicem
955 1158 1223 1196 poposceram:
1277 1144 1312 1181 in
1352 1157 1458 1194 quem
1499 1150 1539 1180 ut

97 1202 255 1254 primum
288 1201 432 1239 conieci
462 1201 614 1246 oculos,
655 1201 785 1238 obtulit
811 1214 853 1238 se
883 1201 972 1237 mihi
1002 1199 1038 1237 id
1069 1198 1164 1251 quod
1195 1198 1440 1249 quaerebam,
1479 1197 1536 1235 his

98 1256 225 1295 verbis
256 1257 476 1307 explicatum
495 1253 564 1307 ἧς
597 1255 676 1295 Και
705 1253 866 1322 Μάριος
897 1254 939 1295 ἐκ
961 1252 1116 1306 Λιβύης
1144 1251 1235 1305 μετὰ
1264 1256 1333 1292 τοῦ
1365 1249 1538 1303 στρατεύ-

98 1326 221 1378 ματος
245 1310 531 1379 διακομισθεὶς,
563 1309 697 1358 αὐταῖς
725 1308 934 1357 καλάνδαις
956 1307 1234 1361 Ἰανουαοίαις,
1262 1305 1312 1359 ἣν
1337 1307 1445 1355 ε’τους
1472 1305 1538 1360 ἆρ-

98 1364 178 1432 χὴν
198 1363 333 1420 ἄγουσι
359 1364 545 1417 Ρωμαῖοι,
573 1382 644 1418 την
671 1382 710 1406 τε
737 1363 921 1405 ὑπατείαν
947 1363 1123 1416 ἀνέλαβε,
1153 1365 1219 1404 καὶ
1245 1361 1312 1403 τὸν
1342 1364 1538 1429 θρίαμβον

99 1419 314 1473 εἰςήλασεν,
357 1418 517 1461 ἄπιστον
552 1418 831 1472 ἐπιδειξάμενος
862 1419 992 1471 θέαμα
1026 1418 1244 1471 Ρωμαίοις,
1283 1415 1539 1484 Ἰουγουρθαν
1558 1428 1599 1457 48

99 1475 355 1546 αιχμάλωτον,
395 1477 442 1516 οὑ
472 1479 608 1524 ζῶντος
637 1474 720 1516 ουδ’
763 1474 811 1516 ἂν
843 1478 897 1522 εἱς
930 1474 1064 1527 ἤλπισε
1096 1475 1286 1527 πολεμίων
1324 1485 1536 1526 κρατησειν.

100 1531 200 1572 οὕτω
227 1533 283 1579 τὶς
310 1533 361 1583 ἠν
388 1533 559 1578 ποικίλος
586 1529 683 1582 ἀνηο
712 1529 841 1583 τύχαις
870 1528 1061 1582 ομιλῆσαι,
1089 1530 1153 1570 καὶ
1179 1546 1233 1570 wc
1223 1530 1394 1583 νουργία
1420 1531 1541 1595 πολλῇ

100 1587 340 1652 μεμιγμένον
365 1586 458 1638 ε’χων
492 1584 534 1626 τὸ
572 1586 789 1654 θυμοειδές.
839 1583 920 1625 ἄλλ’
956 1585 1082 1637 ἐξέστη
1111 1601 1152 1639 γε
1187 1584 1450 1651 πομπευθεὶς,
1488 1599 1540 1630 ως

100 1642 269 1695 λέγουσι,
298 1640 382 1682 τότε
410 1645 479 1681 τοῦ
509 1646 684 1694 φθονεῖν·
715 1641 779 1681 καὶ
808 1639 900 1692 μετὰ
929 1639 995 1681 τὸν
1020 1642 1215 1711 θρίαμβον
1244 1641 1297 1687 εἰς
1324 1636 1366 1678 τὸ
1399 1640 1539 1690 δεσμω-

101 1713 233 1751 τηριον
255 1694 438 1749 ἐμπεσών,
467 1694 518 1744 ὦς
544 1697 583 1736 οἷ
603 1694 679 1765 μὴν
705 1694 825 1736 αὐτοῦ
852 1697 920 1750 βία
941 1696 1190 1748 περιέρἆξαν
1214 1693 1279 1734 τὸν
1306 1695 1539 1761 χιτωνίσκου,
1593 1735 1595 1740 ,

102 1754 142 1792 οἱ
167 1752 206 1792 δὲ
240 1751 465 1799 σπεύδοντες
504 1750 715 1802 ἀφελέσθαι
752 1753 819 1805 βία
853 1749 894 1791 τὸ
932 1755 1097 1805 χουσοῦν
1134 1748 1324 1801 ἐλλόβιον,
1362 1765 1440 1800 αμα
1472 1746 1540 1793 τὸν

101 1807 219 1859 λοβὸν
258 1807 568 1859 συναπέρῤηξαν·
608 1805 750 1854 ὥσθεις
788 1805 828 1846 δὲ
865 1804 1009 1859 γυμνὸς
1039 1807 1092 1853 εἰς
1129 1803 1171 1844 τὸ
1206 1802 1408 1862 βαοαθοον
1435 1819 1540 1843 κατε-

101 1861 252 1915 βλήθη,
280 1860 413 1914 μεστὸς
442 1860 496 1902 ὧν
520 1866 706 1915 ταραχῆς,
735 1861 800 1901 καὶ
829 1863 1006 1914 διασεσηο
987 1859 1073 1910 οώς,
1100 1858 1314 1913 Ἡοάκλεις,
1345 1863 1459 1908 εἶπεν,
1488 1875 1541 1906 ως

101 1916 252 1971 ψυχρὸν
290 1915 397 1969 ὑμῶν
430 1915 471 1957 τὸ
513 1918 741 1969 βαλανεῖον]
798 1917 904 1965 Quae
943 1931 1010 1968 pro
1044 1925 1212 1967 tempore
1252 1917 1370 1966 ipsius
1408 1928 1541 1952 caussa

102 1975 152 2011 ita
182 1982 255 2011 tum
285 1987 306 2011 a
337 1986 393 2011 me
420 1974 456 2010 iu
489 1973 659 2010 Latinum
693 1985 902 2010 sermonem
934 1985 1114 2009 conversa
1147 1978 1252 2009 sunt.
1289 1973 1346 2010 At
1373 1971 1538 2015 Marius,

103 2043 153 2067 eat
179 2028 319 2079 Africa
354 2041 435 2066 eum
475 2031 649 2066 earet-citu
687 2029 888 2073 advectus,
929 2028 1018 2067 Hal.
1051 2029 1132 2066 Ian.
1164 2028 1280 2077 ipsis,
1319 2026 1420 2076 quod
1453 2026 1547 2062 anni

96 2085 323 2135 prinetpinm
351 2086 528 2122 Romanis
557 2091 628 2130 ess,
657 2090 732 2121 tum
755 2084 988 2121 consulatum
1020 2084 1142 2120 denuo
1174 2083 1272 2125 iniit,
1306 2087 1380 2119 tum
1411 2082 1541 2117 trium-

96 2141 212 2190 phurn
256 2141 359 2188 egit,
402 2140 438 2175 in
472 2153 544 2191 quo
585 2139 805 2177 incredibile
839 2139 1015 2176 Romanis
1055 2138 1306 2188 spectaculum
1346 2136 1538 2180 earltibuit,

103 2196 287 2244 captiuum
312 2195 559 2244 Iugurtluttn3
591 2207 661 2245 quo
691 2195 770 2232 vivo
801 2207 840 2231 se
863 2195 1071 2244 potiturum
1100 2205 1209 2231 nemo
1237 2192 1395 2228 bostium
1427 2191 1543 2240 ipsius

102 2256 304 2300 sperasset.
361 2251 421 2287 Ila
459 2252 565 2287 vario
603 2256 690 2287 erat
723 2251 782 2287 vir
815 2250 879 2287 ille
923 2255 961 2286 et
1000 2248 1202 2298 multiplici
1236 2247 1386 2296 ingenio
1421 2252 1457 2282 et
1491 2245 1544 2281 ad

92 2304 283 2356 sor-tunae
320 2305 594 2343 vicissitudines
635 2306 824 2350 versatili,
863 2310 902 2341 et
942 2315 986 2341 ea
1020 2303 1219 2354 praeditus
1248 2302 1433 2345 audacia,
1483 2300 1547 2336 cui

103 2361 220 2397 mulla
250 2360 442 2397 calliditas
467 2367 561 2398 esset
585 2360 760 2397 admista.
809 2360 886 2397 Sed
913 2360 951 2396 in
981 2359 1170 2409 triumpho
1194 2358 1328 2394 duetus
1357 2357 1539 2419 desipere,

104 2421 149 2451 ut
171 2414 300 2463 fertur
312 2442 324 2460 ,
361 2426 406 2452 ae
434 2416 599 2453 delitare
629 2418 764 2465 eoepit.
824 2417 956 2464 Itaque
982 2421 1069 2464 post
1105 2413 1352 2463 tteumpleum,
1393 2412 1429 2447 in
1458 2421 1543 2446 ear-

104 2482 225 2507 cerem.
248 2476 473 2519 compactus,
506 2477 549 2508 ut
572 2472 610 2507 ei
635 2471 706 2507 alii
733 2471 875 2533 qmdern
900 2470 1080 2507 vzolenter
1108 2468 1296 2518 abrupere
1320 2466 1540 2508 tunimclam,

105 2525 177 2562 alic
197 2531 319 2562 autem
345 2537 499 2562 auream
529 2527 696 2563 inaurem
720 2538 794 2576 per
821 2526 891 2562 vim
915 2525 1061 2575 etipete
1082 2529 1346 2575 properantes,
1379 2519 1542 2570 infimam

105 2591 180 2616 una
218 2592 361 2630 quoque
390 2582 597 2618 amiculam
636 2581 893 2618 de‘sezderzmt:
935 2581 1014 2630 ipse
1043 2586 1164 2617 autem
1200 2579 1323 2616 nudus
1360 2577 1399 2612 in
1429 2575 1542 2611 bara-

105 2635 228 2672 threnn
252 2636 385 2684 pulsus
414 2647 459 2672 ae
486 2637 652 2674 deiectus
682 2643 762 2680 est,
800 2637 965 2685 stuporis
990 2637 1146 2686 plenus,
1177 2632 1351 2676 retectas,
1383 2630 1544 2667 ridentis

105 2701 144 2725 ιη
175 2702 336 2734 morem,
369 2690 563 2736 dentibus,
602 2692 768 2741 Iupiter,
807 2691 954 2741 aequet,
995 2697 1037 2728 ut
1050 2689 1242 2741 [Γιὲῐιίαηι
1272 2692 1432 2724 vestrum
1463 2684 1543 2721 bal-

178 2813 222 2848 as)
244 2819 313 2849 cap.
336 2814 384 2842 12.
