1778 3096
502 140 605 182 LIB.
638 140 750 181 XVI.
810 137 929 179 CAP.
962 137 1036 179 VI.
1407 131 1488 174 367

569 272 854 313 CAPUT
909 270 964 311 V.

159 352 259 390 Unus
278 361 356 402 pro
381 350 564 397 millibus,
599 364 622 390 a
651 351 866 388 Democrito
891 349 1055 399 primum
1085 346 1223 384 dietum
1252 344 1387 382 videri.

52 429 157 487 NoN
189 446 459 495 numerandas,
512 448 578 487 sed
614 447 872 499 ponderandas
912 458 998 484 esse
1038 445 1267 490 sententias,
1316 454 1431 493 saepe
1468 454 1491 479 a

53 504 281 556 sapientibus
310 503 446 541 dietum
477 512 550 551 est,
583 505 770 555 plurisque
802 501 1009 539 faciendum
1044 513 1128 537 esse
1158 501 1266 537 unius
1297 500 1424 549 gravis
1452 504 1492 534 et

52 558 195 596 cordati
222 559 294 597 viri
326 558 519 605 iudicium,
554 573 660 610 quam
691 558 896 608 imperitam
926 554 1217 600 multitudinem,
1249 555 1309 591 cui
1339 553 1492 604 probari

51 627 96 652 ae
125 614 276 664 placere
312 614 397 651 olim
428 628 450 652 a
476 616 607 665 peritis
639 613 801 652 Mus-icis
838 618 1094 662 argumentum
1135 610 1296 646 habitum
1333 615 1391 645 est
1425 622 1494 646 κα-

50 668 243 719 κοτεχνίας
256 668 317 721 *).
374 668 435 706 Ex
465 683 536 720 quo
564 668 749 720 proditum
778 667 888 705 etiam
919 673 976 704 est
1006 665 1156 710 litteris,
1185 663 1376 701 Periclem
1391 661 1491 714 Μ),

51 724 84 761 si
115 723 260 774 quando
290 723 522 775 plaudentem
555 724 625 762 sibi
654 736 828 762 coronam
858 721 1018 767 videret,
1046 727 1211 757 metuere
1242 719 1412 763 solitum,
1444 729 1494 754 ne

50 778 140 829 quid
169 786 380 829 peccasset,
413 793 483 817 neu
514 779 599 830 quid
630 780 710 830 plus
740 779 908 816 minusve
938 776 1109 821 dixisset,
1139 787 1246 825 quam
1279 772 1492 824 oportebat.

50 833 103 872 Et
134 833 303 871 laudatur
321 833 566 872 Antimachus
581 834 718 886 ***),
751 835 812 885 qui
836 846 917 871 cum
947 830 1088 882 grande
1113 829 1203 867 illud
1233 842 1337 866 suum
1363 830 1495 879 poema

50 889 218 927 recitans
257 889 302 926 ab
343 890 535 935 omnibus,
586 896 847 940 praeterquam
887 900 909 926 a
946 887 1131 931 Platone,
1179 885 1331 923 relictus
1372 889 1492 930 esset,

51 946 214 994 Legum,
252 945 392 995 inquit,
432 946 686 983 nihilominus.
747 946 855 983 Plato
891 944 986 981 enim
1024 943 1118 980 mz'ln·
1151 953 1247 978 unus
1275 941 1401 977 instar
1437 943 1496 976 est

50 1001 252 1037 multorum
289 1001 459 1037 millium.
518 999 653 1050 Neque
691 1013 764 1038 non
802 998 892 1037 illud
930 997 1086 1048 Epicuri
1101 995 1152 1048 †)
1184 1007 1407 1046 generosum
1447 1005 1494 1030 ac

50 1054 284 1104 magnificum
316 1061 395 1092 est:
430 1055 491 1105 qui
519 1054 564 1092 ad
594 1055 853 1093 Metrodorum
885 1054 1071 1098 scribens,
1099 1059 1137 1089 et
1163 1051 1268 1102 parvi
1297 1057 1372 1087 tuin
1404 1048 1492 1094 sibi,

51 1116 128 1147 tum
157 1109 226 1155 illi,
249 1108 421 1147 facienda
451 1123 535 1147 esse
560 1111 658 1160 vulgi
683 1110 820 1148 iudicia
841 1109 1048 1154 disserens,
1073 1109 1176 1145 Satis
1196 1118 1374 1155 magnum
1388 1103 1492 1156 ††),

50 1164 186 1214 inquit,
217 1170 374 1215 uterque
403 1166 522 1202 alteri
547 1166 733 1204 theatrum
762 1178 903 1203 summ.
962 1163 1027 1201 Sic
1058 1162 1211 1210 Cicero,
1242 1160 1326 1197 dum
1356 1158 1495 1197 Catoni

49 1219 297 1270 probaretur,
331 1220 484 1256 aliorum
517 1220 653 1258 iudicia
681 1234 755 1258 non
787 1219 1073 1258 extimescebat.
1135 1219 1228 1254 Cato
1256 1217 1318 1253 ille
1347 1221 1492 1259 noster,

50 1272 324 1325 inquit†††),
367 1276 436 1324 qui
458 1275 554 1312 mz'lzz'
585 1288 681 1312 unus
716 1282 776 1312 est
800 1287 872 1325 pro
908 1280 1054 1311 eentum
1084 1271 1261 1309 millibus.
1321 1268 1374 1306 Et
1405 1268 1495 1305 alibi

51 1328 98 1366 de
126 1328 327 1366 Peducaeo
340 1325 406 1380 ἦε),
443 1331 497 1367 Τιι
526 1342 629 1374 vero,
661 1330 796 1379 inquit,
830 1330 932 1378 leges
958 1330 1100 1365 Seoeto:
1134 1327 1286 1376 eiusque
1316 1325 1494 1362 iudicium

48 1385 145 1422 mz'lzz·
164 1382 392 1433 perserz‘bes.
436 1379 491 1430 εἷς
518 1382 601 1435 ἐμοὶ
629 1381 771 1437 μύριοι.
829 1383 922 1421 Cum
958 1389 1082 1420 autem
1112 1381 1260 1419 Graeca
1289 1380 1351 1417 illa
1379 1379 1495 1419 verba

51 1439 209 1477 alicuius
249 1444 416 1477 veterum
457 1451 542 1476 esse
588 1447 757 1477 constet:
807 1451 926 1490 neque
966 1438 1158 1488 quisquam
1196 1435 1341 1481 adhuc,
1397 1433 1495 1485 quod

51 1495 193 1541 seiam,
226 1493 332 1530 cuius
362 1495 461 1540 sint,
493 1493 722 1544 prodiderit:
752 1508 825 1532 non
853 1494 1012 1531 alienum
1041 1492 1193 1543 putavi,
1225 1491 1370 1535 testari,
1405 1488 1494 1540 quid

52 1548 99 1586 de
125 1549 199 1585 illis
222 1548 368 1598 opiner.
420 1549 600 1598 Suspicor
622 1551 735 1600 igitur
757 1548 966 1586 Democriti
992 1561 1101 1593 esse,
1134 1547 1238 1584 cuius
1261 1546 1330 1584 hoc
1355 1544 1494 1582 dictum

51 1604 216 1642 refertur
243 1616 265 1641 a
294 1602 442 1643 Seneca
456 1602 551 1657 Μὴ
598 1607 700 1644 Unus
735 1606 830 1645 mz'lez'
855 1617 930 1656 pro
963 1605 1101 1656 populo
1141 1609 1219 1642 est.-
1262 1608 1300 1640 et
1331 1602 1494 1653 populas

44 1672 121 1711 pro
152 1672 240 1699 uno,

562 1778 852 1820 CAPUT
906 1780 985 1821 VI.

51 1857 167 1896 Servi
191 1857 243 1895 ad
262 1857 383 1909 pedes
411 1859 654 1897 coenantibus
680 1859 848 1898 stabant.
907 1859 1175 1910 Magdalenam
1206 1856 1322 1909 pedes
1344 1855 1498 1894 Domini

597 1916 733 1952 stando
765 1916 931 1954 memisse.

50 1990 434 2050 DISCUMBENTIBUS
464 2012 549 2050 olim
574 2012 733 2051 cenandi
765 2027 898 2051 caussa
923 2013 1022 2052 servi
1051 2020 1153 2052 retro
1182 2011 1228 2050 ad
1257 2010 1371 2063 pedes
1393 2017 1494 2049 stare

51 2075 346 2113 consueverant,
386 2068 447 2118 qui
488 2067 716 2106 dominorum
763 2070 862 2106 iussa
900 2070 1133 2120 exciperent.
1203 2066 1313 2115 Quod
1351 2067 1409 2104 vel
1447 2066 1494 2103 ob

51 2133 132 2159 eam
162 2135 328 2160 caussam
358 2123 617 2161 observatione
647 2123 797 2173 dignum
829 2125 966 2175 putavi,
992 2131 1031 2162 ut
1060 2124 1177 2173 magis
1200 2122 1491 2172 intelligeretur,

51 2175 147 2227 quod
176 2178 212 2214 in
242 2185 480 2216 sacrosancto
509 2178 719 2230 Evangelio
749 2180 927 2230 scriptum
963 2186 1044 2227 est,
1074 2178 1367 2230 Magdalenam,
1409 2189 1494 2214 eum

124 2309 168 2345 *J
188 2309 260 2339 vid.
280 2310 401 2340 Athen.
420 2310 474 2339 lib.
494 2312 576 2342 XIV.
597 2319 670 2349 pag.
689 2313 761 2343 631.
782 2313 818 2344 C.

53 2358 412 2429 edugJssJagt'lgi-tagehus
433 2359 471 2388 de
490 2361 652 2390 Phocione
672 2361 788 2401 refert,
816 2363 1052 2398 Apoputnegm.
1076 2367 1149 2398 pag.
1171 2362 1241 2391 188.
1260 2361 1300 2391 A.
1321 2360 1360 2391 cf.
1381 2360 1420 2389 de
1439 2359 1494 2389 lib.

86 2479 92 2486 ·
130 2443 223 2477 *ze-2³)
245 2443 309 2472 Cic.
329 2445 416 2473 Brut.
438 2452 506 2479 cap.
527 2446 576 2474 51.
599 2446 631 2481 S.
653 2447 722 2476 191.
755 2448 808 2477 ubi
827 2456 910 2477 nunc
936 2448 1054 2483 legitur
1084 2447 1216 2476 omnium
1242 2454 1299 2482 pro
1319 2447 1495 2476 multorum.

53 2479 125 2509 Vld.
147 2482 381 2516 Schellenberg.
403 2483 443 2511 ad
462 2484 643 2512 Antimachi
664 2485 786 2520 Reliqq.
807 2493 878 2520 pag.
899 2488 918 2514 2
938 2494 1006 2520 δρα.

128 2525 175 2572 sk)
195 2529 289 2562 Apud
311 2531 421 2558 senec.
442 2530 543 2565 Epist.
563 2532 591 2560 7.
630 2533 761 2569 Eureffl'e
778 2535 836 2562 hoc
854 2535 977 2562 tertium
997 2534 1155 2568 Epicurus
1176 2540 1267 2568 quum
1285 2534 1339 2561 um·
1358 2540 1400 2561 ear
1419 2538 1495 2560 con-

55 2566 190 2610 sorttotts
208 2567 380 2611 studiorum
397 2575 526 2611 suorum
549 2569 768 2606 (Metrodoro)
788 2574 956 2600 scriberet:
975 2574 1077 2605 Haec,
1100 2573 1206 2606 inquit,
1223 2578 1278 2606 eqo
1298 2578 1360 2599 non
1379 2571 1493 2608 multis,

53 2604 109 2632 sed
126 2605 199 2638 tzoz‚·
220 2605 323 2631 satzs
343 2611 439 2633 enzm
459 2613 633 2640 maynum
653 2609 756 2636 alter
775 2610 895 2637 alteri
914 2610 1109 2638 theatrum
1127 2616 1268 2638 sumus.

128 2649 202 2689 ††)
222 2653 258 2679 111
277 2653 458 2681 Ruhnkenii
479 2653 616 2682 editione
635 2657 720 2684 male
741 2657 892 2686 scribitur
911 2664 1048 2693 maytms.

127 2698 228 2737 †††)
250 2700 352 2735 Epist.
370 2702 412 2729 ad
432 2703 500 2731 Att.
520 2702 573 2731 lib.
594 2704 632 2732 11.
653 2711 702 2738 ep.
721 2704 751 2733 5.
774 2705 807 2740 S.
829 2706 858 2735 1.

129 2747 173 2782 ³1³)
193 2747 293 2782 Epist.
314 2749 354 2777 ad
373 2750 442 2779 Att.
461 2750 515 2778 lib.
535 2751 616 2780 XVI.
637 2759 687 2786 ep.
711 2753 758 2781 11.
779 2753 812 2788 S.
835 2754 863 2782 1.

71 2838 80 2848 ‘
114 2800 318 2850 1ι*,-ς;ι-)”Ερι·εη.
340 2802 368 2832 7.
409 2802 455 2832 cr.
474 2804 601 2832 nomer.
622 2804 785 2836 11tas1.1x.
806 2807 876 2838 116.
907 2801 991 2838 ἀντί
1014 2814 1058 2838 νυ
1084 2803 1233 2840 πολλῶν
1258 2803 1357 2840 λαῶν
1392 2802 1492 2840 ἐστὶν

57 2852 169 2886 amp,
197 2853 239 2876 ον
261 2853 298 2876 ἰε
322 2842 414 2883 Ζεὺς
435 2843 517 2890 κῆρι
541 2840 687 2892 φιλήσῃ.

1519 1781 1582 1810 385
