1778 3096
505 138 603 179 LIB.
634 139 742 179 XVI.
804 136 921 176 CAP.
955 136 1027 176 lv.
1406 131 1489 173 365

52 266 235 305 nunquam
262 264 330 304 pro
357 250 535 303 pretiosis
564 248 786 288 venditabo:
816 256 855 286 ut
881 259 929 285 ne
959 244 1048 284 illud
1076 242 1240 297 quidem,
1264 241 1361 294 quod
1389 242 1487 280 illius

49 309 249 355 versiculi,
282 307 344 359 qui
372 320 446 345 non
472 306 525 343 ita
557 306 669 343 multo
699 311 782 356 post
809 304 947 354 legitur
962 302 1026 354 ᾗ),

107 388 219 436 Quem
247 397 316 434 ego
344 384 453 421 modo
475 396 637 434 puerum
666 383 856 422 tantillum
887 382 925 418 2'72
953 378 1124 418 manibus
1150 377 1303 427 gestavi
1326 376 1430 421 τηθίς,

48 469 148 501 tanta
177 468 236 500 est
263 459 466 498 similitudo
495 474 578 500 cum
603 460 667 498 illo
697 456 889 508 Euripidis
920 470 967 495 ex
996 455 1163 507 Cyclope
1178 452 1276 507 *ᾗῇ

252 533 331 578 “Ον
361 535 554 590 ἐξέθρεψα
583 533 691 576 παῖδ’
725 532 798 589 ἐγώ
827 530 912 574 ποτ’
947 530 1142 587 ἀγκάλαις,

45 627 86 659 ut
114 621 147 659 si
186 618 248 658 illa
275 619 469 672 Euripidis
501 620 640 672 Satyra
669 620 845 671 periisset
874 624 911 656 et
945 617 1006 655 hic
1035 628 1131 653 unus
1160 628 1291 653 versus
1321 629 1393 653 non
1423 627 1490 654 ex-

44 688 175 728 presso
205 677 368 714 auctoris
400 677 549 714 nomine
578 676 712 713 citatus
742 675 787 712 ab
823 673 946 724 aliquo
984 679 1112 710 vetere
1143 671 1396 709 Grammatico
1425 684 1489 708 re-

44 733 249 783 periretur,
271 732 382 770 facile
410 732 664 783 suspicaturus
685 731 798 768 fuerit
825 723 972 779 aliquis,
1004 740 1088 765 eum
1119 739 1206 764 esse
1237 739 1284 763 ex
1304 726 1488 778 Adelphis

43 786 260 825 Menandri.
317 787 412 827 Tale
442 788 544 825 enim
570 785 742 838 quiddam
771 786 808 823 in
838 785 920 823 aliis
952 782 1126 822 evenisse
1156 783 1310 819 scimus.

550 948 839 989 CAPUT
897 947 977 988 IV.

157 1041 358 1093 Hippolyti
385 1042 505 1080 Card.
537 1041 707 1080 Estensz‘s
731 1039 899 1092 prudens
926 1039 973 1076 de
999 1038 1200 1076 severitate
1229 1048 1367 1075 sermo-

43 1130 189 1189 SAEPE
226 1151 317 1189 mihi
347 1150 570 1188 obversatur
602 1158 689 1188 ante
728 1150 855 1188 oculos
886 1147 1116 1200 Hippolytus
1147 1145 1362 1184 Cardinalis
1390 1143 1490 1182 Fer-

42 1207 224 1245 rariensis
238 1204 365 1257 ***);
397 1219 512 1257 saepe
543 1205 590 1244 de
618 1207 681 1244 illo
711 1206 886 1256 vigilans,
919 1217 1032 1255 saepe
1060 1203 1172 1240 etiam
1203 1201 1392 1238 dormiens
1425 1213 1490 1237 co-

40 1263 144 1312 gito:
186 1269 223 1299 et
253 1274 385 1311 magna
415 1274 546 1298 caussa
572 1268 652 1307 est,
695 1274 762 1298 cur
792 1261 829 1297 id
859 1261 986 1297 facere
1016 1258 1186 1295 debeam.
1246 1254 1397 1292 Primus
1426 1255 1490 1291 ille

40 1318 270 1356 fortunarum
301 1329 491 1361 mearum,
523 1315 723 1366 quantulae
754 1315 838 1352 illae
870 1313 1017 1351 tandem
1050 1323 1197 1362 cunque
1225 1318 1326 1357 sunt,
1358 1317 1491 1348 auctor

39 1379 151 1423 atque
181 1366 412 1423 inceptor†)
445 1371 527 1408 fuit.
586 1369 810 1417 Quindecim
840 1381 958 1406 annos
994 1375 1032 1406 et
1061 1380 1105 1405 eo
1135 1366 1292 1416 amplius
1321 1379 1402 1403 cum
1442 1378 1489 1402 eo

40 1428 331 1466 familiarissime
359 1427 457 1464 vixi:
503 1439 585 1464 cum
622 1426 780 1476 optimus
811 1431 849 1463 et
881 1424 1169 1461 humanissimus
1198 1421 1384 1472 Princeps
1422 1433 1491 1458 sua

40 1495 184 1521 mecum
214 1482 447 1532 gravissimis
477 1481 523 1518 de
552 1480 663 1518 rebus
689 1481 845 1518 consilia
874 1490 1147 1530 saepenumero
1170 1478 1488 1514 communicaret:

41 1550 300 1588 nonnunquam
332 1537 443 1574 etiam
474 1534 604 1573 eodem
630 1536 737 1586 plane
766 1534 891 1581 modo,
916 1547 988 1585 quo
1019 1532 1190 1582 magistri
1219 1531 1489 1583 discipulorum

40 1593 193 1644 ingenia
224 1589 493 1641 interrogando
524 1591 691 1641 experiri
721 1591 856 1636 solent,
886 1602 1002 1627 meam
1035 1601 1147 1639 super
1177 1587 1239 1625 eis
1263 1588 1490 1625 sententiam

40 1649 276 1699 exquireret:
308 1660 329 1684 a
349 1659 389 1684 se
416 1644 602 1683 interdum
629 1644 913 1684 dissentientem
946 1645 1173 1695 aequissimo
1196 1643 1319 1680 animo
1345 1643 1488 1680 ferret:

40 1711 228 1742 errantem
260 1701 512 1740 amantissime
543 1699 813 1751 redargueret,
849 1700 1115 1750 multarumque
1145 1711 1269 1736 rerum
1300 1697 1345 1735 ad
1375 1700 1488 1737 vitam

39 1759 302 1810 pertinentium
343 1770 410 1808 pro
447 1756 626 1807 singulari
663 1755 883 1806 prudentia,
924 1767 995 1806 qua
1033 1753 1225 1805 praeditus
1271 1760 1377 1800 erat,
1423 1753 1489 1790 ad-

40 1820 226 1852 moneret.
293 1812 502 1863 Praecipue
540 1818 662 1849 autem
704 1824 785 1849 cum
822 1811 941 1848 Tibur
979 1822 1284 1854 secesseramus,
1327 1809 1388 1847 ubi
1426 1810 1489 1847 ille

40 1869 236 1920 quotannis
265 1868 430 1906 aestivos
461 1879 609 1904 menses
642 1867 853 1917 transigere
881 1865 1050 1911 solebat,
1090 1865 1210 1902 nullus
1251 1861 1331 1902 fere
1362 1865 1489 1902 abibat

40 1924 144 1969 dies,
176 1924 264 1974 quin
294 1936 364 1974 per
393 1921 599 1960 studiorum
629 1923 816 1972 speciem,
848 1922 931 1959 aliis
961 1920 1131 1958 omnibus
1160 1920 1341 1965 exclusis,
1374 1921 1487 1958 horas

39 1979 181 2030 aliquot
207 1991 279 2016 una
308 1976 582 2015 iucundissimis
616 1977 848 2014 sermonibus
878 1989 1198 2014 consumeremus.
1257 1975 1486 2027 Utinamque

41 2047 196 2080 eorum,
236 2046 330 2085 quae
360 2031 524 2083 quotidie
562 2032 608 2070 ab
640 2032 702 2069 illo
740 2032 959 2078 audiebam,
1002 2031 1291 2069 commentarios
1322 2038 1360 2068 et
1397 2045 1488 2068 con-

40 2090 216 2128 fecissem
256 2087 468 2139 diligentius
506 2094 545 2126 et
575 2087 776 2125 studiosius
815 2099 1115 2126 conservassem.
1177 2085 1254 2125 Sed
1296 2087 1486 2125 hominum

41 2145 324 2195 incogitantium
359 2156 484 2189 more,
513 2144 600 2194 qui,
632 2156 785 2194 quorum
815 2144 852 2180 in
880 2155 1061 2194 praesens
1091 2142 1198 2193 copia
1222 2149 1304 2189 est,
1338 2155 1382 2180 ea
1413 2142 1486 2180 sibi

41 2207 222 2251 perpetuo
252 2206 380 2250 parata
410 2200 491 2237 fore
520 2197 733 2244 confidunt,
774 2205 813 2236 et
842 2211 863 2236 e
894 2198 1060 2249 plurimis
1090 2198 1316 2248 paucissima
1346 2197 1488 2248 selige-

41 2255 146 2301 ham,
185 2266 280 2307 quae
309 2255 511 2292 memoriae
547 2266 680 2291 caussa
718 2254 978 2304 consignarem
1007 2254 1167 2299 litteris,
1213 2259 1251 2290 et
1288 2266 1352 2291 eas
1382 2254 1484 2304 ipsas

43 2309 188 2358 scidas,
220 2310 256 2347 in
283 2322 373 2361 quas
400 2309 462 2347 illa
489 2309 721 2347 conieceram
738 2338 750 2355 ‚
781 2317 909 2360 postea
939 2310 988 2346 ita
1014 2309 1251 2359 negligenter
1279 2308 1413 2354 habui,
1445 2317 1487 2346 ut

43 2378 170 2403 earum
201 2363 298 2403 bona
329 2377 535 2415 magnaque
564 2377 649 2415 pars
684 2365 852 2415 perierit.
912 2363 1041 2403 Incido
1070 2371 1191 2401 autem
1223 2377 1485 2415 nonnunquam

43 2420 79 2458 in
114 2432 241 2458 earum
271 2420 494 2466 nonnullas,
536 2432 629 2472 quae
668 2433 727 2458 me
753 2421 899 2459 acriore
936 2420 1160 2471 reliquarum
1202 2418 1391 2458 desiderio
1429 2420 1486 2458 in-

43 2553 237 2622 ωηϋῗὲὶῃῗγ·
258 2554 289 2593 2,
310 2553 361 2583 ²4·
400 2553 480 2583 P⁰St
498 2552 677 2583 Bentleium
696 2561 779 2584 nunc
797 2554 914 2590 legitur
933 2555 1056 2584 mutato
1077 2555 1205 2584 ordine:
1234 2563 1365 2591 puerum
1393 2557 1485 2585 modo

118 2656 188 2692 ςῑε-κε)
208 2663 239 2685 ν.
262 2655 332 2685 142.
352 2655 405 2685 ubi
424 2663 507 2686 nunc
525 2655 658 2692 legitur:
686 2648 727 2687 ὃν
747 2651 929 2698 ἐξέθρεψα
953 2651 1061 2692 ngff‘
1089 2651 1161 2698 ἐγώ
1181 2652 1260 2688 ποτ’
1285 2650 1482 2698 oboediam,-

43 2697 101 2728 sed
120 2696 159 2726 cf.
181 2697 282 2725 orest.
302 2703 334 2725 v.
353 2696 415 2725 462
435 2703 504 2731 sqq.

118 2755 212 2791 κᾶε-κε)
236 2754 307 2785 Vid.
327 2762 425 2791 supra
443 2756 496 2785 lib.
518 2757 568 2785 xl.
589 2762 658 2792 cap,
680 2757 729 2786 15.

119 2813 168 2853 q.)
185 2813 383 2859 Vocabulum
398 2816 621 2844 Terentianum
636 2816 774 2847 Eunueh.
785 2817 823 2847 V.
844 2817 874 2855 8,
896 2816 927 2847 4.
948 2824 966 2846 ο
985 2824 1121 2848 mearum
1140 2819 1329 2854 voluptatum
1350 2821 1481 2850 omnium

44 2855 198 2891 inventor,
220 2861 230 2882 z
240 2860 259 2882 n
267 2861 284 2883 c
292 2854 353 2889 ept
362 2860 380 2883 o
389 2859 408 2882 r
415 2874 424 2889 ‚
443 2853 622 2889 perfector!

1515 730 1579 759 382
