1778 3096
169 371 233 402 323

164 2109 227 2140 324

251 131 333 175 310
813 131 942 174 VAR.
974 130 1128 173 LECT.

256 250 454 295 exspectes
483 241 568 282 dum
598 240 719 289 dicat,
750 242 787 280 ei
815 242 942 281 omnia
970 241 1176 281 succedunt
1204 243 1273 282 sub
1304 256 1435 283 manu:
1466 249 1530 282 ant
1557 241 1695 295 aliquid

257 298 455 337 eiusmodi.
511 298 566 335 At
594 297 671 343 ille,

533 364 589 409 ei,
621 362 764 414 inquit,
794 376 869 402 non
898 377 978 403 esse
1007 364 1129 401 iratos
1151 370 1260 414 puto.

257 438 369 488 Quod
407 439 480 477 tale
522 446 603 486 est,
654 453 698 478 ac
736 440 766 478 si
811 442 893 492 quis
932 440 1101 485 diceret,
1152 442 1285 478 Vinum
1325 441 1425 491 quod
1464 440 1587 479 album
1622 446 1696 489 est,

256 497 405 545 mgr-um
436 508 508 533 non
536 508 615 533 esse
643 495 828 534 arbitror.
877 496 1006 547 Itaque
1033 495 1190 533 ridicule
1223 494 1367 545 quidam
1385 494 1430 548 *)
1463 496 1537 534 illic
1567 503 1696 533 acutus

257 562 343 587 esse
372 549 508 595 voluit,
550 557 587 588 et
615 552 868 601 argumentari
908 565 991 589 euin
1020 564 1042 589 a
1071 551 1271 589 contrariis
1307 550 1400 589 dixit
1416 549 1506 605 ΜΕ).
1566 551 1698 590 Simile

255 603 346 643 illud
373 617 394 643 e
425 604 556 644 Sticho
570 604 693 658 ³7⁵**):

699 678 840 721 quanta
870 685 951 711 mea
978 672 1165 722 sapientia
1195 677 1266 717 est,

364 726 402 764 Ε
426 727 535 765 malis
563 728 691 765 multis
726 729 861 765 malum
891 729 992 779 quod
1024 728 1211 765 minimum
1239 732 1317 772 esc,
1357 726 1398 764 id
1423 727 1613 765 minimum
1643 733 1700 765 est

1249 783 1401 820 mulum.

256 856 365 896 Talia
396 865 504 896 crant
534 858 618 904 illa,
652 871 745 909 quae
776 858 948 897 ridentur
978 859 1015 896 in
1047 859 1184 897 Stoicis
1200 856 1276 911 †):
1317 860 1367 898 Sz’
1391 860 1471 896 dies
1498 865 1580 905 est,
1619 859 1700 897 dies

256 920 327 950 est.
387 915 459 952 Est
486 923 610 951 autem
641 915 732 952 dies.
794 916 865 953 Est
891 916 1011 964 igitur
1047 915 1138 952 dies.
1201 914 1271 951 Cui
1302 915 1400 951 enim
1435 913 1583 951 dubium
1614 926 1699 951 esse

255 974 394 1018 potest,
426 969 527 1019 quin,
560 968 656 1019 quod
686 969 819 1006 malum
852 970 1040 1007 minimum
1072 976 1143 1017 est,
1177 968 1212 1006 id
1244 970 1292 1006 sit
1322 970 1509 1006 minimum
1542 968 1701 1006 malum?

255 1022 334 1061 Sed
367 1031 452 1060 sunt
482 1023 629 1074 quidam
662 1022 904 1077 μωρόσοφοι,
947 1028 1007 1075 qui
1034 1025 1125 1062 haec
1159 1024 1314 1075 perinde
1344 1025 1551 1074 accipiunt,
1593 1037 1637 1062 ac
1668 1024 1702 1061 si

255 1079 357 1116 serio
387 1078 616 1118 dicerentur.
677 1080 808 1118 Simile
840 1088 896 1118 est
926 1079 1014 1118 illud
1045 1094 1064 1118 e
1094 1081 1277 1131 principio
1308 1078 1547 1131 Captivorum
1563 1078 1672 1133 ††)

363 1158 442 1195 Hos
474 1169 566 1207 quos
594 1158 732 1196 videtis
760 1164 864 1195 stare
895 1159 956 1196 hie
987 1160 1152 1209 captivos
1183 1158 1289 1203 duos,

362 1213 430 1249 Ille·
454 1213 523 1262 quz‘
545 1219 676 1260 stant,
708 1213 753 1250 1ιί
775 1221 878 1251 siant
910 1213 1042 1259 ambo,
1074 1227 1147 1251 uon
1178 1214 1323 1250 sedent.

253 1286 340 1325 Hoc
372 1288 471 1326 enim
503 1287 614 1333 dicit,
657 1301 723 1326 cos
755 1291 944 1340 captivos,
987 1290 1048 1339 qui
1078 1290 1155 1327 illic
1186 1297 1285 1327 stant
1321 1289 1357 1326 in
1389 1296 1589 1340 conspectu
1620 1303 1701 1327 om-

253 1343 378 1387 nium,
420 1355 486 1380 eos
516 1344 630 1393 igitur
670 1351 792 1390 stare,
837 1359 909 1382 non
941 1344 1090 1382 sedere.
1150 1343 1283 1395 Neque
1323 1343 1456 1381 dictum
1496 1351 1575 1391 est,
1618 1346 1701 1383 Hos

255 1396 348 1434 duos
380 1399 569 1448 captivos,
611 1411 678 1448 pro
710 1399 838 1437 horum
871 1400 1098 1450 captivorum
1135 1399 1314 1445 duorum,
1354 1407 1393 1437 ut
1423 1399 1567 1450 quidam
1583 1399 1699 1454 †††)

254 1458 379 1503 putat:
412 1452 479 1491 sed
508 1453 595 1490 talis
624 1454 821 1491 verborum
853 1456 1081 1492 constructio
1110 1462 1191 1501 est,
1220 1455 1338 1506 qualis
1368 1454 1431 1492 illa
1446 1456 1515 1508 ἐἓξ),

368 1529 508 1567 Urbem
536 1542 647 1580 quam
674 1537 825 1576 statuo,
855 1537 981 1569 vestra
1011 1537 1081 1569 est.

256 1602 309 1643 Et
335 1605 396 1644 illa
412 1603 485 1660 ἢ)
497 1634 511 1653 ,

366 1674 589 1712 Eunuchum
618 1686 725 1725 quem
755 1674 899 1714 dedisti
919 1675 1050 1722 nobis,
1083 1687 1177 1726 quas
1206 1673 1340 1713 turbas
1369 1674 1502 1713 dedit?

254 1746 308 1786 Et
335 1749 373 1787 in
400 1749 677 1802 Amphitruone
691 1749 818 1805 sasas),

364 1829 598 1867 Naucratem
629 1842 734 1881 quem
761 1832 960 1869 convenire
988 1831 1111 1877 volui,
1142 1830 1178 1866 z'n
1206 1841 1301 1866 nave
1330 1841 1403 1867 non
1434 1835 1534 1868 erat.

254 1902 430 1952 Deinde,
471 1907 576 1958 quasi
615 1918 678 1945 res
717 1906 830 1945 dubia
861 1909 933 1955 sit,
976 1914 1040 1946 aut
1076 1906 1232 1945 testibus
1269 1913 1400 1958 egeat,
1439 1905 1566 1944 itidem
1601 1906 1700 1945 risus

255 1972 405 2006 caussa,

367 2028 466 2072 Vos,
497 2040 586 2073 vos,
619 2028 761 2079 inquit,
792 2029 887 2067 mila·
913 2035 1026 2067 teste-s·
1053 2029 1143 2066 estis
1153 2057 1164 2078 ‚
1197 2040 1253 2065 me
1281 2040 1407 2066 verum
1438 2028 1552 2078 loqui.

256 2102 354 2149 Ubi,
400 2104 500 2149 Vos,
540 2117 629 2150 vos,
671 2105 770 2143 valet
798 2106 1037 2156 vosmetipsi:
1082 2104 1265 2156 quomodo
1305 2118 1419 2142 meme
1456 2103 1613 2142 dicimus
1642 2116 1700 2142 me

255 2159 398 2209 ipsum,
446 2164 485 2196 et
523 2164 621 2205 tete,
666 2166 704 2197 te
740 2161 873 2212 ipsum.
943 2161 1051 2199 Haec
1093 2161 1216 2198 omnia
1254 2160 1617 2211 praetermisissem‚
1661 2166 1701 2197 ut

329 2269 354 2294 ³:1-
393 2266 576 2296 Lambinus.

330 2266 399 2350 5321)
420 2318 455 2345 ln
475 2314 657 2344 Ruhnkenii
679 2316 713 2345 et
733 2316 842 2346 W'olfii
870 2317 945 2346 edit.
972 2318 1054 2345 haec
1081 2318 1181 2346 verba
1210 2323 1380 2352 perperam
1407 2316 1642 2353 distinguuntur
1669 2318 1702 2347 et

255 2354 419 2389 leguntur:
440 2355 471 2382 ec
488 2354 717 2389 aryumentari,
737 2362 805 2383 cum
824 2363 844 2385 α
863 2357 1032 2385 contrariis
1050 2356 1141 2384 discit.

330 2401 424 2437 {ax-³2³)
444 2403 468 2430 1,
490 2403 519 2437 2,
540 2402 592 2431 62,

331 2449 378 2487 †)
398 2450 469 2478 Vid.
491 2452 580 2479 Sext.
600 2449 718 2485 Empir.
739 2451 812 2480 adv.
832 2451 930 2484 Logz.
952 2453 989 2480 ll.
1009 2451 1080 2479 224.
1113 2450 1177 2480 Cic.
1197 2451 1298 2481 Acad.
1319 2450 1373 2482 lib.
1393 2453 1431 2482 n.
1450 2458 1519 2488 cap.
1539 2451 1592 2482 30.
1619 2453 1701 2482 Mur.

258 2487 290 2517 in
310 2488 375 2518 Cic.
398 2487 484 2516 Offic.
507 2488 583 2523 Opp.
606 2489 695 2517 Tom.
716 2490 768 2518 111.
788 2496 859 2524 pag.
879 2490 951 2518 8⁰2.
990 2491 1103 2518 FAnsi.

332 2533 406 2574 ††]
431 2536 569 2564 Eosdem
593 2543 709 2564 versus
738 2537 847 2566 iaudat
873 2540 953 2566 Mur.
983 2537 1015 2565 in
1036 2538 1140 2572 Epist.
1168 2538 1209 2566 ad
1230 2538 1441 2567 cardanetum
1463 2538 1541 2573 Opp.
1568 2539 1657 2566 Tom.
1677 2539 1701 2566 1.

257 2579 331 2609 pag.
352 2573 426 2602 452.
456 2580 525 2602 cum
553 2572 603 2601 his
629 2574 807 2609 scripturae
835 2574 1093 2606 diversitatibus:
1120 2577 1277 2611 captez'vos
1360 2578 1412 2612 qui
1431 2577 1549 2613 astam,
1577 2576 1601 2605 iz·
1619 2577 1703 2604 stam

256 2614 318 2642 cet.
338 2612 440 2640 astant
459 2611 558 2640 etiam
579 2612 711 2642 Taubm.
748 2614 862 2642 FAEsr.

333 2657 436 2697 †††]
456 2659 641 2689 LambinuS.

332 2706 379 2742 τε)
406 2705 495 2740 virg.
516 2707 598 2736 Aen.
618 2710 641 2737 1.
661 2708 734 2737 573.
773 2709 821 2738 De
851 2710 910 2738 hae
937 2710 1095 2739 structura
1121 2709 1187 2739 vid.
1208 2711 1334 2740 Ruhnk.
1355 2709 1436 2740 Dict.
1457 2710 1488 2740 in
1508 2712 1580 2740 Ter.
1598 2710 1699 2742 Andr.

257 2745 345 2776 Ptol.
366 2750 398 2772 v,
417 2744 448 2772 3.
468 2750 540 2779 pag.
561 2745 589 2774 4.
611 2746 659 2775 ed.
681 2748 794 2783 Schop.
816 2747 959 2777 Tnielius
978 2748 1020 2777 ad
1039 2748 1128 2784 Virg.
1148 2751 1231 2779 Aen.
1252 2750 1337 2778 Tom.
1358 2750 1381 2778 l.
1403 2756 1474 2785 pag.
1495 2749 1565 2779 10².

326 2791 403 2826 *³20
425 2793 554 2823 Terent.
574 2795 654 2824 Eun.
676 2796 729 2826 IV.
747 2796 779 2834 3,
802 2797 854 2827 11.

330 2839 426 2876 *wo
447 2842 501 2872 lv.
524 2843 554 2873 1.
574 2842 643 2873 init.
