1726 3106
106 1930 147 1959 24

169 135 223 179 20
731 132 858 172 VAR.
891 132 1045 172 LECT.

170 252 249 283 tant
285 244 383 283 enim
421 257 554 295 magna
589 256 636 281 ex
666 250 770 294 parte
801 242 907 293 leges
936 243 1080 294 ipsius,
1129 254 1223 293 qnae
1251 241 1499 288 Aristotelis,
1540 241 1609 281 hae

169 300 316 351 quidem
346 300 382 337 in
414 312 476 345 re,
511 299 736 349 singularem
767 297 946 348 quandam
978 297 1246 348 improbitatem
1279 298 1475 335 nianifesto
1507 304 1610 348 pat-e·

170 356 324 393 faciant.
384 353 652 404 Descripserat
686 359 807 390 autem
847 353 907 389 ille
938 353 1124 389 civitatem
1156 359 1232 389 tres
1264 353 1298 389 in
1332 359 1479 403 partes,
1521 365 1612 402 qua-

169 423 248 448 rum
267 410 420 460 primam
447 409 592 447 fecerat
607 421 753 452 corum,
785 408 845 458 qui
868 408 1024 444 consilio
1046 406 1306 456 rempublicam
1333 407 1608 457 gubernarent:

168 465 323 503 alteram
365 476 520 509 eorum,
561 464 621 514 qui
653 462 808 500 eandem
839 464 952 499 armis
987 462 1253 499 defenderent:
1296 463 1441 499 tertiam
1485 474 1533 500 ex
1564 463 1610 499 iis

170 519 437 564 constituerat,
479 519 538 570 qui
579 525 679 555 artes
720 519 956 555 necessarias
997 523 1233 554 exercerent.
1296 519 1419 568 Atque
1450 518 1485 554 in
1518 517 1612 554 hane

169 582 393 625 postremam
434 581 471 611 et
509 574 688 624 opifices,
732 579 769 610 et
804 573 1017 622 agricolas,
1058 579 1095 608 ct
1133 578 1360 609 mercatores
1391 573 1607 610 incluserat.

168 629 209 666 ld
241 628 334 666 adeo
366 629 517 680 prolatis
548 630 662 679 ipsius
692 627 818 665 verbis
847 628 1088 677 intelligetur.
1154 625 1258 677 Φαμὶ
1287 623 1320 665 δ’
1353 623 1425 679 ἐγὼ
1455 627 1509 672 εἰς
1531 627 1612 676 μοί-

169 700 238 736 ρας
269 688 367 735 τρεῖς
398 684 622 723 διεστᾶσθαι
649 679 718 722 τὰν
745 679 947 733 σύμπασαν
973 680 1180 729 πολιτείαν,
1209 680 1274 721 καὶ
1301 682 1392 732 μίαν
1421 680 1489 732 μὲν
1516 677 1613 720 εἶναι

170 743 306 791 μοῖραν
342 741 418 778 τῶν
453 737 640 792 ἀγαθῶν,
678 735 950 790 κυβερνώντων
988 734 1034 776 τὰ
1073 733 1206 775 κοινά·
1247 736 1427 789 δευτέραν
1469 735 1508 775 δὲ
1537 739 1614 776 τῶν

169 791 351 844 δυνάμει,
379 795 508 846 τρίταν
537 792 598 842 δὲ,
640 796 716 832 τῶν
743 790 975 844 ἐκπλαρώσει
1002 790 1067 831 καὶ
1094 791 1252 858 χορηγίᾳ
1277 795 1353 831 τῶν
1382 789 1610 844 ἀναγκαίων.

169 847 347 900 ὄνομάνω
381 848 420 888 δὲ
459 847 500 889 τὸ
530 848 597 900 μὲν
623 852 774 900 πρῶτον
800 851 954 894 πλᾶθος
980 848 1250 899 βουλευτικον,
1285 844 1328 886 τὸ
1367 845 1407 886 δὲ
1437 844 1613 899 δεύτερον

170 904 399 957 ἐπίκουρον,
437 902 479 944 τὸ
518 903 558 943 δὲ
586 904 712 956 τρίτον
750 899 956 953 βάναυσον.
1015 902 1065 939 Et
1100 903 1287 951 aliquanto
1328 909 1429 953 post:
1476 905 1538 956 Τῷ
1572 900 1613 940 δὲ

168 957 349 1014 βαναύσῳ
377 959 441 998 καὶ
467 960 726 1012 βιοπονατικῷ
737 955 793 1005 2²³),
826 954 869 997 τὸ
898 957 966 1008 μέν
995 956 1072 996 ἔστι
1098 954 1307 1008 γεώπονον,
1334 956 1399 995 καὶ
1430 957 1516 1008 περὶ
1543 953 1613 996 τὰν

169 1015 418 1067 κατεργασίαν
444 1018 511 1061 τᾶς
536 1011 659 1066 χώρας
677 1011 1027 1064 κατασχολούμενον
1042 1024 1050 1033 ·
1069 1011 1112 1051 τὸ
1132 1010 1173 1050 δὲ
1194 1009 1446 1062 τεχναστικὸν,
1470 1010 1615 1065 ὄργανα

168 1069 235 1109 καὶ
273 1067 584 1121 ἐπιμαχανήματα
611 1073 690 1115 τοῖς
718 1072 770 1123 τῷ
801 1069 874 1122 βίῳ
898 1065 1116 1121 πράγμασιν
1143 1063 1457 1118 ἐκποριζόμενον·
1500 1064 1542 1107 τὸ
1573 1065 1615 1106 δὲ

168 1122 421 1176 μεταβατικὸν
451 1125 516 1164 καὶ
544 1121 770 1176 ἐμπορικὸν,
806 1120 827 1162 ὃ
857 1120 904 1163 τὰ
931 1121 998 1174 μὲν
1028 1122 1069 1162 ἐν
1096 1125 1143 1177 τῇ
1168 1119 1275 1162 πόλει
1303 1120 1614 1175 περιουσιάζοντα

170 1181 232 1220 ἐπὶ
260 1177 330 1220 ταν
358 1180 467 1228 ξέναν
496 1178 683 1233 διάγεται·
713 1176 758 1218 τὰ
789 1177 852 1227 δὲ,
881 1176 958 1218 ἀπὸ
987 1181 1054 1224 τᾶς
1081 1177 1189 1225 ξένας
1220 1177 1258 1224 ἐς
1279 1175 1349 1216 τὰν
1366 1174 1488 1217 πόλιν.
1537 1177 1613 1215 Sed

170 1244 208 1274 et
238 1243 365 1274 cetera
395 1237 427 1273 si
456 1237 535 1286 quis
565 1241 704 1273 attente
736 1233 977 1279 consideret,
1017 1233 1178 1278 videbit,
1224 1246 1295 1270 non
1329 1241 1399 1270 tam
1432 1234 1542 1271 multa
1575 1234 1613 1270 in

169 1292 215 1328 iis
256 1290 566 1342 reprehendenda
608 1303 716 1335 esse,
757 1303 863 1341 quam
905 1288 1054 1326 videtur
1083 1289 1163 1331 eis,
1210 1289 1269 1338 qui
1319 1288 1445 1326 audita
1475 1295 1612 1326 tantum

168 1347 287 1385 altera
334 1355 437 1397 parte
479 1346 739 1397 pronunciant.
816 1344 914 1382 Sunt
954 1353 1077 1382 autem
1114 1342 1210 1394 apud
1249 1342 1453 1382 stobaeum
1488 1342 1529 1383 ἐν
1561 1345 1613 1398 τῷ

167 1401 252 1455 περὶ
278 1401 468 1449 πολιτείας
479 1399 553 1454 ³³²³)
561 1431 570 1442 .

668 1520 953 1560 CAPUT
1008 1518 1111 1558 XV.

245 1601 377 1638 Durae
416 1600 693 1650 compositionis
726 1599 798 1636 duo
835 1599 999 1648 insignia
1035 1597 1228 1646 emempla:
1268 1607 1317 1632 ex
1347 1594 1532 1646 Eurzju'de

590 1666 725 1700 unum,
760 1655 918 1691 alterum
949 1667 970 1690 e
996 1653 1193 1703 Sophocle.

167 1735 304 1790 Imm
342 1766 409 1799 ea,
445 1765 540 1804 qnae
580 1751 709 1791 duram
737 1759 848 1803 atque
877 1752 1067 1789 insuavem
1096 1749 1277 1787 orationis
1309 1748 1613 1800 compositionem

168 1810 359 1855 efficiunt,
385 1810 449 1846 vix
480 1809 671 1859 quiequam
705 1816 776 1854 est,
810 1806 906 1858 quod
937 1807 1055 1856 magis
1088 1803 1384 1856 reprehendatur
1411 1817 1432 1841 a
1465 1803 1614 1841 dicendi

170 1864 390 1915 magistris,
431 1877 536 1914 quam
563 1864 695 1901 erebra
728 1870 765 1901 et
797 1863 1010 1901 continuata
1043 1861 1210 1899 eiusdem
1244 1861 1390 1897 litterae
1420 1860 1610 1909 repetitio.

169 1920 297 1970 ltaque
322 1920 359 1956 in
380 1919 541 1969 Virgilio
552 1916 667 1969 ***),
698 1932 810 1956 casus
833 1918 1052 1956 Cassandra
1071 1916 1257 1954 canebat.-
1289 1915 1325 1952 in
1346 1915 1527 1952 Terentio
1541 1913 1611 1966 †),

170 1982 336 2020 tantam,
381 1981 456 2012 tam
498 1975 758 2023 improvisam,
805 1980 865 2019 et,
907 1973 1064 2010 consilia
1096 1972 1274 2022 consequi
1296 1971 1528 2008 consimilia.-
1575 1970 1612 2006 in

169 2027 476 2081 Cicerone†·†),
509 2036 640 2066 statua
670 2036 734 2066 tna
761 2029 912 2065 stabat:
943 2035 1005 2072 et,
1039 2028 1180 2064 z‘nvz'sae
1210 2024 1466 2077 ve'sae†††)‚
1507 2030 1546 2061 et
1574 2024 1612 2061 in

169 2082 436 2137 Coeliana*)‚
478 2096 638 2134 unquam
671 2096 910 2134 quanquam,
951 2081 1192 2132 eiusdemque
1222 2080 1320 2117 modi
1354 2081 1425 2117 alia
1457 2080 1494 2116 in
1527 2078 1610 2116 aliis

167 2142 315 2193 primae
341 2139 472 2178 classis
502 2138 716 2176 auctoribus
744 2145 932 2177 notantur.
993 2136 1069 2175 Sed
1099 2137 1198 2174 enim
1228 2147 1322 2186 quae
1353 2134 1425 2172 duo
1453 2135 1535 2172 eius
1556 2134 1612 2171 rei

245 2293 288 2328 τε)
310 2293 388 2322 Cum
409 2290 455 2319 ed.
479 2289 575 2324 princ.
596 2292 627 2319 et
648 2291 736 2319 Stoh.
758 2290 914 2319 restituas
941 2281 989 2317 τώ
1014 2282 1054 2317 δὲ
1076 2279 1248 2326 βαναύσω
1272 2280 1333 2315 καὶ
1356 2281 1612 2323 βιοπονατικῶ.

169 2338 205 2366 In
225 2344 313 2371 seqq.
335 2338 394 2371 leg.
416 2326 625 2372 τεχνατικόν
650 2340 681 2364 ει
702 2328 742 2362 ἐν
766 2329 809 2372 τᾷ
833 2325 950 2361 πόλει.

245 2386 314 2420 *³ch
336 2388 434 2413 Serm.
456 2386 567 2413 XLIII.
587 2384 638 2413 92.
658 2383 700 2412 95
720 2391 768 2419 sq.
789 2390 860 2419 pag.
882 2383 943 2412 248
963 2390 1011 2418 sq.

245 2433 338 2468 reim)
360 2434 441 2461 Aen.
463 2434 516 2460 111.
541 2432 609 2459 183.

247 2481 292 2520 †)
312 2481 406 2509 Prius
427 2481 624 2514 exemplum,
648 2480 757 2508 verbis
777 2480 824 2508 ita
845 2479 976 2515 iunctis,
998 2479 1113 2506 tantam
1132 2477 1194 2505 tam
1213 2476 1422 2511 improve‘sam‚
1443 2482 1610 2512 nusquam,

171 2522 266 2555 puto,
289 2522 395 2547 exstat
416 2519 499 2553 apud
521 2517 712 2546 Terentium.
754 2520 831 2546 Sunt
852 2522 958 2546 autem
978 2517 1137 2545 simtllima
1164 2516 1247 2549 apud
1275 2515 1357 2542 alios
1377 2513 1504 2547 passim.
1545 2514 1612 2541 Po—

171 2557 288 2586 sterius
310 2559 359 2584 est
380 2564 420 2584 ex
436 2557 607 2583 Heautont.
628 2556 649 2582 1.
666 2556 694 2591 2,
712 2556 763 2583 35.
792 2556 906 2583 U‘om.
931 2571 963 2575 —
1007 2554 1054 2582 ef.
1071 2553 1169 2581 Andr.
1186 2554 1206 2580 I.
1224 2552 1254 2586 5,
1280 2553 1326 2579 18.
1361 2552 1528 2579 Tantamne
1545 2558 1611 2578 rem

171 2595 232 2622 tom
251 2595 439 2630 ueqlz'ye11eer
457 2591 571 2628 offere?
590 2593 729 2620 Eunueh.
750 2594 803 2622 111.
823 2595 853 2625 5.
875 2593 924 2620 57.
947 2593 1146 2624 ostentulum‚
1169 2590 1293 2621 lantum.
1316 2591 1376 2616 tam
1397 2590 1527 2623 brevem,
1549 2589 1611 2615 tam

171 2634 322 2668 optatam,
343 2634 405 2660 tarn
424 2632 628 2665 i11sperotam3
650 2632 680 2658 et
701 2631 736 2658 P.
759 2631 874 2658 victor.
895 2630 932 2658 V.
952 2630 987 2657 1..
1009 2628 1146 2656 xxxvl.
1169 2627 1218 2655 20.
1260 2628 1329 2655 vid.
1352 2626 1447 2654 ctiam
1466 2626 1610 2654 Iuvenal.

171 2671 305 2734 ΞίἓἯΧ.
335 2676 365 2698 v.
400 2669 460 2697 122
494 2675 541 2703 sq.
584 2671 615 2695 et
649 2667 748 2702 intpp.
779 2668 918 2696 Ochsner
945 2667 985 2695 ad
1016 2666 1079 2696 Cic.
1110 2665 1217 2699 Eelog.
1252 2671 1324 2699 pag.
1357 2663 1425 2693 179.
1460 2664 1508 2692 ed.
1539 2665 1610 2692 tert.

247 2753 319 2791 ††)
339 2753 464 2782 Verrin.
484 2751 536 2780 lib.
557 2752 608 2780 IV.
631 2757 698 2784 rap.
719 2750 769 2779 64.
791 2751 822 2786 §-
845 2751 914 2780 148.

247 2801 346 2839 †††)
368 2804 402 2829 In
422 2801 535 2834 fragm.
555 2800 638 2834 apud
659 2799 857 2833 Quinctilian.
880 2801 958 2827 lust.
980 2799 1035 2828 Or.
1055 2798 1108 2826 lib.
1130 2799 1181 2826 lx.
1202 2804 1270 2832 cap.
1291 2797 1320 2826 4.
1340 2798 1371 2831 ἓ.
1393 2797 1443 2826 41.

247 2850 290 2884 ze)
311 2856 379 2884 cap.
400 2849 429 2877 4.
450 2851 482 2884 ἦ.
505 2848 554 2878 10.
592 2850 764 2877 Praeterea
783 2847 893 2883 paucis
914 2846 1089 2876 interiectis
1110 2846 1154 2876 ibi
1171 2846 1314 2881 seqm'tur
1332 2851 1471 2881 nequam.
