1726 3106
141 767 202 798 187

232 150 312 195 178
794 148 921 188 VAR.
953 146 1106 186 LECT.

230 262 382 309 dicere,
422 258 633 299 mendosam
673 258 762 296 milii
800 259 879 296 eius
907 258 981 295 loci
1013 259 1232 309 scripturam
1263 256 1407 304 videri;
1449 259 1502 297 sic
1532 265 1669 307 tamen,

229 325 269 356 ut
311 332 383 355 non
419 328 552 365 magno
593 315 743 364 negotio
781 314 919 363 corrigi
962 320 1103 363 posset.
1174 314 1309 371 Neque
1347 315 1444 351 enim
1477 313 1672 365 legendum

230 369 322 441 αἶγα
357 367 493 418 θύειν,
534 366 628 408 ἀλλὰ
665 384 716 419 μη
754 365 825 408 δύο
864 365 1060 421 ποόβατα,
1100 367 1167 406 sed
1194 372 1283 422 αἰγα
1310 370 1381 408 Διῒ
1406 368 1542 418 θύειν,
1582 366 1677 409 ἀλλὰ

229 426 281 480 μὴ
309 424 515 478 πρόβαταε
544 425 582 462 id
611 432 697 470 est,
739 437 882 475 cayna,
913 437 988 462 non
1016 423 1171 470 ombus,
1210 438 1287 462 rem
1317 426 1477 462 divinam
1507 422 1674 475 Iovisu-

230 496 330 521 cet-,e
392 481 435 519 ld
473 487 665 531 acceptum
703 492 787 517 esse
820 492 865 517 ex
898 477 1114 524 Herodoto,
1162 480 1223 529 qui
1263 481 1297 517 in
1327 479 1497 530 Euterpe
1511 477 1554 528 ’4)
1590 492 1676 517 nar-

230 544 306 584 rat,
335 537 381 574 ab
411 537 457 573 iis
478 535 698 586 Aegyptiis,
730 535 790 586 qui
813 535 912 572 Iovis
934 533 1106 571 'thebani
1135 534 1305 584 templum
1339 536 1511 573 accolunt
1541 541 1674 573 suntve

230 606 252 631 e
282 591 464 630 Thebana
499 592 758 643 praefectura,
792 604 863 628 non
893 601 1006 634 oves,
1039 587 1105 626 sed
1134 602 1266 639 capras
1295 597 1434 627 tantum
1467 590 1672 627 immolari:

230 661 314 686 eum
342 654 496 694 eontra,
530 647 591 697 qui
620 653 704 682 sunt
732 658 752 683 e
784 644 1020 696 praefectura
1049 643 1265 690 Mendesia,
1294 648 1415 696 capris
1445 645 1673 690 abstineant,

230 703 423 741 immolent
460 715 564 740 oves.
625 701 829 750 Utriusque
859 707 981 737 autem
1012 700 1104 737 ritus
1134 699 1322 738 fabulosas
1352 699 1527 751 quasdam
1560 701 1675 750 origi-

230 771 299 797 nes
349 758 515 809 pluribus
555 756 681 794 verbis
719 756 973 806 persequitur.
1044 754 1128 791 1100
1167 767 1212 792 ex
1248 768 1305 793 me
1349 763 1477 806 postea
1509 754 1674 792 auditum

230 813 440 865 Dionysius
469 812 698 856 Lambinus,
740 811 848 847 bomo
885 809 1063 859 singulari
1100 809 1269 847 doctrina
1297 818 1336 848 et
1365 811 1550 848 acerrimo
1579 809 1675 847 iudi-

230 870 291 907 cio
321 867 537 920 praeditus,
585 867 634 903 ita
666 865 860 916 probavit,
903 871 941 900 ut
968 866 1316 914 interpretationem
1347 865 1570 903 Aristotelei
1604 865 1676 903 loci

230 937 334 962 suam
350 921 423 976 44)
452 921 499 961 ad
530 934 649 959 meam
680 921 954 958 correctionem
981 918 1285 959 accommodarit.

722 1049 1009 1090 CAPUT
1066 1050 1192 1090 XIV.

233 1131 396 1170 Verbum
425 1125 711 1182 διαψεύδεσθαι
743 1129 902 1179 quodam
933 1130 1014 1167 loco
1044 1141 1064 1165 e
1096 1128 1259 1166 seeundo
1278 1128 1562 1166 Rkelom‘corum
1579 1128 1674 1166 Ari-

320 1188 466 1226 stotelt's
491 1200 564 1225 non
595 1186 719 1223 videri
739 1187 792 1223 ila
823 1184 1102 1235 accipiendum,
1138 1190 1181 1221 ut
1212 1184 1403 1222 Victorius
1430 1184 1588 1221 censuit.

229 1267 359 1324 Tam
395 1286 545 1323 omnino
581 1292 689 1330 sunt,
731 1297 824 1335 quae
855 1283 1045 1329 efficiunt,
1083 1289 1122 1320 ut
1156 1283 1206 1328 ii,
1243 1283 1305 1333 qui
1344 1282 1538 1320 consilium
1568 1280 1672 1328 dant,

229 1342 335 1393 digni
374 1341 610 1387 iudicentur,
654 1339 786 1391 quibus
817 1338 1013 1376 credamus
1044 1351 1209 1389 quosque
1241 1338 1355 1374 duces
1383 1339 1420 1374 in
1449 1338 1560 1376 rebus
1591 1350 1675 1375 sus·

229 1395 412 1449 cipiendis
449 1409 492 1434 ac
528 1396 707 1447 gerendis
746 1407 968 1445 sequamur:
1014 1393 1232 1456 prudentia,
1275 1393 1438 1444 probitas
1482 1401 1521 1430 et
1562 1393 1676 1431 bene-

226 1453 392 1492 volentia
417 1463 508 1501 erga
540 1465 622 1488 nos.
683 1451 826 1487 H01u1n
856 1450 966 1486 tiium
999 1450 1029 1484 si
1059 1448 1145 1498 quid
1176 1449 1359 1494 abfuerit,
1393 1462 1464 1485 non
1497 1450 1588 1486 satis
1618 1455 1676 1486 tu-

228 1515 305 1546 tum
334 1513 407 1552 est,
442 1519 570 1544 eorum
600 1506 755 1542 consilio
787 1504 918 1541 fidem.
978 1503 1074 1540 Nam
1107 1511 1145 1540 et
1174 1504 1235 1553 qui
1263 1511 1337 1540 tum
1371 1504 1486 1540 bonus
1509 1505 1566 1542 vir
1584 1505 1672 1550 erit,

228 1570 304 1601 tum
345 1561 485 1599 amicus
516 1561 648 1606 nobis,
691 1561 721 1597 si
755 1559 849 1596 idem
882 1571 1007 1609 parum
1036 1558 1199 1608 prudens
1232 1571 1275 1595 ae
1305 1558 1564 1596 consideratus
1594 1559 1676 1596 fue-

227 1620 301 1665 rit,
344 1617 459 1654 falsus
497 1616 576 1667 ipse
611 1629 679 1653 nos
711 1615 835 1652 fallet:
882 1621 919 1651 et
948 1613 1009 1664 qui
1038 1612 1191 1650 callidus
1220 1620 1331 1664 atque
1357 1621 1487 1651 acutus
1517 1620 1601 1659 est,
1643 1614 1676 1651 si

227 1681 291 1712 aut
330 1672 519 1735 improbus
551 1672 620 1716 sit,
662 1677 725 1708 aut
755 1670 850 1707 male
882 1670 1065 1706 animatus
1100 1669 1136 1705 in
1169 1681 1262 1713 nos,
1303 1669 1339 1706 in
1368 1668 1535 1707 fraudem
1566 1668 1675 1706 indu-

228 1736 290 1767 cat
325 1728 472 1779 potius,
516 1740 622 1778 quani
663 1727 760 1763 bono
802 1732 839 1762 et
881 1725 958 1761 utili
984 1724 1139 1761 consilio
1170 1723 1329 1763 adim-,et
1390 1723 1514 1762 Etiam
1548 1725 1581 1762 si
1610 1724 1672 1776 qui

228 1792 266 1824 et
294 1782 457 1835 prudens
487 1790 569 1828 est,
599 1788 636 1819 et
666 1782 900 1825 virbonus,
940 1780 1009 1816 nisi
1040 1779 1299 1818 ὺθηωοίοηῑίῑι
1331 1793 1397 1817 uos
1423 1781 1543 1831 aliqua
1573 1793 1674 1817 com-

228 1840 438 1891 plectatur,
482 1852 554 1875 non
596 1836 701 1875 xalde
731 1836 935 1881 laborabit,
973 1834 1059 1885 quid
1089 1834 1195 1871 nobis
1229 1835 1388 1872 futurum
1421 1836 1483 1874 sit.
1543 1835 1674 1886 ltaque

229 1895 330 1933 dabit
358 1892 504 1945 quidem
536 1894 596 1930 ille
627 1892 735 1930 nobis
764 1891 956 1929 eonsilium
990 1891 1084 1927 bona
1115 1889 1187 1927 fide
1218 1897 1256 1927 et
1287 1891 1366 1928 sine
1394 1891 1563 1929 fallacia:
1604 1889 1673 1928 sed

227 1957 352 1987 tamen
388 1963 459 1986 non
500 1949 550 1985 ita
581 1949 767 1998 novitate,
809 1954 847 1984 ut
878 1949 909 1984 si
937 1947 1058 1996 aliqua
1089 1945 1195 1982 nobis
1225 1958 1307 1983 eum
1339 1947 1419 2009 ipso
1451 1953 1554 1984 esset
1585 1959 1674 1983 con-

229 2005 386 2043 iunctio.
449 2003 576 2050 Quare
605 2005 740 2054 poterit
766 2003 912 2040 fallere.
959 2000 1103 2048 Quodsi
1129 2002 1239 2038 etiam
1269 2002 1441 2039 inimicus
1465 2003 1535 2039 sit:
1569 2014 1674 2039 num—

229 2073 336 2112 quam
375 2071 466 2096 sane
505 2059 611 2096 nobis
641 2066 773 2096 auctor
800 2059 897 2103 erit,
937 2064 976 2094 ut
1012 2055 1048 2093 id
1080 2057 1285 2102 faciainus,
1329 2056 1425 2108 quod
1456 2057 1537 2108 ipse
1566 2057 1674 2095 nobis

228 2118 405 2166 optimum
436 2114 517 2151 fore
547 2120 765 2163 cognoscet.
826 2112 915 2149 Tria
946 2113 1007 2149 illa
1036 2112 1072 2147 in
1101 2125 1171 2162 quo
1202 2112 1364 2157 inerunt,
1394 2113 1426 2148 is
1457 2125 1577 2162 neque
1608 2125 1673 2149 vo-

229 2171 283 2208 let
321 2169 474 2214 fallere,
515 2175 551 2205 et
588 2169 648 2205 vix
687 2168 825 2218 poterit
861 2167 951 2204 falli.
1012 2166 1097 2203 Hoc
1126 2165 1354 2204 Aristoteles
1382 2167 1476 2204 libro
1507 2166 1672 2206 secundo

227 2221 600 2264 Rhetoricorumffi
601 2221 633 2275 )
664 2223 721 2260 bis
752 2222 877 2260 verbis
907 2221 1055 2259 docuit.
1103 2224 1182 2260 Τοῦ
1211 2219 1278 2272 μὲν
1305 2215 1377 2261 οὖν
1404 2218 1547 2269 αὐτοὺς
1573 2219 1671 2263 εἶναι

227 2276 387 2327 πιστους
415 2275 505 2325 τοὺς
529 2276 568 2317 λε’
550 2293 712 2347 ᾗγοντας
731 2277 816 2330 τοία
847 2276 924 2316 ἐστὶ
951 2273 997 2315 τὰ
1026 2275 1139 2315 αἰᾞτια
1178 2280 1342 2316 τοσαῦτα
1368 2273 1440 2330 γάρ
1472 2276 1571 2327 εστι,
1613 2275 1665 2318 δι’

227 2333 254 2375 ἃ
287 2331 512 2400 πιστεύομεν
548 2333 618 2381 ε’ξω
659 2337 736 2372 τῶν
753 2311 1011 2380 ἀποδείξεων.
1054 2331 1141 2370 ἲὲστι
1182 2330 1222 2371 δὲ
1249 2335 1367 2371 ταῦτα
1396 2330 1583 2385 φοόνησις
1604 2333 1670 2373 καὶ

227 2388 341 2444 ἆοετη
370 2405 435 2429 και
459 2386 601 2429 εὔνοια.
650 2386 925 2439 διαψεύδονται
952 2403 1024 2440 γαο
1056 2386 1143 2439 mot
1171 2381 1226 2427 ὧν
1250 2386 1424 2455 λέγουσιν
1452 2404 1478 2440 η
1501 2390 1668 2457 συμβου-

227 2443 416 2492 λεύουσιν,
446 2461 471 2496 η
502 2441 566 2483 διὰ
595 2441 718 2484 πάντα
747 2446 877 2492 ταῦτα,
907 2440 934 2494 ἠ
964 2441 1028 2482 δια
1052 2441 1197 2482 τούτων
1225 2455 1280 2482 τι·
1308 2440 1336 2495 ἢ
1363 2440 1436 2510 γὰο
1464 2441 1520 2483 δι’
1545 2442 1668 2497 ἀφρο-

226 2499 351 2568 σύνην
377 2497 448 2540 οὐκ
475 2497 608 2551 ὀρθῶς
634 2496 868 2547 δοξάζουσιν,
896 2495 922 2550 ἢ
951 2494 1168 2546 δοξάζοντες
1175 2495 1326 2566 ὀρθῶς
1355 2495 1420 2537 διὰ
1449 2501 1668 2551 μοχθηρίαν

226 2554 273 2597 οὗ
311 2553 359 2596 τὰ
394 2556 583 2596 δοκοῦντα
626 2554 825 2623 λέγουσιν,
861 2551 888 2605 ἢ
925 2551 1107 2621 φρόνιμοι
1143 2551 1211 2605 μὲν
1247 2554 1314 2594 καὶ
1354 2554 1530 2602 ἐπιεικεῖς
1559 2555 1665 2604 εἰσιν,

225 2609 311 2652 ἀλλ’
352 2608 424 2652 οὐκ
463 2608 579 2651 εὖνοι.
635 2608 767 2661 διόπερ
807 2608 992 2661 ἐνδέχεται
1026 2606 1077 2661 μὴ
1117 2607 1164 2649 τὰ
1197 2608 1367 2662 βέλτιστα
1393 2608 1666 2662 συμβουλεύειν

295 2771 340 2807 κε)
359 2772 415 2801 lib.
435 2772 474 2800 ΙΙ.
497 2778 566 2806 cap.
588 2771 639 2799 42.

294 2819 362 2854 -κε-ῑῑε)
383 2819 454 2848 Vid.
475 2826 546 2855 pag.
568 2819 638 2849 230.
661 2818 709 2848 ed.
736 2816 836 2847 Basil.
858 2816 949 2847 1566.
988 2818 1100 2846 rausi.

295 2867 386 2903 *jak-13)
407 2874 475 2903 cap·
498 2871 525 2898 1,
