1726 3106
133 872 193 903 1¹1

226 131 304 174 106
785 134 908 175 VAR.
943 134 1097 174 LECT.

736 242 767 282 C
795 243 833 282 A
863 243 896 282 P
923 243 959 283 U
984 244 1019 283 T
1074 245 1154 284 Xl.

222 322 449 373 Exple'catus
477 327 515 359 et
534 321 753 360 emendatus
776 323 878 361 locus
902 336 922 360 e
938 323 1104 360 secundo
1122 325 1378 375 Epe‘stolarum
1404 325 1456 362 ad
1474 326 1660 363 Atticum.

225 400 394 459 CICERO
435 421 471 457 in
509 419 664 472 quadam
696 420 865 472 Epistola
900 422 985 460 libri
1024 421 1176 460 secundi
1209 422 1253 461 ad
1285 422 1448 462 Atticum
1468 421 1540 476 2²⁶),
1582 437 1663 462 cum

224 477 455 527 scripsisset,
487 488 526 513 se
554 489 691 527 cupere
711 476 977 516 Alexandriam
1012 485 1049 515 et
1079 478 1254 529 reliquam
1279 481 1490 532 Aegyptum
1523 480 1663 526 visere,

224 539 333 582 rogat
363 544 443 568 eum
477 538 629 581 postea,
674 539 715 569 ut
741 532 787 570 ad
817 547 856 571 sc
888 534 1048 578 scribat,
1090 535 1258 584 quoniam
1289 535 1418 585 Nepos
1457 536 1664 586 prolicisci-

222 595 304 633 tur,
338 587 482 624 cuinam
514 594 715 637 auguratus
744 588 956 626 deseratur:
998 591 1076 639 Quo
1107 591 1271 639 quidem,
1312 592 1454 642 inquit,
1492 603 1566 628 vno
1595 604 1664 641 ego

224 643 272 680 ab
302 644 385 680 2‘stz‘s
412 656 495 694 cape
516 656 683 694 possum.
733 643 849 681 Addit
876 643 1035 682 deinde:
1072 646 1204 683 anele
1233 647 1416 684 ei'mlalem
1447 643 1661 696 meam**).

225 699 304 737 Sed
338 699 429 748 qmd
462 712 531 748 ego
557 700 670 746 haee,
711 713 806 749 quae
836 714 942 751 euplo
975 701 1180 750 deponere,
1218 707 1256 738 et
1280 708 1355 739 tolo
1397 715 1518 739 onemo
1555 707 1667 752 alque

224 766 324 791 omne
353 766 446 791 cura
476 755 728 803 φιλοσοφεῖνΡ
785 757 871 800 Stc,
915 757 1086 805 inquam,
1123 768 1161 792 m
1192 768 1335 801 ammo,
1380 758 1434 795 sic
1460 758 1585 794 vellem
1617 756 1665 794 ab

224 810 347 847 misstzo
403 809 511 846 Haec
541 810 656 859 igitur
679 810 806 856 verba,
840 811 972 848 ledele
1001 812 1185 848 civetatem
1215 824 1345 858 meam,
1379 825 1484 862 quem
1516 824 1664 849 sensum

225 865 407 910 habeant,
441 866 534 902 alius
560 863 709 902 viderit.
769 865 962 903 Manutius
993 865 1067 910 ait,
1112 878 1197 902 esse
1229 865 1498 904 hemistichium
1530 880 1576 904 ex
1600 879 1664 904 ve·

225 920 297 958 teri
336 922 443 971 poe'ta
479 920 514 956 in
554 920 802 958 miserabilem
844 921 1004 957 civitatis
1045 928 1249 971 aspectum.
1312 921 1395 972 Ego
1429 922 1548 959 locum
1578 935 1663 959 cor-

224 982 369 1026 ruptum
406 988 491 1013 csse
529 976 687 1026 opinor,
736 982 772 1013 et
812 976 864 1013 ita
899 974 1120 1025 legendum,
1173 978 1210 1014 Ι
1207 978 1266 1013 [de
1304 979 1489 1015 levitatem
1527 990 1660 1015 meam.

221 1030 343 1068 Plane
373 1031 470 1067 enim
500 1030 684 1068 levitatem
715 1030 893 1082 quandam
925 1039 961 1068 ct
992 1032 1277 1069 inconstantiam
1315 1033 1553 1069 consiliorum
1577 1045 1662 1069 suo-

223 1099 302 1124 rum
344 1092 420 1123 tota
463 1087 524 1123 illa
559 1086 726 1136 Epistola
766 1087 906 1124 indicat
935 1086 1086 1124 Cicero.
1149 1086 1253 1124 Fieri
1290 1095 1411 1125 autem
1441 1094 1584 1138 potest,
1625 1093 1665 1123 ut

223 1154 271 1179 ex
310 1143 393 1179 vide
424 1143 458 1180 le
494 1143 630 1179 factum
673 1143 719 1179 sit
754 1144 896 1187 videle3
937 1141 1071 1180 deinde
1107 1142 1197 1180 illud
1227 1145 1402 1189 vitatem,
1448 1142 1543 1194 quod
1574 1142 1663 1180 nihil

223 1197 478 1248 significaret,
510 1198 703 1235 transierit
731 1198 769 1234 in
799 1200 998 1235 civitatem.

722 1329 1006 1368 CAPUT
1061 1330 1166 1367 Xll.

552 1409 710 1457 Virgilii
735 1421 865 1446 versus
893 1421 942 1444 ea:
970 1409 1158 1457 Aeschylo
1188 1409 1338 1446 inn'lalt‘.

224 1488 506 1544 PRAEGIPERE
557 1520 600 1545 ac
639 1520 877 1558 praesumere
917 1515 1091 1558 oportere
1130 1508 1331 1557 sapientem
1373 1507 1517 1552 omnia,
1572 1519 1664 1557 quac

225 1563 365 1602 homini
402 1563 539 1600 acerba
578 1570 613 1600 et
651 1564 780 1613 gravia
820 1562 994 1600 accidere
1035 1570 1207 1612 possunt:
1252 1563 1389 1613 talique
1418 1562 1664 1614 praemedita-

225 1620 327 1657 tione
376 1618 517 1655 leviora
565 1619 626 1655 illa
666 1625 703 1655 et
740 1631 920 1669 perpessu
961 1618 1130 1655 faciliora
1171 1618 1290 1664 effici,
1346 1617 1566 1668 disputatum
1609 1624 1667 1654 est

226 1675 377 1725 copiose
417 1687 436 1710 a
469 1673 656 1711 Cicerone
695 1674 787 1711 libro
826 1680 956 1724 quarto
978 1671 1083 1723 ww)
1116 1673 1439 1720 Tusculanarum,
1491 1673 1664 1724 allatique

224 1742 358 1769 versus
388 1728 582 1780 Euripidis
619 1742 638 1766 c
670 1730 821 1767 Theseo
858 1736 894 1766 et
920 1729 1091 1766 Terentii
1128 1742 1148 1766 e
1178 1728 1428 1775 Phormione,
1471 1729 1600 1780 quibus
1630 1727 1667 1765 id

226 1786 523 1824 confirmaretur.
584 1784 769 1835 Virgilius
800 1791 920 1822 autem
951 1785 1106 1822 Aeneae
1138 1797 1228 1830 suo,
1263 1797 1368 1833 quem
1400 1787 1518 1822 omnis
1549 1785 1664 1822 virtu-

225 1842 275 1879 tis
312 1841 502 1891 exemplar
540 1853 624 1878 esse
665 1841 801 1885 voluit,
848 1847 886 1876 ut
923 1847 1068 1877 ceteras
1108 1838 1259 1884 laudes,
1300 1840 1349 1876 ita
1387 1840 1480 1877 hanc
1519 1852 1663 1891 quoque

224 1896 379 1945 tribuit,
411 1909 494 1935 cum
524 1909 605 1934 eum
638 1896 694 1934 his
724 1896 848 1934 verbis
878 1894 924 1933 de
955 1908 996 1932 se
1024 1902 1185 1932 utentem
1212 1894 1388 1947 ΐεοὶῑῇε

834 1996 888 2002 —
913 1987 989 2011 ηοη
1017 1974 1095 2010 ulla.
1126 1973 1311 2019 laborum,

397 2031 426 2067 0
452 2030 582 2078 virgo,
615 2041 710 2066 nova
741 2030 794 2066 mi
805 2029 935 2078 facies
963 2030 1159 2078 inopinave
1182 2030 1322 2077 surgit.

398 2086 529 2122 Omnia
551 2086 738 2134 praecepi
763 2091 875 2134 alque
903 2086 1024 2121 (mimo
1052 2096 1189 2120 mecam
1221 2090 1307 2121 (mle
1331 2084 1480 2134 peregi.

229 2162 303 2210 Qui
341 2161 488 2214 quidem
526 2161 645 2199 videri
688 2174 759 2197 non
800 2162 985 2198 immerito
1016 2161 1134 2211 possit
1163 2160 1232 2197 hoc
1263 2168 1317 2197 ex'
1343 2160 1536 2212 Aeschylo
1567 2173 1664 2197 sum-

229 2219 374 2271 psisse,
407 2216 501 2269 apud
533 2230 640 2267 quem
670 2215 916 2254 Prometheus
949 2217 998 2253 ita
1030 2216 1190 2266 loquitur
1204 2214 1313 2267 ††):

450 2295 587 2334 Καίτοι
610 2294 647 2333 τί
671 2309 790 2345 φημι,·
814 2290 937 2333 πάντα
963 2290 1285 2344 προύξεπίσταμαι

450 2353 638 2402 Σκεθρῶς
660 2347 705 2388 τὰ
731 2346 898 2400 μέλλοντ’
918 2362 925 2370 ·
954 2347 1044 2389 οὖὸέ
1072 2364 1135 2400 μοι
1163 2348 1361 2387 ποταίιίον

452 2403 561 2458 HQ?
595 2402 712 2445 οὐδὲν
734 2403 826 2456 ἥξει.

229 2483 272 2523 Id
305 2491 385 2522 est:

304 2641 329 2665 ÷'-<·
368 2641 393 2669 E
418 2638 467 2668 ist.
488 2639 517 2667 5.
538 2638 570 2673 ς.
591 2638 620 2666 2.

306 2640 374 2723 ³:232)
396 2648 550 2716 grelttus:
583 2687 659 2714 Vide
677 2684 871 2713 securitatem
890 2690 995 2711 meam.
1035 2684 1156 2712 Deinde
1184 2690 1252 2712 cuni
1274 2684 1345 2711 Erit.
1369 2682 1439 2720 Sic,
1468 2681 1605 2716 inquam,
1632 2678 1664 2706 ιή

230 2728 332 2756 animo
352 2728 407 2755 est.
449 2726 561 2754 Vellem
581 2726 619 2752 ab
638 2725 734 2752 ἰηίίῖο.

306 2774 399 2808 *ax-ze)
419 2774 516 2802 Libro
535 2773 626 2801 tertio
645 2771 784 2801 scribere
804 2771 935 2801 volebat
954 2777 1022 2806 cap.
1045 2771 1084 2799 13
1103 2777 1170 2805 sqq.
1213 2769 1327 2797 Wom.

308 2823 354 2861 ἦ)
374 2824 427 2852 vt.
450 2821 509 2851 103
528 2829 597 2856 sqq.

309 2871 381 2909 ††)
401 2879 430 2899 v.
454 2871 508 2899 101
531 2877 600 2905 sqq.
