1726 3106
166 105 246 149 16‘3
729 107 855 148 VAR.
886 107 1039 148 LECT.

165 218 211 258 In
238 216 363 256 verbis
388 223 508 256 autem
531 215 700 255 Platonis
723 215 919 256 delendum
947 217 1092 257 videtur
1109 217 1197 258 illud
1228 218 1429 259 secundum
1458 223 1605 272 στῆναι,

168 272 266 325 quod
303 286 423 324 neque
459 272 595 311 Cicero
634 274 827 323 agnoscit,
869 280 908 311 et
945 275 1128 312 sententia
1166 275 1347 326 repudiat.
1408 275 1607 314 Postremo

170 342 252 367 eum
283 329 319 366 in
347 327 562 379 quibusdam
593 326 792 366 Ciceronis
824 329 928 366 libris
960 329 1085 366 ultima
1115 343 1198 380 pars
1234 332 1283 368 ita
1315 332 1480 381 legatur,
1526 333 1608 381 Qua

167 396 290 436 premo
330 385 489 434 empulsu
525 390 738 421 moveatur.-
787 385 989 430 testificor,
1028 391 1191 423 veterem
1231 387 1450 437 scripturam
1491 398 1512 423 a
1551 398 1609 423 me

172 445 490 494 repraesentatam
530 451 638 484 esse,
691 451 810 489 neque
850 438 1019 477 dubitare
1061 452 1142 484 me,
1194 441 1278 491 quin
1321 454 1364 479 ea
1407 454 1496 479 vera
1534 441 1608 478 sit.

173 488 293 539 αὖθις
329 500 451 530 autem
482 492 645 530 reddidit
673 492 810 531 Cicero
852 501 893 532 u!
921 507 944 532 a
970 507 1093 544 przmo
1108 491 1172 546 ἦ).
1231 495 1364 533 Plato:
1409 492 1613 535 ἀθανάτου

176 547 217 587 δὲ
245 546 491 599 πεφασμένου
517 551 586 587 τοῦ
615 545 684 599 ὑφ’
720 547 857 588 ἑαυτοῦ
884 547 1133 600 κινουμένου,
1161 554 1290 602 ψυχης
1318 549 1454 590 οὐσίαν
1481 566 1520 590 τε
1546 549 1614 589 καὶ

176 600 294 655 λόγον
320 607 433 642 τοῦτο
462 600 556 643 αὐτό
583 619 641 651 τις
668 603 806 657 λέγων,
839 601 910 643 οὐκ
937 604 1166 655 αἰσχυνεῖται
1180 605 1270 657 **).
1329 606 1488 644 Cicero:
1523 608 1614 644 Cum

171 665 306 709 puteat
335 661 369 695 7'0
347 660 474 707 δ”·ιίιιν,
514 666 705 697 aeternum
735 660 775 696 ul
801 673 901 706 esse,
948 661 1049 710 quod
1076 673 1098 697 α
1128 673 1167 697 se
1204 662 1282 711 ipso
1323 669 1514 700 moveatur
1555 661 1614 709 (in

177 713 262 751 aliis
295 713 415 760 libris,
449 715 549 765 quod
574 728 614 751 se
639 716 756 764 ipsam
785 714 976 766 moveat),
1008 716 1090 765 (μιίε
1118 723 1188 759 est,
1221 718 1289 766 qni
1313 717 1411 755 lianc
1437 723 1616 755 naturam

178 770 313 806 animis
340 782 420 807 esse
458 770 637 807 tributam
667 770 807 819 neget?
865 769 981 807 Cuius
1011 768 1155 820 periodi
1190 772 1436 821 posteriorem
1474 779 1615 822 partem

177 824 210 861 si
242 823 379 862 Cicero
413 825 463 861 ita
494 824 607 874 legit,
639 831 679 861 ut
708 823 818 862 hodie
848 824 985 874 legitur·
1015 824 1155 877 (neque
1186 826 1294 863 aliter
1321 827 1460 876 legisse
1491 825 1616 877 puto),

177 891 249 916 nae
276 879 339 917 ille
371 880 548 917 mirificus
578 879 616 916 in
647 891 691 916 ea
721 879 971 917 convertenda
1002 880 1083 916 fuit.
1137 879 1221 918 Hoc
1243 882 1338 918 enim
1370 880 1462 919 dicit
1483 880 1615 918 Plato:

178 934 210 970 si
242 935 325 984 quis
354 935 404 972 ita
437 933 588 972 deliniat
616 934 802 980 animum,
844 941 885 972 ut
913 934 1012 972 dicat
1041 935 1198 972 animum
1233 948 1319 974 esse
1350 934 1410 981 id,
1451 935 1547 986 quod
1577 947 1619 973 se

178 989 296 1040 ipsum
331 996 468 1033 movet,
501 1001 581 1027 eam
614 988 865 1027 definitionem
892 1003 1084 1040 numquam
1114 991 1257 1028 auctori
1286 1004 1352 1028 suo
1386 991 1620 1029 incussuram

178 1043 372 1096 pudorem.
432 1044 529 1081 Nam
558 1040 695 1083 οὐσίαν
727 1052 764 1081 et
792 1042 923 1095 λόγον,
961 1052 999 1083 et
1029 1045 1134 1096 paulo
1171 1052 1254 1096 post
1281 1042 1398 1096 φύσιν
1426 1053 1536 1084 vocat
1565 1044 1618 1092 id,

180 1098 277 1150 quod
308 1099 536 1137 Aristoteles
572 1096 615 1138 τὸ
653 1098 689 1138 τὶ
724 1100 775 1151 ἠν
813 1097 1038 1150 εἶναι’ΨΜ).
1095 1100 1153 1138 Ea
1184 1114 1274 1139 v·eio
1313 1101 1498 1139 sententia
1529 1114 1622 1152 quo-

180 1153 290 1192 modo
322 1167 342 1192 e
371 1153 568 1192 Ciceronis
601 1155 723 1192 veihis
754 1156 950 1202 efficiatur,
981 1155 1087 1193 Deus
1116 1157 1247 1207 aliquis
1276 1155 1426 1194 viderit.
1488 1156 1619 1193 Plato:

180 1213 260 1249 πᾶν
287 1206 374 1276 γὰρ
389 1213 516 1260 σῶμα,
547 1211 577 1264 ᾧ
607 1208 675 1261 μὲν
702 1209 846 1257 ἔξωθεν
873 1207 915 1250 τὸ
948 1215 1158 1259 κινεῖσθαι,
1170 1209 1359 1277 niiwvzov·
1389 1204 1420 1266 ᾠ
1448 1209 1489 1251 δὲ
1515 1211 1623 1250 ἔνδο-

181 1269 256 1304 θεν
286 1261 379 1304 αυτὸ
410 1264 448 1311 ἐξ
481 1262 621 1313 αυτοῦ,
661 1264 851 1316 ἔμψυχον,
891 1281 943 1311 ως
976 1264 1116 1316 ταύτης
1140 1263 1261 1334 οὔσης
1295 1253 1447 1315 φύσεως
1480 1269 1622 1317 ψυχῆς.

182 1320 258 1359 Ubi
288 1333 359 1357 non
394 1318 543 1366 dubito,
573 1321 660 1371 quin
691 1320 886 1370 legendum
919 1321 968 1358 sit
998 1318 1101 1376 αὐτῷ
1133 1320 1171 1368 ἐξ
1200 1318 1317 1361 αὑτοῦ
1333 1321 1397 1374 †).
1456 1321 1619 1360 Cicero:

182 1376 390 1415 Inanimum
427 1383 485 1413 est
510 1377 603 1413 enim
645 1388 771 1420 omne,
811 1376 911 1426 qnod
938 1378 1051 1426 pulsu
1087 1379 1260 1427 agitatur·
1298 1385 1483 1415 externo.-
1525 1376 1627 1427 quod

184 1437 309 1468 antem
345 1432 489 1468 animal
522 1437 581 1469 est
618 1429 674 1482 (in
708 1430 923 1481 quibusdam
953 1431 1080 1468 libris:
1121 1433 1221 1483 quod
1249 1439 1370 1470 autem
1399 1438 1456 1470 est
1482 1433 1626 1469 anima-

184 1484 307 1535 tam),
345 1486 388 1522 id
414 1492 516 1523 mota
544 1486 664 1523 cietur
693 1487 875 1523 interim-e
912 1492 949 1523 et
977 1500 1058 1523 suo.
1117 1489 1214 1524 Nam
1245 1488 1338 1524 haec
1372 1494 1429 1524 est
1464 1488 1626 1536 propria

183 1547 326 1578 natura
350 1541 497 1578 animae
527 1540 583 1591 (in
614 1539 827 1590 quibusdam
858 1540 964 1577 libris
990 1541 1125 1587 animi)
1158 1548 1269 1591 alque
1297 1542 1364 1578 υϊε.
1425 1541 1627 1579 Invertisse

183 1593 332 1633 videtur
359 1594 497 1634 Cicero
527 1594 694 1632 ordinem
724 1599 800 1634 τῶν
822 1591 1053 1646 ποοτάσεων,
1081 1595 1117 1632 id
1143 1603 1218 1641 est,
1251 1597 1389 1634 fecisse
1420 1594 1460 1643 ἐξ
1475 1591 1628 1635 ὑποκει-

185 1649 302 1700 μένου
334 1646 682 1716 κατηγορούμενον,
724 1649 789 1689 καὶ
826 1647 1025 1689 ανάπαλιν.
1084 1651 1214 1688 Plato:
1258 1651 1292 1690 εἰ
1325 1649 1367 1689 δέ
1403 1650 1480 1690 ἔστι
1514 1654 1627 1690 τοῦτο

186 1702 308 1752 οὕτως
335 1704 440 1756 ε’χον,
479 1721 529 1756 μη
556 1702 645 1744 ἄλλο
671 1721 707 1744 τι
736 1702 832 1745 εἶναι
861 1702 902 1745 τὸ
933 1703 1026 1745 αὐτὸ
1055 1703 1149 1745 αυτὸ
1179 1709 1314 1746 κινοῦν
1341 1702 1368 1756 ἠ
1396 1702 1547 1757 ψυχὴν,
1589 1705 1629 1754 ἐξ

185 1757 357 1813 ἀνάγκης
389 1757 569 1814 ἀγένητόν
597 1775 636 1799 τε
661 1760 726 1800 καὶ
752 1758 952 1800 ἀθάνατον
979 1758 1084 1812 ψυχὴ
1116 1758 1164 1800 (ἓν
1193 1762 1262 1813 εἴη.
1319 1761 1479 1800 Cicero:
1524 1764 1628 1811 Quae

186 1817 225 1854 εἰ
258 1823 315 1854 est
349 1829 424 1855 una
460 1830 509 1853 ea:
543 1816 737 1866 omnebus,
777 1830 873 1869 quae
903 1830 985 1856 sese
1023 1824 1189 1866 moveat,
1239 1831 1359 1870 neque
1393 1824 1486 1856 nata
1525 1823 1628 1856 certe

186 1877 266 1918 esc,
300 1878 336 1912 et
364 1879 523 1913 aeterna
552 1877 622 1913 est.

100 2002 164 2035 1⁷⁷
701 2004 980 2045 CAPUT
1034 2004 1117 2045 IV.

235 2082 441 2121 Correetus
466 2088 506 2121 et
530 2083 741 2135 explicatas
770 2085 874 2122 locus
901 2084 1072 2122 Platonis
1099 2096 1148 2121 ea·
1175 2083 1366 2134 Apologia
1394 2084 1580 2122 Socratis.

191 2157 411 2224 Quom-mm
444 2183 563 2233 magis
602 2182 791 2232 intelligo,
828 2195 955 2220 verum
986 2194 1097 2229 esse,
1133 2180 1169 2219 id
1199 2180 1295 2232 quod
1325 2194 1473 2233 semper
1501 2183 1632 2220 existi«

190 2237 310 2283 mavi,
349 2237 485 2275 nullam
523 2250 608 2275 esse
646 2236 816 2274 mendam
856 2238 907 2274 ita
945 2238 1136 2288 pusillam,
1178 2250 1283 2287 quam
1323 2251 1396 2276 non
1435 2239 1630 2289 permagni

189 2291 342 2329 intersit
380 2305 401 2330 e
436 2299 602 2331 veterum
648 2293 895 2330 monumentis
949 2292 1027 2329 tolli
1064 2305 1106 2330 ae
1144 2292 1304 2342 corrigi:
1359 2305 1479 2342 neque
1518 2293 1631 2331 ullum

190 2345 379 2385 hominum
408 2361 528 2398 genus
556 2348 674 2399 magis
702 2346 882 2399 prodesse
918 2346 1070 2394 studiis,
1102 2360 1209 2399 quam
1238 2360 1327 2395 eos,
1368 2348 1430 2399 qui
1456 2356 1632 2387 accurate

264 2471 308 2550 ἶ]
329 2473 475 2511 Minime3
505 2460 611 2506 αυθις
634 2467 731 2512 ἔχειν
757 2473 898 2503 redditur
917 2481 974 2509 per
993 2475 1198 2503 nanciscatur.
1236 2475 1349 2505 FAx-:sn

279 2528 335 2564 Ἢ)
364 2529 593 2559 Staubaumius
620 2537 690 2560 cum
716 2530 864 2558 Bekkero
903 2537 945 2558 ex
971 2529 1099 2563 optimis
1131 2529 1222 2558 libriS
1250 2530 1337 2558 dedit
1371 2518 1482 2567 λόγον
1503 2519 1632 2555 τοῦτον

193 2563 307 2599 αὐτόν
330 2578 379 2603 Τις
400 2569 517 2610 λέγων
543 2578 640 2609 atque
662 2575 828 2603 verborum
849 2574 1039 2604 sententiam
1060 2576 1141 2603 hanc
1160 2582 1234 2602 esse
1254 2572 1379 2602 statuit·
1415 2574 1513 2609 Quum
1532 2566 1634 2605 a'ppa-

188 2611 289 2638 ruerit
307 2612 340 2639 ia
359 2613 441 2647 quod
458 2620 492 2640 se
510 2613 610 2646 ipsum
629 2613 749 2640 moveat
768 2620 836 2641 esse
854 2612 1026 2640 immortale
1045 2614 1136 2647 atque
1155 2614 1330 2647 aeternum,
1355 2617 1442 2638 nemo
1461 2611 1522 2638 iam
1540 2616 1633 2637 vere-

187 2649 373 2715 cundabtnur
391 2649 554 2686 affirmare
570 2656 637 2678 eam
657 2651 758 2684 ipsam
776 2657 842 2679 esse
861 2650 955 2678 animi
973 2651 1118 2678 naturam
1137 2651 1229 2685 alque
1247 2650 1409 2683 rationem,
1429 2648 1463 2677 ut
1481 2654 1514 2675 se
1533 2647 1633 2681 ipsum

190 2691 298 2714 moveo

314 2733 356 2768 ÷1÷)
376 2733 458 2764 Vide
487 2733 526 2763 de
553 2735 613 2763 hac
642 2734 751 2770 phrasi
771 2733 980 2766 Aristotelica
1005 2735 1088 2766 zeu-
1108 2735 1282 2768 comment.
1311 2734 1353 2765 ad
1371 2733 1507 2766 Aristot.
1531 2732 1633 2764 Eune.

186 2768 311 2800 Νὶοοω
333 2774 372 2800 ΙΙ.
393 2773 423 2810 6,
447 2772 495 2802 17.
516 2779 587 2808 pag.
610 2772 660 2801 72.
698 2775 809 2803 ΕΛΕει.

260 2817 306 2856 ἦ]
326 2821 395 2850 Hoc
414 2827 496 2850 nunc
516 2822 689 2857 receptum.
