1726 3106
105 550 166 583 16⁰

189 78 269 122 152
746 77 875 119 VAR.
908 77 1063 121 LECT.

188 190 262 241 ipsi
301 196 437 228 tantam
478 190 610 228 famam
652 196 862 242 tantamque
896 188 1071 228 invidiam
1113 191 1316 230 conciliare
1355 189 1619 242 potuisset*):

189 247 273 295 Ego
302 259 416 291 vcro,
447 246 586 296 inquit,
622 246 789 284 conabor·
812 247 1072 284 demonstrare
1097 247 1222 292 vobis,
1260 248 1351 297 quid
1378 247 1472 284 mz‘ln·
1502 253 1539 285 et
1552 247 1625 298 sa-

192 313 289 339 mam
321 308 362 339 ct
398 302 619 338 calumniam
652 300 870 349 confeceret.
927 300 1078 346 Verba,
1120 302 1251 351 quibus
1283 302 1351 339 hoc
1379 300 1493 350 dicit,
1532 301 1624 340 haec

193 362 298 393 sunt.
342 352 447 407 κάγὼ
483 351 574 419 ὑμῖν
610 352 837 422 πειοάσομαι
874 352 1091 403 ἀποδεῖξαι,
1132 356 1168 395 τί
1202 353 1287 397 ποτ’
1321 356 1398 396 ἐστὶ
1425 360 1563 406 τοῦτο,
1602 354 1625 397 ὃ

191 409 277 462 ἐμοὶ
302 410 485 461 πεποίηκε
507 405 553 450 τό
579 424 618 450 τε
646 407 768 462 ὄνομα
795 410 861 451 καὶ
889 407 959 462 τὴν
987 409 1181 463 διαβολην.

659 546 948 586 CAPUT
1003 545 1161 588 XVII.

197 622 306 673 Quod
345 624 596 678 Theopompus
642 626 688 664 de
723 625 1032 664 Lacedaemoniis
1079 625 1200 672 delcit,
1249 627 1344 666 idem
1387 627 1434 665 de
1461 625 1630 679 fortuna

633 693 778 732 quoque
807 682 939 718 merito
969 680 1049 718 de'cz'
1063 693 1188 731 posse.

193 755 470 816 Evonvnnm
509 791 627 830 nuper
653 778 844 818 Theodori
885 776 1074 817 cuiusdam
1104 776 1338 818 Metochitae
1371 779 1527 827 librum,
1565 793 1631 818 cu-

195 833 253 870 ius
293 833 381 870 mihi
419 834 564 884 copiam
603 834 748 872 fecerat
781 835 890 872 homo
925 847 1006 871 cum
1043 834 1300 885 philosophiae
1338 849 1382 874 ac
1416 836 1630 886 theologiae

196 888 353 926 scientia
382 896 598 940 praestans,
640 896 715 927 tum
745 892 796 927 ita
827 890 944 928 comis
975 896 1084 940 atque
1112 890 1303 935 amabilis,
1347 897 1388 927 ut
1414 903 1495 928 eum
1526 892 1630 941 ipsae

196 943 274 980 suis
318 944 486 981 manibus
517 944 671 982 Gratiae
699 945 852 983 finxisse
882 957 926 982 ac
958 945 1212 996 composuisse
1242 944 1462 993 videantur,
1503 945 1632 984 Sixtus

194 997 394 1044 Medices,
430 998 717 1037 Dominicanus.
787 999 964 1038 Continet
1000 1008 1123 1038 autem
1158 1000 1252 1037 liber
1292 1000 1354 1037 ille
1393 1007 1539 1038 centum
1578 1002 1633 1039 vi-

194 1053 291 1103 ginti
321 1067 394 1091 nou
423 1067 512 1092 saue
543 1054 833 1093 contemnendas
864 1056 976 1092 variis
1000 1054 1046 1093 de
1066 1056 1177 1093 rebus
1195 1054 1463 1105 disputationes
1482 1055 1631 1094 Graeco

195 1121 369 1146 sermone
407 1111 639 1161 conscriptas
652 1108 754 1162 ’Μὴ
795 1123 947 1161 quarum
977 1111 1012 1147 in
1042 1124 1115 1148 una
1145 1112 1350 1161 reperimus
1380 1111 1499 1157 haec,
1538 1124 1633 1162 quae

197 1164 467 1210 subiiciemus,
500 1166 544 1202 ¹in
588 1167 756 1203 fortunae
788 1166 1062 1203 instabilitatem
1076 1163 1176 1216 *5⁶43
1207 1173 1317 1217 atque
1346 1166 1632 1205 inconstantiam

195 1232 270 1256 non
298 1220 500 1266 inurbane,
533 1233 652 1272 neque
683 1221 834 1272 illepide
864 1221 984 1259 dicta:
1024 1234 1117 1271 quae
1147 1221 1253 1258 nobis
1282 1233 1412 1258 caussa
1443 1221 1533 1267 fuit,
1565 1234 1633 1259 cur

196 1286 241 1312 ea
270 1274 339 1312 hoc
371 1275 453 1312 loco
482 1289 791 1326 proponeremus.
850 1276 1114 1326 Theopompus
1145 1275 1345 1313 historicus
1372 1276 1541 1314 aculeata
1558 1276 1635 1314 La-

196 1328 457 1367 cedaemonios
488 1332 658 1369 oratione
688 1331 944 1381 perstringens
973 1331 1221 1381 improbarum
1244 1344 1307 1369 cos
1328 1332 1521 1369 mulierum
1545 1345 1635 1370 cau·
1690 1357 1695 1360 -

196 1397 330 1435 ponam
371 1387 626 1424 exercentium
667 1387 807 1424 similes
844 1399 929 1424 esse
965 1385 1127 1424 dicebat.
1196 1386 1302 1434 Quae
1340 1386 1544 1438 hospitibus
1587 1386 1636 1425 ad

197 1452 241 1477 se
280 1439 615 1493 divertentibus†)
652 1442 774 1478 vinum
814 1442 922 1478 initio
965 1448 999 1479 ct
1039 1448 1187 1490 gustatu
1218 1454 1330 1479 suave
1373 1449 1410 1479 et
1438 1455 1504 1479 usu
1536 1443 1634 1480 salu-

197 1494 264 1532 bre
293 1495 488 1546 praebent,
519 1494 653 1533 callide
684 1495 719 1533 id
749 1503 942 1546 astuteque
970 1497 1167 1541 facientes,
1203 1503 1243 1533 ut
1272 1504 1466 1546 argentum
1497 1497 1542 1534 ab
1576 1499 1633 1537 eis

197 1549 371 1588 eliciant:
411 1557 541 1601 postea
577 1564 668 1588 vero
707 1550 807 1588 aliud
836 1550 1031 1588 infundunt
1062 1551 1131 1587 vile
1170 1557 1207 1588 ct
1236 1557 1448 1601 corruptum
1488 1559 1526 1589 et
1556 1554 1634 1591 aci·

198 1604 308 1651 dum,
347 1618 466 1656 eoque
502 1606 602 1656 ipsos
632 1606 685 1643 uti
717 1612 866 1656 cogunt.
927 1605 991 1643 Sic
1020 1606 1119 1643 enim
1149 1603 1535 1645 etiLacedaemonios
1565 1609 1636 1646 ini-

197 1661 249 1698 tio
279 1661 359 1699 eius
386 1661 499 1707 belli,
533 1660 628 1712 quod
657 1660 838 1698 adversus
872 1660 1126 1699 Athenienses
1149 1668 1375 1711 gesserunt,
1415 1661 1548 1701 callide
1577 1664 1635 1702 fe-

199 1716 322 1762 cisse,
379 1723 418 1753 ut
458 1723 606 1754 ceteros
645 1716 814 1754 Graecos
859 1723 1031 1767 tauquam
1069 1717 1290 1754 suavissimo
1336 1717 1467 1767 poculo
1508 1719 1633 1757 oblato

198 1771 413 1818 allicerent5
452 1784 534 1809 cum
575 1772 681 1822 quasi
717 1771 862 1810 tabellis
891 1772 1038 1822 publice
1067 1772 1264 1823 propositis
1295 1772 1560 1822 profiterentur
1589 1787 1635 1812 ac

197 1827 499 1877 promulgarent,
545 1839 684 1878 cupere
730 1840 770 1865 se
812 1827 1011 1864 Graeciam
1055 1840 1077 1864 a
1122 1827 1309 1864 dominatu
1346 1826 1634 1867 Atheniensium
1672 1826 1674 1829 ⁸

197 1881 409 1921 vindicare:
439 1889 522 1932 post
551 1889 673 1920 autem
703 1883 758 1920 eis
787 1883 1018 1920 amarissima
1048 1889 1086 1920 et
1115 1883 1376 1919 insuavissima
1407 1884 1537 1933 pocula
1566 1885 1635 1922 mi·
1679 1899 1684 1925 ί

198 1938 344 1974 scuisse
386 1938 549 1975 refertae
591 1937 753 1988 undique
803 1938 984 1974 molestiis
1037 1938 1133 1974 vitae
1176 1944 1214 1975 et
1251 1938 1483 1988 negotiorum
1526 1952 1634 1978 acer-

197 1990 372 2029 bissimos
403 1991 550 2030 dolores
578 1994 825 2030 inurentium:
857 2006 938 2030 cum
970 1993 1216 2044 praeficerent
1245 1993 1454 2030 civitatibus
1469 1993 1634 2033 Decem-

197 2047 301 2084 viros
338 2052 375 2084 et
408 2047 601 2097 praesides
637 2048 997 2099 importunissimos,
1036 2048 1098 2098 qui
1137 2061 1201 2085 eas
1237 2048 1434 2098 tyrannico
1475 2050 1632 2100 imperio

196 2109 413 2152 premerent
459 2109 689 2153 agerentque
739 2116 809 2148 ea,
860 2115 953 2153 quae
987 2103 1193 2153 asperrima
1229 2115 1411 2152 perpessu
1450 2104 1634 2156 planeque

196 2157 447 2194 intolerabilia
484 2164 623 2196 essent.
680 2156 756 2195 Sed
789 2158 885 2195 enim
926 2157 1022 2207 quod
1051 2158 1313 2207 Theopompus
1352 2156 1398 2195 de
1439 2158 1634 2198 Lacedae-

195 2213 331 2250 moniis
359 2211 522 2259 dicebat,
553 2211 592 2250 id
620 2225 701 2251 meo
731 2211 878 2265 quidem
907 2211 1043 2250 iudicio
1073 2211 1120 2250 de
1150 2213 1335 2250 hominum
1366 2213 1516 2253 fortuna
1544 2228 1634 2254 con-

270 2365 314 2401 ψ)
334 2367 444 2395 Nonne
465 2366 569 2402 potius
589 2367 787 2397 scribendum
806 2369 875 2396 erat
893 2367 1052 2403 poluerit?

272 2413 338 2449 0³2³)
360 2416 409 2443 Ex
438 2416 488 2444 liis
516 2417 624 2445 verbis
651 2419 786 2451 apparet
811 2416 897 2450 loqui
917 2418 1074 2445 Muretnm
1102 2417 1140 2444 de
1165 2423 1277 2453 opere,
1307 2414 1397 2445 cuius
1416 2416 1497 2445 haee
1516 2415 1632 2446 inscri-

194 2462 262 2500 ptio
288 2462 406 2491 fertur·
438 2451 785 2500 Υπομνηιιατισμοὶ
819 2456 880 2487 καὶ
907 2454 1119 2497 σηιιειώσεις
1142 2456 1345 2500 γνωιιικαί,
1378 2461 1410 2488 in
1436 2462 1526 2490 cuius
1553 2466 1631 2492 sect.

196 2502 266 2531 100.
294 2500 399 2532 agitur
423 2500 461 2527 de
488 2507 524 2527 7e
550 2501 672 2533 publica
701 2501 880 2528 Lacedaem.
927 2499 997 2527 tid.
1025 2500 1161 2528 Fabricii
1191 2501 1226 2527 B.
1257 2501 1308 2528 Gr.
1336 2498 1387 2526 lib.
1417 2500 1454 2527 V.
1484 2506 1551 2534 cap.
1579 2501 1631 2529 33.

194 2546 267 2575 pag.
287 2539 357 2567 226.
398 2537 482 2565 libri
504 2538 606 2565 adhuc
627 2538 736 2565 inediti
765 2545 863 2571 nuper
883 2537 1056 2569 specimina
1083 2537 1238 2571 quaedam
1259 2544 1276 2564 e
1297 2536 1392 2566 Codd.
1413 2538 1503 2564 MSS.
1526 2537 1633 2570 publi-

194 2577 282 2606 cavit
309 2577 343 2604 F.
372 2575 519 2603 Blochius
548 2575 693 2603 Havniae
724 2575 813 2603 1790.
841 2576 869 2602 8.
900 2574 943 2600 u
947 2582 1013 2602 om
1035 2590 1072 2596 —
1113 2575 1289 2602 pleniorem
1322 2573 1434 2602 deinde
1463 2575 1630 2603 editionem

195 2613 322 2650 paravit
350 2614 405 2642 cu.
435 2614 469 2641 G.
490 2614 637 2649 Mueller,
668 2615 700 2641 et
727 2614 798 2646 post
824 2613 956 2640 mortem
985 2613 1053 2640 eius
1081 2613 1219 2641 absolvit
1248 2614 1305 2640 Th.
1334 2611 1506 2645 Kiessling.
1542 2611 1631 2646 Lips.

196 2658 491 2689 1821.S.1biest
518 2665 587 2693 cap.
609 2658 672 2688 116
693 2649 806 2696 (Κεφ.
829 2646 929 2696 ριςᾜ)
969 2655 1037 2685 vid.
1060 2656 1180 2690 Theop.
1200 2657 1325 2689 Fragm.
1355 2655 1404 2684 ed.
1423 2657 1460 2684 Ε.
1482 2655 1630 2684 VVichers

194 2705 266 2735 pag.
290 2698 358 2726 131.
380 2697 441 2725 282
462 2703 510 2731 sq.

268 2747 316 2772 *a
320 2746 361 2781 *J
384 2744 499 2774 Melius
519 2742 701 2779 scripsisset
720 2744 864 2774 Muretus
883 2749 953 2773 cum
973 2742 1085 2778 Nepot.
1105 2739 1198 2771 Dion.
1219 2747 1286 2778 cap.
1295 2740 1325 2772 6.
1337 2739 1369 2776 S.
1381 2740 1409 2771 1.
1422 2738 1630 2770 mobilitatem.

270 2792 315 2831 τ)
335 2794 485 2825 Praestat
504 2793 740 2822 devorantibus
