1726 3106
494 124 595 163 LIB.
635 123 686 163 V.
747 122 864 162 CAP.
896 122 1006 162 XIV.
1390 119 1467 162 107

262 239 477 287 Quanquam
507 234 599 285 quid
628 234 720 272 aio?
747 239 882 271 cuneta
905 233 1093 282 praenovi
1116 231 1251 282 optime

257 293 420 330 Futura.
479 291 561 328 Nee
590 296 746 327 ventura
775 289 972 326 calamitas
1002 288 1097 325 mihi

256 347 412 396 Inopina
442 346 634 396 quisquam
664 352 735 381 est.

516 473 608 514 CA
638 473 732 512 PU
761 473 795 511 T
850 450 987 511 X'111.

402 553 521 591 Ennii
543 552 811 590 hemistichium
840 564 889 588 ea:
916 550 1113 600 Euripide.

41 632 209 691 Cmnno
248 652 343 690 libro
382 649 546 688 secundo
581 649 626 688 de
656 649 811 688 Finibus
826 647 871 701 θέε)
903 648 1082 686 adversus
1111 646 1320 699 Epicureos
1350 643 1475 696 dispu-

40 716 146 755 tans,
178 708 239 760 qui
269 720 443 745 summam
475 706 696 756 voluptatem
727 705 958 743 detractione
987 704 1106 741 omnis
1133 702 1271 740 doloris
1299 702 1474 739 termina-

40 763 155 811 bant,
183 766 262 802 Hoc
272 791 285 809 ,
316 762 456 813 inquit,
487 762 631 799 diluerit
652 763 780 812 potius
808 761 977 799 Ennius.-

259 861 313 868 -
340 861 394 868 —
425 839 576 876 nimiam
604 838 694 876 boni
716 845 797 885 est,
829 839 895 875 eni
920 838 978 874 nil
1002 836 1096 874 mali
1118 841 1188 873 est.

42 918 122 956 Nos
150 917 295 954 beatam
324 917 435 953 vilam
466 929 538 953 non
566 915 778 965 depulsione
807 916 910 956 mali,
943 915 1009 952 sed
1038 914 1234 964 adeptione
1265 911 1356 949 boni
1379 909 1477 948 iada·-

43 985 179 1011 eemns.
239 971 454 1021 Quanquam
485 977 606 1007 autem
641 984 712 1007 non
743 970 938 1020 exprimit,
979 969 1041 1005 ubi
1071 968 1108 1005 id
1135 967 1280 1005 Ennius
1311 965 1473 1004 dixerit:

44 1027 152 1065 facile
180 1034 301 1064 tamen
332 1025 580 1070 crediderim,
612 1037 696 1062 esse
728 1025 797 1062 hoc
828 1024 1100 1062 hemistichium
1133 1036 1180 1061 ex
1208 1022 1390 1066 Hecuba3
1422 1017 1479 1056 id-

44 1095 114 1133 que
144 1082 334 1119 Hecubam
366 1081 479 1131 ipsam
519 1080 800 1129 pronunciasse.
861 1080 970 1129 Apud
1001 1078 1216 1128 Euripidem
1248 1084 1352 1114 certe
1381 1075 1479 1113 infe-

43 1137 94 1174 lix
131 1149 222 1174 anus
260 1135 428 1184 exemplo
464 1148 529 1171 suo
569 1133 700 1179 docet,
741 1135 863 1171 inania
906 1147 992 1171 esse
1032 1134 1127 1170 bona
1156 1134 1240 1178 illa,
1277 1144 1370 1182 quae
1400 1131 1479 1181 ple·-

44 1203 197 1242 rumque
237 1191 273 1227 in
304 1190 437 1226 animis
467 1189 651 1226 hominum
681 1189 888 1240 superbiam
918 1189 1086 1238 pariant,
1126 1200 1208 1225 eum
1240 1188 1363 1236 itaque
1395 1186 1479 1223 feli-

44 1248 233 1283 cissimum
263 1243 499 1289 habendum,
542 1245 602 1281 cui
632 1244 722 1281 nihil
755 1257 800 1281 eo
828 1244 886 1280 die
913 1243 1080 1293 obtingat
1108 1242 1208 1280 mali.
1267 1241 1410 1280 Versus
1439 1240 1478 1277 hi

46 1308 133 1339 sunt
148 1300 250 1352 *²7²

319 1398 372 1404 --
400 1398 454 1402 —
485 1378 610 1429 κεῖνρς
637 1370 874 1425 ὀλβιώτατος,

309 1427 417 1485 ’Ότῳ
444 1427 528 1469 κατ’
562 1430 665 1482 ἦμαρ
691 1427 863 1483 τυγχάνει
891 1428 1010 1482 μηδὲν
1037 1426 1167 1470 κακόν.

540 1561 822 1600 CAPUT
877 1563 999 1601 XIV.

47 1641 197 1680 Falsum
227 1645 483 1689 argumentum
515 1639 670 1676 allatam.
699 1653 779 1677 esse
807 1639 854 1677 ab
882 1644 937 1679 A.
971 1642 1090 1679 Gellio
1121 1641 1173 1679 ad
1199 1639 1479 1686 ostendendam,

220 1696 321 1733 inter·
347 1695 540 1733 Platonem
569 1700 610 1731 et
632 1695 915 1745 Xenophontem
944 1697 1091 1747 aliquid
1117 1697 1319 1734 simultatis

633 1751 902 1789 intercessisse.

50 1830 120 1885 A·
150 1848 332 1886 Ganos
368 1847 433 1886 lib.
464 1847 577 1887 XIV.
608 1848 784 1886 Noctium
822 1847 1031 1887 Atticarum
1046 1848 1152 1903 ἡΨΜ)
1202 1849 1340 1900 aliquot
1374 1861 1486 1899 argu-

51 1911 175 1944 menta
204 1903 377 1953 collegit,
411 1905 541 1954 quibus
572 1903 750 1949 doceret,
781 1905 880 1942 inter
906 1905 1098 1943 Platonem
1130 1912 1167 1942 et
1197 1904 1486 1955 Xenophontem

51 1960 180 1999 nescio
222 1958 309 2009 quid
359 1959 525 1996 occultae
572 1960 766 1996 simultatis
804 1960 1068 1998 intercessisse
1084 1959 1151 2012 †).
1215 1959 1337 1997 Multo
1380 1960 1485 2010 plura

51 2022 196 2060 autem,
241 2020 278 2050 et
321 2014 432 2051 multo
472 2017 680 2051 accuratius
721 2016 888 2065 exposita
925 2015 1020 2067 apud
1049 2015 1284 2054 Athenaeum
1323 2014 1387 2052 lib.
1418 2027 1487 2051 un-

54 2067 298 2121 decimo††)
329 2069 524 2118 leguntur:
568 2069 633 2107 sed
669 2083 821 2117 eorum,
860 2084 954 2122 quae
980 2072 1100 2122 posuit
1129 2071 1300 2116 Gellius,
1330 2071 1486 2121 primum

53 2127 183 2164 falsum
228 2136 312 2161 esse
353 2125 532 2175 comperi.
597 2125 664 2161 Ait
700 2126 821 2173 enim,
865 2140 983 2178 neque
1023 2140 1045 2165 a
1075 2128 1231 2165 Platone
1260 2126 1488 2176 Xenophon-

54 2184 123 2227 tis,
162 2192 280 2230 neque
319 2186 450 2217 contra
482 2193 504 2217 a
534 2181 779 2230 Xenophonte
806 2182 976 2220 Platonis
1004 2184 1115 2220 ullam
1153 2195 1314 2233 unquam
1334 2181 1487 2232 factam

53 2250 132 2275 esse
158 2236 401 2273 mentionem.-
439 2248 519 2272 eam
560 2242 679 2273 tamen
709 2243 865 2287 uterque
894 2239 1135 2287 complurium
1168 2238 1337 2275 Socratis
1365 2243 1486 2274 sceta-

55 2301 176 2329 torum
213 2290 434 2327 meminerit.
498 2289 577 2340 Ego
620 2297 770 2337 autem,
808 2292 939 2342 ecquid
968 2293 1075 2330 Plato
1108 2293 1394 2343 Xenophontem
1426 2304 1489 2327 us-

0 2382 1 2385 ,
56 2359 160 2396 quam
195 2345 464 2391 nominaverit,
505 2359 576 2383 non
609 2358 697 2383 sane
740 2349 987 2396 pronunciare
1029 2349 1161 2385 ausim.
1222 2346 1332 2399 Apud
1359 2347 1490 2384 Xeno-

56 2402 230 2452 phontem
268 2399 414 2450 quidem
454 2400 549 2438 libro
577 2402 688 2439 tertio
729 2399 1131 2454 ἀπομνημονευμάτων
1145 2402 1261 2456 †††)
1291 2403 1489 2441 Platonem

130 2521 174 2557 -:·.<-]
195 2528 262 2556 cap.
287 2521 334 2550 13.
356 2521 387 2557 S.
408 2520 458 2549 41.

131 2571 198 2605 ςτε-εῑε)
220 2578 250 2598 v.
271 2569 331 2598 62⁷
351 2576 399 2604 sq.
420 2569 492 2598 625.
513 2569 601 2598 Pors.

131 2618 223 2653 etz-2:³2³)
244 2624 310 2651 cap.
332 2618 361 2645 3.

131 2666 176 2705 †)
199 2664 243 2694 cf.
265 2667 343 2693 Mur.
364 2665 480 2693 Annot.
510 2665 548 2693 ad
571 2666 711 2701 Xenoph.
732 2667 836 2697 Anab.
858 2671 896 2698 11.
927 2670 1004 2704 Opp.
1027 2670 1113 2698 Tum.
1135 2671 1188 2698 m.
1216 2677 1287 2704 pag.
1308 2669 1380 2697 607.
1419 2668 1492 2698 vid,

56 2707 138 2748 Aue.
162 2703 313 2747 Boecknii
336 2703 541 2730 commentat.
562 2704 650 2731 acad.
672 2705 710 2734 de
730 2705 909 2746 simultate,
940 2714 1022 2742 quae
1042 2707 1173 2737 Platoni
1194 2716 1264 2737 cum
1284 2708 1493 2743 Xenophonte

59 2746 281 2772 intercessisse
302 2739 410 2769 fertur.
447 2740 552 2769 Berol.
574 2741 664 2771 1811.

132 2789 204 2827 ††)
226 2796 298 2823 pac.
318 2789 389 2817 504.
410 2790 445 2816 Ε.
465 2796 532 2823 sqq.

131 2837 230 2875 †††)
251 2844 319 2872 cap.
338 2838 368 2866 6.
390 2837 455 2866 init.

1499 476 1561 507 112
