1726 3106
541 135 640 176 Lm.
672 135 744 175 1v.
804 134 923 174 CAP,
938 106 1026 176 '1v.
1460 134 1514 178 77

76 246 271 293 mirabile,
314 246 437 296 plures
478 245 667 296 improbos
697 245 891 290 extitisse,
931 257 1036 295 quam
1074 245 1111 283 in
1141 245 1188 283 iis
1217 244 1512 295 magistratibus,

79 303 140 352 qui
173 302 247 339 bini
277 300 514 338 creabantur.
574 300 668 337 Tum
699 301 914 349 subiungit:
956 301 987 337 si
1016 301 1232 338 evolvantur
1261 300 1437 345 annales,
1479 306 1516 338 et

78 357 306 407 antiquitatis
337 356 513 392 memoria
542 355 768 405 replicetur3
810 355 1002 391 nonnullos
1033 362 1222 405 repertum
1252 355 1299 391 iri
1331 355 1514 405 pernicio-

80 425 143 449 sos
189 411 378 448 tribunos:
420 410 521 447 leves
561 417 623 447 aut
654 411 764 448 etiam
795 422 866 446 non
898 409 1014 446 bonos
1044 411 1203 447 fortasse
1229 410 1367 458 plures.
1428 409 1514 447 Hoc

79 473 200 503 tamen
233 478 400 515 magnum
433 464 565 501 honum
600 465 634 501 in
664 465 848 502 tribunatu
878 464 1024 502 inesse:
1064 464 1160 515 quod
1188 464 1322 509 efficit,
1354 471 1393 500 ut
1421 463 1514 501 ordo

77 521 287 558 senatorius
317 518 455 556 invidia
486 527 626 556 careat.
686 519 820 556 Nullos
850 525 971 555 autem
1001 519 1038 555 in
1077 520 1175 556 omni
1216 519 1392 556 memoria
1431 532 1516 569 per-

78 576 242 613 niciosos
273 574 440 612 tribunos
470 575 613 622 fuisse,
651 587 783 621 nemo,
820 574 978 625 opinor,
1018 574 1092 612 nisi
1121 575 1230 626 plane
1259 570 1514 626 ἇνιστόρητος,

77 629 229 669 dixerit.

585 739 616 778 C
645 738 682 777 A
705 739 738 777 Ρ
764 738 801 778 U
829 739 863 777 T
917 737 999 779 IV.

77 817 135 854 De
162 818 285 855 veteri
302 815 527 868 proverbio,
568 829 639 867 quo
669 817 884 864 dicebatur,
918 817 1019 868 quod
1036 815 1235 867 pulchrum
1264 822 1321 855 est
1343 817 1512 868 placere.

79 893 212 960 QUAE
260 915 414 966 pulchra
459 922 571 961 sunt,
620 915 759 952 habere
802 927 883 952 eam
924 915 1019 961 vim,
1068 921 1109 952 ut
1151 916 1273 953 statim
1316 922 1517 966 conspecta

78 971 239 1009 omnium
271 971 339 1007 sibi
372 970 596 1007 voluntatem
625 971 824 1007 concilient
851 983 1088 1020 amoremque
1118 969 1343 1020 adiungant,
1375 971 1516 1008 nemini

79 1027 243 1076 ignotum
285 1038 398 1070 esse,
441 1026 510 1062 nisi
549 1026 752 1062 communis
791 1037 925 1062 sensus
964 1026 1132 1075 experti,
1180 1032 1314 1075 potest.
1387 1026 1516 1076 Itaque

79 1082 210 1118 scitum
243 1087 300 1117 est
328 1078 415 1116 illud
445 1080 688 1125 Aristotelis,
720 1080 780 1129 qui
811 1081 1062 1129 interrogatus
1091 1081 1137 1117 ab
1164 1081 1310 1131 aliquo,
1355 1081 1416 1131 qui
1449 1081 1516 1119 fie-

79 1142 154 1181 ret,
185 1142 223 1172 ut
253 1135 397 1184 pulchri
426 1140 499 1171 tam
531 1135 639 1171 facile
668 1133 713 1171 ab
743 1135 912 1171 omnibus
939 1142 1181 1172 amarentur:
1216 1136 1318 1173 caeci
1347 1148 1428 1173 eam
1460 1137 1518 1173 in-

78 1190 371 1239 teirogationem
413 1201 497 1226 esse
536 1187 802 1240 responditvf).
862 1188 915 1226 Et
943 1189 1082 1226 Graeci
1119 1191 1310 1239 sapienter
1345 1202 1410 1227 sua
1447 1191 1517 1227 lin-

79 1258 151 1296 gua
181 1245 335 1307 pulchio
364 1256 411 1280 ex
441 1257 485 1281 eo
515 1242 687 1281 indidere
716 1257 878 1289 nomen,
917 1242 1014 1294 quod
1043 1257 1172 1281 omnes
1204 1243 1250 1282 ad
1282 1257 1322 1282 se
1351 1245 1514 1283 alliciat.

80 1300 252 1337 dixerunt
277 1300 373 1337 enim
403 1295 541 1345 καλὸν,
572 1295 675 1350 παοὰ
702 1295 743 1337 τὸ
773 1302 921 1346 καλεῖν,
951 1296 1010 1337 ότι
1038 1296 1183 1345 πάντας
1212 1295 1274 1349 ἐφ’
1308 1296 1419 1339 ἑαυτὸ
1450 1315 1518 1339 κα-

79 1352 227 1402 λεῖ**).
284 1355 429 1392 Testati
470 1361 555 1391 sunt
594 1353 692 1391 idem
731 1354 879 1404 vulgato
915 1354 1000 1391 olim
1041 1355 1267 1404 proverbio,
1318 1368 1388 1406 quo
1415 1354 1518 1393 dice-

79 1410 191 1455 bant,
234 1409 329 1459 quod
359 1408 548 1460 pulchrum
578 1415 704 1454 esset,
746 1408 780 1445 id
793 1384 959 1446 Ddemum
991 1410 1146 1446 amicum
1180 1422 1278 1447 csse.
1340 1409 1399 1447 Eo
1427 1423 1515 1448 usus

80 1472 138 1504 est
164 1464 364 1517 Euripides
394 1465 429 1501 in
459 1464 645 1510 Bacchis,
678 1463 740 1501 ubi
771 1464 831 1501 hic
862 1464 1069 1502 versiculus
1098 1461 1375 1518 legitur***):

507 1527 562 1568 ”O
588 1544 624 1568 τι
651 1525 770 1568 καλὸν
798 1529 911 1579 φίλον
940 1526 1009 1568 ἇεί.

81 1595 132 1634 Et
171 1595 278 1634 Plato
317 1596 352 1632 in
385 1594 524 1646 Lyside
543 1594 619 1647 †):
664 1586 778 1633 Ἀλλὰ
824 1599 875 1649 τῷ
914 1591 995 1634 όντι
1025 1591 1138 1642 αὐτὸς
1167 1595 1310 1649 ι’λιγγιῶ
1335 1593 1413 1637 ’ὑπὸ
1449 1600 1518 1649 τῆς

80 1655 148 1691 τοῦ
177 1648 292 1718 λόγου
321 1648 503 1698 ἀπορίας,
532 1649 596 1688 καὶ
624 1637 858 1698 κινδυνεύει,
885 1647 980 1689 κατὰ
1006 1647 1075 1700 τὴν
1104 1648 1264 1703 ἀρχαίαν
1291 1653 1514 1705 παροιμίαν,

81 1704 124 1746 τὸ
161 1703 276 1745 καλὸν
312 1706 425 1755 φίλον
455 1720 563 1756 ειναι.
621 1704 714 1741 Eius
753 1713 873 1742 autem
913 1706 1094 1754 originem
1118 1706 1163 1743 ad
1194 1706 1324 1744 Musas
1353 1715 1391 1744 et
1421 1708 1518 1745 Gra-

83 1763 154 1799 tias
187 1762 379 1799 rzefeiunt
418 1774 510 1810 qnae
540 1773 621 1797 cum
650 1762 912 1798 convenissent
942 1759 986 1797 ad
1016 1761 1159 1810 nuptias
1189 1760 1320 1798 Cadmi
1353 1769 1390 1799 et
1417 1763 1518 1801 Har-

85 1818 253 1863 moniae,
304 1816 492 1867 pulchrum
523 1828 695 1861 carmen,
740 1829 810 1866 quo
841 1829 885 1852 ea
917 1817 1100 1853 sententia
1129 1817 1407 1863 contineretur,
1438 1819 1519 1863 „im-

84 1873 228 1910 mortali
258 1885 323 1909 ore
352 1871 584 1909 cecinerint:
627 1884 743 1908 novae
775 1877 907 1921 nuptae
939 1870 1276 1920 pulchritudinem,
1317 1879 1356 1909 ut
1384 1874 1518 1910 verisi-

84 1928 169 1966 mile
217 1934 298 1971 est‚
342 1925 656 1963 commendantes.
716 1926 800 1963 Hoc
844 1925 889 1962 de
930 1926 1202 1975 sapientissimo
1243 1929 1355 1978 poe'ta
1393 1928 1516 1967 Theo-

85 1982 197 2033 gnide
225 1983 483 2032 cognovimus,
517 1981 621 2018 cuius
651 1981 743 2019 haec
773 1979 980 2033 suntffwfz)

195 2061 358 2098 Μοῦσαι
385 2057 450 2098 καὶ
480 2054 662 2109 Χαοιτες,
691 2061 828 2109 κοῦραι
857 2053 972 2104 Διὸς,
1004 2054 1049 2095 αῗ
1072 2070 1163 2096 ποτε
1191 2054 1354 2109 Καδμου

242 2111 310 2160 Ἐς
336 2110 458 2180 γάμον
487 2113 672 2152 ἐλθοῦσαι
699 2111 815 2152 καλὸν
845 2108 991 2151 αείσατ’
1026 2110 1125 2158 ε’πος.

181 2166 291 2208 ’Όττι
318 2166 434 2208 καλὸν
460 2169 571 2218 φίλον
601 2167 699 2215 ἐστι,
730 2164 770 2206 τὸ
802 2164 837 2206 δ’
872 2164 919 2206 οὐ
947 2164 1064 2205 καλὸν
1093 2164 1139 2206 οὗ
1165 2167 1281 2217 φίλον
1309 2166 1398 2209 ἔστί.

252 2221 364 2263 Τοῦτ’
399 2224 488 2270 ε’πος
516 2221 723 2263 ἀθανάτων
746 2216 844 2274 ἦλθε
872 2218 936 2261 δια
965 2219 1169 2273 στομάτων

86 2300 182 2338 Nam
212 2300 258 2338 ad
292 2302 373 2339 illas
404 2302 548 2353 nuptias
580 2301 729 2340 venisse
759 2299 886 2347 divos,
923 2306 1081 2338 testatur
1109 2300 1220 2338 etiam
1249 2299 1451 2354 Euripides
1481 2302 1519 2340 in

85 2355 303 2394 Phoenissis
320 2356 434 2410 †††)
453 2372 462 2394 ε

162 2474 315 2509 *JDiog
336 2477 441 2505 Laert.
460 2477 514 2505 lib
535 2477 573 2507 V.
594 2484 663 2513 cap.
683 2476 732 2506 20.
753 2477 784 2505 et
805 2476 891 2504 Stob.
912 2476 1013 2505 serm.
1033 2476 1141 2504 LXIII.
1162 2482 1234 2511 pag.
1254 2475 1327 2506 408.

163 2521 837 2560 ³1³÷1³Jvim1⁴1t>1noknpag.185.s>·.11›
866 2526 924 2553 col
945 2524 1025 2563 44⁰,
1052 2525 1104 2554 50.
1134 2524 1182 2553 ed.
1211 2526 1318 2554 Sturz.
1358 2522 1404 2555 Cf.
1426 2525 1520 2555 Plato

90 2560 209 2593 θῐᾶἱὶῐ
231 2567 299 2595 pag
322 2561 392 2590 416.
414 2565 485 2592 B—
492 2565 527 2592 Ε.
549 2566 596 2592 St.
617 2563 722 2598 ibique
743 2564 929 2592 Stallhaum.

216 2610 257 2642 )
279 2616 308 2637 v
329 2610 399 2639 879.

166 2655 211 2695 -Η
234 2664 303 2691 pag.
325 2658 394 2687 216.
416 2659 449 2688 C.
461 2660 509 2688 st

163 2710 236 2748 Ἡ)
258 2718 287 2738 v
312 2713 349 2739 15
371 2714 512 2747 sqq.1n
538 2712 627 2742 editt.
655 2713 795 2748 Theogn.
822 2713 894 2747 post
923 2703 1055 2740 ἀείσατ’
1083 2703 1171 2744 ἔπος
1197 2713 1282 2740 recte
1315 2708 1520 2746 distinguitur

89 2747 215 2783 virgula
239 2750 289 2776 vel
310 2751 390 2778 colo.

192 2801 263 2840 323.)
282 2811 310 2832 v.
318 2804 432 2838 82Ssq.
451 2803 501 2838 (v.
511 2804 582 2833 822.
599 2803 691 2832 Dind.
705 2804 775 2833 836.
788 2803 910 2849 Pars).
950 2805 1012 2833 Sed
1033 2790 1171 2842 ἦλθον,
1200 2802 1286 2840 quod
1304 2804 1387 2834 Mur.
1407 2810 1449 2834 ex
1470 2802 1520 2833 ed.

89 2845 209 2877 Aldina
229 2846 357 2885 sumsit,
381 2854 463 2876 nunc
483 2849 568 2876 recte
587 2849 741 2877 mutatum
760 2848 792 2877 in
812 2837 963 2883 ἤλυθον.

1543 365 1585 394 82
