1726 3106
104 1817 167 1848 208

175 143 256 186 198
734 137 865 179 VAR.
896 136 966 176 LE
973 136 1055 177 CT.

176 261 401 307 postremam
430 264 517 290 esse
538 257 675 296 statuo,
696 248 792 301 quod
818 250 941 300 inepte
962 246 1168 287 fastidiosis
1181 246 1228 301 9βε)
1259 254 1296 286 et
1319 247 1406 285 olim
1434 245 1626 299 displicuit

179 318 215 349 et
253 309 362 347 hodic
402 307 600 358 displicet,
645 306 756 343 multa
795 312 880 342 sunt
918 317 991 342 non
1030 304 1166 354 publici
1212 304 1380 355 saporis,
1425 316 1519 354 quae
1562 304 1625 354 qui

180 365 377 410 surdiore,
408 371 448 401 ut
477 364 526 399 ita
557 360 701 408 dicam,
735 361 855 411 palato
887 367 993 406 sunt,
1027 360 1212 409 ingustata
1242 366 1503 410 praetereunt:
1543 372 1627 396 cum

181 421 432 471 elegantiores
462 418 631 455 homines
664 424 702 454 et
738 416 862 454 talium
895 414 1110 453 deliciarum
1149 416 1403 466 intelligentes
1432 414 1626 452 mirificam

182 474 362 528 quandam
404 487 451 511 ex
499 474 554 511 eis
596 473 806 524 percipiant
849 472 1083 508 suavitatem.
1138 470 1274 518 *Quale
1317 477 1396 516 est,
1452 469 1549 520 quod
1589 470 1627 506 in

183 530 339 582 epistola
370 529 416 567 ad
448 525 652 567 Lacinium
682 527 914 578 sexagesima
949 524 1187 577 octavaffi‘),
1230 540 1311 564 cum
1346 525 1467 562 multis
1501 524 1628 566 verbis

185 586 399 632 docuisset,
443 582 613 636 quicquid
656 597 736 621 cum
777 584 912 620 virtute
952 579 1186 634 eon‘iujnetum
1226 589 1284 620 est
1322 581 1483 632 optabile
1523 592 1627 626 esse,

185 642 370 691 multaque
398 641 434 678 in
467 653 547 678 eam
579 640 800 676 sententiam
832 633 1205 688 gencre'orationis‚
1245 644 1284 674 ut
1313 637 1431 682 solet,
1464 635 1630 673 masculo

186 705 225 735 et
255 697 343 734 nihil
366 697 518 747 vulgare
549 701 612 732 aut
635 694 819 745 plebeium
855 700 1012 730 sonante
1039 692 1208 738 dixisset,
1237 691 1282 730 ad
1308 693 1425 742 ipsum
1450 691 1630 742 epistolae

186 753 296 790 finem
328 752 379 789 ita
416 751 567 789 scribit:
612 751 731 788 Indue
767 751 899 799 magni
929 749 1007 786 υἷϊ-ί
1038 750 1199 792 animum
1236 755 1276 786 et
1309 748 1356 785 ab
1394 747 1632 797 opinionibus

185 809 293 857 vulgi
316 808 447 845 secede
466 806 683 857 paulisper.-
716 817 808 855 cape
831 810 1007 854 quantam
1038 803 1148 841 [lebes
1176 804 1326 841 virtutis·
1347 803 1633 853 pulcherrimae

187 876 234 900 ae
263 863 654 913 magnffieentelssimae
682 862 856 910 speciem,
887 872 982 910 quae
1012 859 1119 897 nobis
1140 872 1213 896 non
1242 859 1368 902 sertis,
1399 858 1466 893 sed
1493 858 1633 894 sudore

187 925 228 956 et
255 919 442 968 sanguine
471 917 628 955 colenda
658 923 730 953 est.
790 917 932 965 Aspsce
960 917 1016 953 M.
1053 916 1227 952 Catonem
1255 926 1366 951 sacro
1395 914 1457 950 ille·
1484 913 1638 962 pectori

183 974 409 1024 parcissimae
437 986 569 1010 manus
599 972 851 1009 admoventem
884 977 922 1008 et
949 972 1105 1008 vulnera
1137 982 1273 1019 parum
1304 969 1464 1005 demissa
1498 969 1635 1005 laman-

189 1035 275 1066 tem.
339 1029 469 1066 Utrum
508 1028 569 1065 illi
607 1027 754 1065 tandem
793 1027 965 1063 dicturus
1003 1040 1062 1071 es,
1109 1025 1250 1062 Vellem
1290 1036 1386 1074 quae
1422 1024 1558 1068 velles,
1599 1028 1640 1060 et

188 1085 341 1122 moleste
356 1082 475 1132 sero,
515 1095 590 1129 an,
626 1082 807 1120 Felz'cz'ler
841 1081 941 1131 quod
976 1080 1088 1130 agis?
1146 1079 1292 1127 Quibus
1331 1079 1366 1115 in
1403 1078 1530 1115 verbis
1568 1090 1636 1114 no-

188 1137 299 1176 tanda
331 1145 416 1175 sunt
443 1136 515 1174 duo
544 1137 695 1188 antiqua
725 1134 895 1186 loquendi
925 1149 1066 1185 genera
1095 1135 1206 1185 vulgo
1236 1147 1308 1172 non
1344 1133 1436 1170 satis
1465 1133 1634 1184 cognita,

189 1206 342 1244 quorum
376 1193 494 1230 altero
524 1191 569 1229 ad
602 1205 691 1238 eos,
726 1193 786 1242 qui
815 1192 851 1228 in
882 1192 987 1228 malis
1016 1197 1166 1236 essent,
1197 1189 1315 1227 altero
1343 1188 1524 1226 adversus
1551 1201 1634 1234 eos,

190 1249 323 1300 quibus
357 1261 534 1298 prospere
564 1247 701 1298 aliquid
732 1247 951 1296 obtigisset,
985 1247 1197 1284 utebantur.
1257 1244 1351 1282 Nam
1383 1245 1442 1281 cui
1476 1244 1561 1281 bo'ni
1592 1256 1637 1281 ac

191 1303 346 1341 secundi
377 1302 512 1353 aliquid
552 1303 762 1352 obtigerat,
807 1302 842 1338 ei
882 1303 1017 1338 ominis
1057 1314 1170 1339 causa
1207 1298 1466 1351 gratulabundi
1508 1298 1638 1336 dicere

191 1359 364 1397 solebant
393 1359 595 1404 Felicz'ter,
636 1365 700 1395 aut
728 1358 909 1396 Feliciter·
947 1358 1046 1407 quod
1083 1358 1192 1406 agis3
1234 1369 1316 1393 cum
1360 1355 1635 1404 significarent,

191 1427 330 1465 cupere
360 1427 402 1452 se
442 1426 524 1451 eum
561 1421 743 1464 perpetuo
783 1411 910 1450 eadem
948 1413 1129 1449 felicitate
1168 1413 1220 1448 uti
1253 1410 1362 1461 idque
1403 1411 1538 1447 bonum
1569 1409 1640 1459 ipsi

190 1471 381 1522 proprium
410 1481 454 1506 ac
480 1476 700 1519 perpetuum
729 1480 829 1506 esse.
892 1468 1081 1505 luvenalis
1109 1468 1246 1518 Satyra
1276 1464 1442 1503 secunda
1457 1464 1586 1517 *²3*):

302 1551 490 1599 Saegnatae
520 1549 696 1587 tabulae.-
731 1549 871 1586 dietum
900 1549 1106 1586 Felz‘ee'ter:
1138 1549 1272 1596 ingens·

309 1607 460 1644 Coena.-
491 1605 561 1643 sed
586 1611 626 1642 et
648 1605 795 1656 gremio
826 1604 946 1641 iacuit
973 1615 1069 1640 nova
1100 1609 1218 1654 nupta
1247 1602 1390 1640 mariti.

194 1696 339 1735 Contra
360 1696 419 1733 cui
448 1695 544 1733 male
565 1702 603 1733 et
630 1693 810 1732 adversus
833 1694 947 1732 animi
973 1694 1194 1731 sententiam
1225 1699 1321 1738 erat,
1345 1704 1428 1730 eum
1450 1691 1643 1743 alloquen-

195 1761 254 1791 tes
287 1752 483 1789 dicebant:
527 1752 667 1789 Vellem
698 1764 794 1802 quae
823 1751 960 1788 velles.-
1000 1762 1083 1787 eum
1120 1749 1354 1794 indicarent,
1394 1747 1524 1785 dolere
1553 1749 1640 1794 sibi,

197 1807 295 1859 quod
325 1808 378 1845 illi
411 1807 505 1844 male
536 1815 658 1844 esset:
701 1819 745 1843 ac
776 1807 808 1843 si
841 1805 1033 1842 dicerent:
1073 1803 1221 1843 Vellem
1247 1804 1325 1841 tiba
1352 1804 1406 1841 ita
1441 1810 1567 1849 esset,
1604 1811 1645 1841 ut

195 1872 232 1902 tu
263 1876 408 1914 quoque
438 1863 576 1901 velles:
612 1862 775 1912 mihique
805 1874 920 1910 aegre
951 1868 1022 1906 est,
1055 1859 1151 1911 quod
1176 1860 1249 1896 tibi
1274 1858 1467 1910 quidquam
1493 1866 1646 1909 praeter

196 1919 421 1956 voluntatem
467 1925 566 1955 tuam
608 1916 795 1955 evenerit.
856 1917 979 1954 Huius
1008 1916 1162 1966 generis
1202 1915 1411 1966 exemplum
1449 1921 1509 1953 est
1548 1913 1646 1966 apud

196 1974 367 2013 Plautum
398 1973 633 2011 Mostellaria
651 1972 726 2026 †):
1250 1983 1252 1986 ’

251 2051 370 2089 Tran.
415 2050 491 2089 Εἰ]
555 2049 651 2087 Sim.
707 2050 807 2100 Quid
834 2050 920 2088 est?
985 2049 1104 2088 Tran.
1158 2049 1222 2087 Me
1247 2030 1458 2085 miseram!
1499 2047 1646 2085 occidi!

1030 2104 1123 2141 Sim.
1157 2103 1256 2152 Qui?
1311 2103 1427 2140 Tran.
1465 2104 1561 2152 Quia

423 2160 533 2197 Venit
558 2160 666 2196 nam's
689 2167 852 2196 nostrae
877 2159 970 2196 navi
992 2171 1088 2208 qnae
1103 2157 1276 2210 frangat
1302 2165 1437 2195 ratem.

255 2215 349 2254 Sim.
397 2216 517 2253 Velim
545 2220 589 2252 ut
612 2214 749 2259 velles,
788 2214 952 2260 Tram‘o:
981 2214 1050 2251 sed
1077 2213 1174 2264 quid
1195 2219 1260 2261 est!
1277 2213 1450 2263 negotii?

199 2307 286 2346 Hoc
316 2306 430 2356 igitur
459 2304 670 2355 significat:
712 2304 744 2341 si
774 2304 854 2354 quis
887 2302 944 2342 M.
979 2303 1161 2342 Catonem
1197 2304 1320 2341 animo
1356 2303 1545 2354 concipiat
1579 2315 1648 2341 ex-

200 2370 321 2400 tremo
343 2361 406 2398 illo
433 2361 531 2398 vitae
554 2367 721 2410 tempore
743 2372 808 2397 sua
830 2359 977 2398 viscera
1002 2360 1228 2398 lacerantem
1254 2366 1292 2396 et
1314 2357 1482 2396 exiturae
1503 2359 1648 2397 animae

202 2419 402 2456 facientem
438 2416 556 2461 viam,
601 2428 796 2466 numquam
835 2416 869 2453 ei
902 2423 940 2452 ut
980 2416 1017 2453 in
1056 2415 1160 2452 malis
1199 2415 1318 2465 posito
1355 2415 1648 2452 consolationem

203 2473 470 2517 adhibiturum,
502 2470 567 2508 sed
592 2472 713 2521 potius
745 2477 783 2507 ut
804 2471 1090 2521 pulcherrimum
1121 2478 1157 2508 et
1175 2470 1482 2520 gloriosissimum
1507 2470 1649 2507 facinus

204 2528 355 2567 obeunti
385 2527 668 2578 gratulaturum.
713 2526 998 2579 Nonnumquam
1024 2528 1134 2565 etiam
1161 2526 1231 2563 hoe
1257 2526 1444 2577 posterius
1475 2524 1649 2577 loquendi

281 2683 325 2720 ετξ)
345 2683 415 2714 vid.
436 2684 517 2712 Mur.
539 2683 619 2718 Ono.
640 2684 728 2712 Tom.
751 2683 773 2712 1.
793 2689 864 2718 pag.
887 2683 949 2712 293
968 2691 1016 2719 sq.
1041 2683 1115 2713 315.

281 2744 351 2779 §.z-ere]
371 2745 430 2772 Est
449 2743 540 2777 epist.
561 2744 684 2772 LXVII.
724 2742 770 2773 Cf.
792 2742 905 2772 Mureti
926 2745 1030 2773 schol.
1056 2743 1089 2772 in
1109 2745 1183 2773 Seu.
1206 2743 1284 2778 opp.
1306 2744 1395 2772 Tom.
1415 2740 1468 2772 ΠΙ.
1489 2748 1560 2777 pag.
1579 2741 1631 2771 59.

282 2803 375 2839 ειε-ιὶεείε)
396 2811 426 2832 ν.
448 2803 510 2832 119
529 2811 576 2839 sq.
597 2803 650 2832 ubi
670 2810 752 2832 nunc
771 2802 887 2837 legitur
906 2810 1003 2832 coena
1022 2804 1127 2832 sedet:
1146 2804 1264 2840 yremz'o
1284 2805 1344 2832 cet.
1442 2840 1445 2845 .

283 2863 328 2899 †)
349 2865 401 2892 111.
421 2863 451 2898 2,
472 2864 509 2892 51
527 2870 594 2898 sqq.
626 2862 763 2893 Restitui
780 2863 878 2893 ve.ba
890 2863 1003 2892 comici
1017 2863 1050 2893 in
1066 2864 1143 2894 Var.
1159 2864 1245 2892 Lect.
1266 2863 1354 2892 editt.
1375 2861 1493 2891 misere
1512 2862 1649 2891 turbata.
