1726 3106
151 101 230 136 vm

151 203 251 250 dum
290 201 394 249 mihi
428 217 526 249 esse
563 200 815 260 videbatur,
850 205 899 248 nt
931 199 1035 248 vitia
1061 202 1140 249 illa
1176 201 1298 267 quasi
1333 220 1414 267 per
1444 220 1595 253 manus

151 270 330 331 tradita,
366 275 571 333 quantum
604 269 701 315 fieri
731 274 897 331 posset,
927 269 1205 330 tollerentur,
1240 277 1284 318 et
1313 288 1414 318 vero
1445 273 1595 332 etiam,

151 339 227 384 ubi
263 338 413 384 vitium
455 337 501 382 in
539 341 691 399 aperto
738 351 825 381 non
860 341 1002 395 esset,
1051 336 1348 401 discrepantes
1383 339 1595 387 lectiones

151 409 450 452 cnotarentur.
506 402 724 451 Nimirum
757 402 935 450 Mureto
971 404 1057 466 ipsi
1091 412 1257 452 tantum
1290 412 1389 453 octo
1426 407 1596 470 priores

148 473 288 519 libros
322 470 526 518 Venetiis
561 487 586 517 a
620 468 857 517 MDLIX.
892 470 938 516 in
973 471 1114 518 lucem
1152 474 1351 520 emittere
1391 474 1595 536 contigit,

148 540 288 586 libros
314 545 498 602 septem,
527 538 601 602 qui
624 537 831 600 deinceps
852 538 1074 600 leguntur,
1109 537 1427 604 Cbristophoro
1451 540 1595 587 Plan-

149 608 241 654 tino
264 611 444 654 curante
469 612 567 653 octo
587 605 685 652 istis
707 605 1208 669 prioribusAntverpiae
1230 624 1270 655 a.
1283 607 1597 656 MDLXXX.

149 674 371 734 adiectos,
407 674 601 736 reliquos
634 680 820 736 quatuor
854 673 1099 736 quindecim
1136 677 1261 722 annis
1299 682 1395 739 post
1428 676 1596 722 Mureti

149 742 312 789 obitum
343 757 429 787 una
454 757 550 787 cum
574 739 943 788 Observationum
966 741 1082 787 Iuris
1113 742 1264 789 libello
1291 760 1369 806 per
1390 743 1458 789 M.
1481 743 1596 790 Vel-

147 826 290 856 serum
303 809 531 871 Augustae
544 807 876 855 Vindelicorum
900 824 938 854 a.
957 807 1112 855 MDC.
1135 811 1299 872 publici
1321 811 1430 857 iuris
1452 811 1594 857 factos

148 893 244 924 esse
271 882 459 924 constat.
522 875 576 922 In
603 875 670 921 his
698 874 964 922 editionibus
992 876 1177 938 aliisque
1207 878 1409 941 quicquid
1439 894 1594 941 opera-

146 961 242 991 rum
275 943 479 991 socordia
512 948 739 1007 peecatum
770 948 861 1002 est,
892 958 1031 1006 neque
1057 943 1352 991 Rulmkenius
1388 961 1443 991 ex
1478 946 1596 992 omni

146 1017 272 1075 parte
309 1010 518 1071 removit,
563 1026 703 1074 neque
738 1009 958 1069 WolfiuS‚
996 1011 1068 1074 qui
1106 1028 1242 1058 novae
1278 1012 1483 1059 editionis
1516 1029 1597 1060 su-

145 1079 393 1143 perioribus
427 1078 715 1125 accuratioris
750 1082 795 1125 et
829 1078 1038 1125 auctioris
1077 1080 1273 1126 volumen
1311 1080 1445 1142 prius,
1480 1080 1595 1143 quod

147 1147 201 1193 ad
248 1146 550 1194 duodecimum
591 1145 812 1210 procurrit
845 1146 1032 1205 librum,
1079 1147 1255 1208 prodire
1297 1148 1424 1194 iussit
1466 1148 1594 1196 Halis

146 1214 375 1262 Saxonum
411 1230 452 1261 a.
475 1212 944 1260 MDCCLXXXXI.
1005 1213 1122 1272 Quid
1153 1214 1266 1277 quod
1295 1220 1474 1278 uterque
1507 1232 1595 1263 nou

147 1283 287 1329 solum
325 1283 522 1344 singulas
559 1298 714 1341 voces,
764 1280 841 1328 sed
877 1281 1074 1344 integros
1111 1298 1259 1329 versus
1294 1284 1430 1330 semel
1465 1290 1595 1347 atque

101 1349 105 1353 “
144 1351 301 1396 iterum
338 1349 630 1413 praetermitti
675 1364 830 1413 passus
876 1354 958 1395 est.
1028 1347 1177 1396 Sarsit
1223 1350 1306 1397 hoc
1349 1351 1596 1398 incommo-

146 1418 264 1477 dum,
302 1418 376 1481 qui
407 1417 590 1479 triginta
625 1417 724 1478 plus
761 1416 886 1462 annis
915 1416 1190 1464 intermissae
1217 1417 1378 1464 Wolfii
1414 1419 1596 1466 editioni

144 1486 274 1531 finem
318 1485 526 1549 imposuit
570 1483 699 1531 Halis
741 1482 1198 1531 MDCCCXXVHI.
1253 1492 1383 1548 atque
1426 1486 1595 1534 Mureti

145 1554 277 1599 verba
302 1552 356 1598 ad
381 1552 545 1616 optima
567 1551 812 1599 emendavit
836 1552 1122 1615 exemplaria,
1144 1552 1333 1599 Ioannes
1356 1553 1595 1602 Huldricus

146 1620 359 1680 Faesius,
405 1620 637 1667 Helvetus.
715 1618 807 1667 Sed
848 1619 1010 1679 redeo,
1058 1619 1173 1666 unde
1218 1620 1439 1682 digressus
1484 1638 1596 1669 sum.

146 1687 336 1735 Correxi
382 1687 580 1752 equidem
626 1691 866 1751 praeeunte
901 1686 1062 1734 Faesio
1102 1688 1357 1735 manifestos
1405 1705 1596 1750 errores,

144 1756 312 1803 intacta
340 1756 526 1818 reliqui,
563 1771 672 1818 quae
698 1771 754 1801 ex
784 1754 1052 1802 inconstanti
1081 1755 1302 1802 nominum
1328 1756 1594 1820 quorundam

145 1824 389 1887 scriptura,
420 1829 466 1871 ut
495 1822 729 1885 Ulysses
763 1827 807 1869 et
836 1820 1063 1882 UlixeS,
1099 1823 1348 1884 fluxerunt,
1385 1830 1460 1870 aut
1485 1841 1596 1888 quae

147 1891 340 1939 currenti
378 1890 572 1938 auctoris
617 1891 786 1936 calamo
825 1890 1046 1938 excidisse
1090 1890 1300 1938 credibile
1336 1897 1429 1951 est,
1477 1893 1598 1940 velut

145 1959 224 2006 lib.
249 1958 390 2006 XIII.
425 1974 521 2023 cap.
553 1958 619 2004 20
645 1958 741 2005 init.
778 1973 879 2020 pag.
905 1959 1019 2005 302.
1055 1959 1128 2004 ubi
1153 1957 1284 2004 Nilus
1319 1959 1364 2004 in
1393 1960 1596 2008 maximis

146 2025 356 2089 Europae
401 2026 651 2073 fluminibus
695 2031 973 2085 numeratur,
1032 2030 1075 2072 et
1117 2026 1194 2072 lib.
1231 2025 1366 2073 XIV.
1413 2043 1510 2090 cap.
1545 2026 1596 2076 4.

146 2110 249 2159 pag.
277 2093 393 2142 308.
427 2093 503 2140 ubi
540 2093 604 2139 vir
633 2093 821 2156 optimus
851 2109 898 2141 se
930 2093 1081 2141 risisse
1117 2092 1250 2152 dicit,
1286 2110 1396 2156 quae
1421 2094 1597 2143 Plinius

147 2162 287 2210 maior
319 2161 371 2209 de
402 2162 566 2208 bonaso
593 2160 866 2208 Poloniae
895 2161 1070 2224 (nempe
1098 2161 1270 2208 volebat
1294 2161 1596 2225 Paeoniae)

148 2228 395 2277 tradiderit.
465 2228 590 2276 Haec
626 2233 670 2275 et
699 2229 788 2275 alia
822 2227 867 2274 id
903 2245 1040 2290 genus
1077 2229 1266 2275 breviter
1299 2230 1596 2292 perstringere

149 2312 275 2361 quam
306 2297 439 2344 tacite
470 2301 636 2343 mutare
668 2296 806 2343 satius
837 2295 996 2356 habui,
1030 2295 1234 2360 quoniam
1258 2313 1325 2343 me
1357 2314 1441 2343 non
1470 2298 1596 2359 latet,

148 2365 309 2413 multos
338 2364 553 2427 hodieque
583 2363 796 2422 inveniri,
829 2365 902 2426 qui
933 2380 1061 2429 quum
1090 2379 1192 2410 vera
1217 2364 1421 2426 cupiant,
1451 2370 1596 2412 tamen

147 2426 348 2479 ridiculis
398 2430 655 2495 quibusdam
705 2433 931 2480 erroribus
981 2431 1107 2496 quasi
1139 2437 1362 2492 Lvetustate
1405 2433 1597 2493 sancitis

150 2515 301 2547 carere
336 2499 491 2547 nolint.

249 2566 301 2613 In
337 2567 433 2630 ipsa
469 2565 750 2612 adnotatione
793 2566 1033 2628 legentium
1076 2564 1374 2612 commoditati
1416 2566 1598 2612 consul·-

148 2638 248 2680 tui-0
284 2634 391 2681 mihi
436 2633 520 2680 duo
557 2633 830 2695 potissimum
865 2639 990 2680 erant
1033 2634 1243 2680 curanda.
1310 2634 1382 2679 Ac
1411 2634 1597 2696 primum

149 2700 322 2764 quidem
356 2701 623 2762 investigare
651 2706 694 2747 et
726 2701 1052 2748 accuratissime
1077 2700 1272 2747 indicare
1299 2700 1444 2747 studui
1470 2702 1598 2747 loco-

146 2784 243 2815 rum
290 2768 445 2829 sedes,
501 2785 609 2832 quos
653 2773 701 2816 ut
736 2768 987 2816 emendaret
1031 2769 1102 2816 vel
1146 2768 1391 2833 explicaret
1439 2769 1507 2816 vel
1542 2767 1598 2816 ad
