1778 3096
170 1831 231 1863 231

256 107 340 151 268
819 108 942 147 VAR.
975 106 1130 147 LECT.

257 221 429 259 desieris.
490 217 562 257 Cui
594 218 677 269 ipse
708 224 838 269 postea
877 215 1003 255 addit:
1043 219 1180 264 Dices,
1222 218 1404 270 quomodo
1431 221 1506 257 ista
1538 225 1612 257 tam
1641 220 1697 257 di-

255 289 366 315 versa
389 275 543 326 puriter
579 273 698 312 sunt?
751 275 811 312 Ita
845 280 923 319 est,
964 274 1018 310 mi
1045 275 1180 312 Lucili.
1242 276 1331 313 Cum
1359 275 1561 312 videantur
1589 275 1698 312 dissi-

257 333 364 377 dere,
395 331 593 369 coniuncta
620 335 721 367 sunt.
785 328 1096 379 Quemadmodum
1124 329 1249 367 eudem
1279 337 1416 368 eatena
1444 337 1483 368 et
1509 330 1697 367 custodem

256 393 295 425 et
321 387 473 424 militem
503 386 677 435 copulat:
717 385 773 422 sie
803 386 902 432 ista,
943 397 1037 434 quae
1072 390 1146 421 tam
1177 385 1370 424 dissimilia
1401 392 1515 431 sunt,
1546 386 1700 435 pariter

256 441 448 480 incedunt.
510 438 585 478 Sed
623 440 661 476 in
701 439 757 477 bis
789 440 984 490 postremis
1022 439 1147 476 verbis
1177 452 1304 478 omnes
1344 440 1526 478 editiones
1567 439 1700 489 depra-

255 502 365 534 vatae
398 501 498 533 sunt.
558 494 646 533 Non
684 495 781 532 enim
815 496 1004 533 custodem
1034 493 1230 544 legendum
1261 502 1340 542 est,
1378 494 1442 534 sed
1473 497 1696 533 custodiam.

256 551 457 589 Vocabant
485 557 607 589 autem
636 551 826 588 custodias
855 563 940 588 reos
970 550 1089 600 ipSOS,
1120 551 1181 599 qui
1211 550 1277 588 sub
1310 550 1479 589 custodia
1510 557 1631 596 erant,
1660 556 1701 587 ut

257 604 429 658 atibiffl:
474 608 564 645 Cum
593 606 843 644 adveheretur
873 608 972 644 inter
999 606 1190 643 custodias
1219 607 1366 656 quidam
1397 607 1449 644 ad
1475 608 1700 644 matutinum

256 663 512 712 spectaculum
542 663 689 700 missus.
747 659 800 698 Et
827 673 941 712 saepe
972 661 1024 697 ita
1052 661 1236 711 accipitur
1267 661 1334 699 hoc
1365 673 1498 699 nomen
1530 662 1568 700 in
1595 661 1702 700 libris

256 717 351 755 iuris
381 717 516 756 civilis.
577 716 774 755 Dabantur
801 725 921 754 autem
951 716 1033 754 fere
1063 716 1241 754 militibus
1270 715 1520 756 custodiendi.

753 860 1045 900 CAPUT
1099 860 1205 900 VII.

395 941 452 978 De
476 939 646 991 piscibus
673 940 932 978 subterraneis
961 941 1152 977 emendati
1177 941 1341 979 Senecae
1372 940 1450 978 loci
1476 939 1564 977 duo.

259 1032 498 1088 IMMENSAM
524 1048 706 1101 quandam
732 1062 909 1100 aquarum
932 1050 1005 1088 vim
1034 1050 1070 1087 in
1093 1049 1349 1088 subterraneis
1377 1047 1562 1100 specubus
1583 1047 1702 1085 latere

259 1106 469 1157 philosophi
509 1105 676 1151 tradunt,
730 1118 824 1156 quae
873 1106 983 1143 etiam
1031 1105 1213 1143 interdum
1261 1111 1456 1156 erumpant
1503 1115 1704 1154 secumque

260 1175 432 1212 magnam
462 1161 616 1212 piscium
649 1160 916 1198 multitudinem
948 1161 1128 1199 efferant:
1175 1167 1340 1199 ceterum
1371 1161 1495 1211 pisces
1527 1159 1632 1205 illos,
1664 1164 1705 1195 ut

260 1217 297 1254 in
327 1217 495 1254 tenebris
526 1217 733 1266 saginatOS,
763 1223 837 1254 tum
867 1224 1020 1267 aspectu
1052 1215 1240 1254 deformes
1270 1223 1380 1267 atque
1409 1213 1598 1260 horridos,
1627 1220 1703 1250 tum

260 1279 409 1322 gustatu
449 1272 581 1309 noxios
621 1284 664 1308 ac
703 1272 917 1308 mortiferos
957 1284 1059 1309 esse.
1127 1271 1170 1309 ln
1210 1270 1325 1308 Caria
1363 1269 1510 1322 quidem
1549 1282 1629 1307 cum
1665 1266 1704 1305 id

260 1326 457 1378 aliquando
488 1327 731 1376 contigisset,
772 1327 991 1377 quicumque
1022 1326 1105 1364 illos
1135 1325 1290 1364 ederant
1321 1327 1468 1377 pisces,
1501 1337 1630 1362 omnes
1657 1322 1705 1361 ad

260 1395 370 1419 unum
404 1383 584 1431 periisse,
624 1382 828 1419 litterarum
870 1382 1115 1419 monumentis
1146 1381 1328 1433 proditum
1360 1387 1432 1419 cst.
1493 1378 1570 1418 Sed
1597 1392 1705 1430 quam

260 1436 308 1474 ad
347 1436 477 1474 urbem
516 1436 553 1473 id
591 1437 795 1485 contigisse
824 1436 973 1474 Seneca
1010 1436 1120 1482 dicit,
1166 1437 1198 1473 is
1241 1438 1337 1474 enim
1376 1436 1486 1473 huius
1524 1435 1704 1472 historiae

260 1499 391 1529 auctor
415 1498 495 1538 est,
541 1492 622 1529 eius
652 1491 756 1528 urbis
793 1504 926 1528 nomen
956 1492 1008 1529 ita
1037 1492 1074 1528 in
1107 1491 1214 1529 libris
1245 1492 1359 1542 ipsius
1390 1496 1603 1540 corruptum
1631 1490 1706 1528 cir-

261 1547 483 1592 cumfertur,
513 1553 551 1583 ut
576 1547 657 1584 sine
690 1553 859 1584 veterum
891 1546 1066 1584 librorum
1092 1559 1162 1597 ope
1190 1546 1252 1584 vix
1281 1546 1461 1597 quispiam
1491 1558 1564 1582 non
1586 1543 1704 1583 dicam

260 1601 308 1640 ad
346 1615 473 1640 verum
510 1602 731 1652 pervenire,
778 1600 846 1639 sed
889 1600 935 1639 (le
972 1600 1105 1640 mendo
1145 1602 1327 1651 suspicari
1365 1607 1491 1652 queat.
1555 1601 1706 1639 Circum

261 1658 442 1707 Myndum
481 1658 575 1695 enim
618 1658 755 1694 Cariae
788 1657 917 1695 urbem
958 1658 1000 1695 id
1032 1658 1195 1695 evenisse
1211 1654 1284 1710 ἢ)
1329 1657 1366 1694 in
1403 1655 1561 1706 vulgatis
1600 1655 1707 1693 libris

262 1713 380 1763 legas.
440 1711 525 1763 Ego
555 1712 641 1749 olim
672 1713 805 1750 librum
837 1719 1004 1750 veterem
1034 1712 1170 1758 habui,
1198 1725 1305 1763 quem
1337 1718 1466 1763 postea
1497 1710 1708 1748 clarissimo

262 1774 301 1806 et
331 1781 414 1806 cum
442 1766 655 1805 incredibili
685 1769 906 1819 omnigenae
922 1765 1023 1820 ᾗζ’ῖῇἳζ)
1054 1766 1276 1806 eruditionis
1307 1767 1437 1818 copia,
1465 1773 1540 1805 tum
1569 1766 1706 1804 virtute

262 1830 372 1874 atque
409 1823 625 1873 integritate
671 1825 877 1874 praestanti
916 1824 1020 1870 viro,
1069 1823 1273 1862 Vincentio
1311 1822 1484 1870 Laureo,
1530 1822 1706 1872 episcopo

262 1877 560 1925 Montisdivitis,
595 1877 692 1916 dono
721 1877 830 1917 dedi:
862 1892 934 1930 quo
963 1879 999 1916 in
1028 1878 1125 1917 libro
1155 1880 1332 1929 scriptum
1363 1884 1466 1924 erat,
1488 1875 1641 1929 saelum
1669 1877 1710 1915 id

263 1935 439 1973 ire-Caria
468 1935 571 1973 eirea
589 1937 735 1973 Iotuma
764 1936 908 1974 urbem.
959 1933 1021 1972 Ex
1047 1947 1118 1985 qua
1142 1934 1276 1972 leviter
1296 1933 1496 1985 depravata
1522 1932 1708 1984 scriptura

263 1990 376 2027 facite
413 1990 560 2027 conieci
608 1989 807 2040 legendum
848 2002 934 2028 esse
979 1991 1085 2028 eirea
1123 1992 1288 2028 Loruma
1326 1989 1454 2028 urbem
1469 1986 1538 2041 †).
1606 1986 1707 2026 Nam

264 2051 304 2082 et
331 2045 368 2081 in
391 2045 551 2095 epitoma
573 2044 754 2095 Stephani
786 2045 832 2084 de
854 2044 1021 2084 Urbibus
1037 2043 1121 2098 ††)
1154 2045 1364 2082 nominatur
1383 2041 1572 2096 Λώρυμα,
1599 2039 1708 2090 πόλις

265 2099 440 2152 Καρίαςε
479 2106 518 2138 et
547 2113 568 2138 a
597 2099 783 2138 Strabone
821 2100 918 2139 libro
945 2100 1058 2139 XIV.
1077 2099 1194 2153 †††)
1233 2107 1270 2137 et
1305 2113 1326 2138 a
1354 2099 1572 2138 Ptolemaeo
1611 2098 1706 2136 libro

341 2257 386 2293 δῖε)
413 2256 515 2291 Epist.
544 2256 595 2285 70.
645 2256 777 2285 Omnino
807 2255 929 2285 obtinet
966 2256 1046 2284 haec
1072 2254 1257 2291 significatio
1286 2255 1319 2284 in
1347 2257 1499 2292 argentea
1525 2254 1708 2285 Latinitatis

266 2297 383 2325 aetate.
422 2296 537 2324 Womr.
557 2309 593 2316 —
632 2294 681 2324 cf.
701 2293 846 2323 Bromius
869 2294 909 2322 ad
930 2295 1018 2323 Suet.
1040 2295 1114 2323 Ner.
1134 2301 1204 2331 cap.
1224 2296 1274 2324 31.
1296 2301 1368 2330 pag.
1387 2293 1461 2324 5³9.
1481 2293 1530 2323 ed.
1549 2295 1606 2324 alt.

342 2354 411 2390 ³1÷÷::-)
433 2355 561 2389 Quaest.
581 2356 652 2384 Nat.
672 2353 725 2383 lib.
746 2355 800 2382 111.
819 2360 889 2389 cap.
912 2353 959 2382 19.

342 2415 435 2450 mm)
458 2415 659 2451 omniomnis,
686 2413 810 2448 poetica
830 2420 906 2442 vox.
945 2414 982 2441 D.
1004 2414 1041 2442 R.
1064 2428 1100 2434 -
1140 2413 1209 2442 Vid.
1231 2415 1357 2444 Nolten.
1378 2420 1451 2450 pan.
1473 2412 1565 2442 1⁰⁷8.
1601 2412 1708 2442 Mahn.

267 2452 373 2488 Epicr.
393 2454 476 2481 Bibt.
499 2453 577 2482 Crit.
599 2458 670 2486 paz.
692 2451 740 2480 14.
768 2450 888 2487 (Vitat.
908 2457 1007 2479 mear.
1034 2452 1122 2480 Τοιη.
1144 2453 1166 2481 1.
1188 2459 1259 2487 pag.
1282 2451 1383 2487 222).
1422 2454 1652 2480 FainnnMANN.
1673 2463 1710 2471 -

268 2491 390 2519 Gellius
410 2492 446 2518 N.
465 2490 505 2518 A.
525 2490 579 2518 lib.
597 2491 678 2518 le.
699 2496 766 2524 cap.
780 2490 810 2518 6.
828 2488 894 2516 init.
916 2489 1011 2517 habet
1031 2490 1142 2517 librum
1160 2491 1360 2520 doctrinis
1380 2489 1596 2526 omniyenis
1613 2495 1710 2524 prae-

268 2530 418 2562 stantem,
438 2527 492 2556 ubi
513 2528 610 2556 omnis
628 2528 752 2563 generis
771 2526 907 2555 fortasse
927 2527 1105 2561 legendum.

345 2585 390 2626 ᾧ)
410 2586 538 2621 Lipsius
559 2585 645 2616 dedit
660 2587 834 2622 Lorymam‚
855 2586 913 2614 sed
930 2587 1065 2622 Loryma
1085 2593 1167 2616 num.
1191 2586 1306 2622 plurali
1326 2593 1376 2621 ap.
1396 2585 1467 2615 Liv.
1483 2585 1538 2615 lib.
1553 2585 1707 2614 xxxvu.

269 2639 339 2667 cap.
362 2632 412 2661 17.
440 2632 494 2660 lib.
514 2632 609 2661 XLV.
629 2639 698 2666 cap.
724 2631 769 2661 10.
808 2633 845 2660 Et
875 2630 921 2659 sic
944 2633 1055 2659 Graeci
1083 2623 1126 2658 τὰ
1141 2623 1322 2669 Λώρυμα,
1343 2634 1378 2661 ιη
1394 2631 1535 2666 Thucyd.
1555 2631 1608 2659 lib,
1627 2631 1708 2659 vlu.

270 2678 339 2705 cap.
361 2669 411 2699 43.
451 2668 498 2698 Cf.
525 2671 605 2699 Mur.
634 2671 739 2699 schot.
767 2668 799 2698 in
824 2670 900 2698 sen.
922 2669 999 2705 Opp.
1028 2671 1115 2700 Toni.
1137 2672 1188 2701 111.
1218 2678 1289 2707 pag.
1313 2670 1381 2701 128.
1421 2669 1618 2704 Ruukopfius
1637 2670 1666 2697 h.
1687 2669 1709 2697 1.

270 2707 399 2744 scripsit
417 2707 591 2743 Hydissum.

347 2765 419 2805 ἢ)
440 2773 512 2802 pag.
534 2766 605 2802 187,
625 2766 675 2796 28.
697 2766 744 2796 ed.
766 2766 1001 2797 westermann.

348 2825 448 2864 †††)
470 2834 540 2863 pag.
560 2826 632 2858 969-
653 2827 694 2856 A·
