1726 3106
159 122 214 166 34
726 126 851 167 VAR.
883 127 1037 167 LECT.

161 235 246 274 Hoc
278 236 375 274 enim
405 235 516 282 dicit,
562 237 700 287 aliquot
728 237 821 275 alios
852 237 1020 275 Graecos
1053 239 1192 276 similes
1224 251 1309 277 0550
1339 238 1598 286 Callisthenis,

162 290 198 328 id
230 298 310 337 est,
352 305 425 329 non
453 293 575 340 magni
613 293 712 342 ipsos
750 306 893 344 quoque
926 294 1050 356 pretii.
1111 293 1206 332 Nam
1246 293 1342 344 quod
1378 308 1399 331 a
1428 293 1601 333 Manutio

161 345 296 384 dictum
329 347 429 392 scio,
463 346 729 384 Callisthenem
759 349 919 386 locutum
947 350 981 386 in
1010 348 1165 387 historia
1191 363 1263 387 non
1295 350 1503 413 exquisite,
1533 349 1601 388 sed

160 400 341 465 quomodo
376 402 483 452 vulgo
515 402 774 453 Ιοψωιᾘοηωι,
806 405 920 441 mir·01
945 404 1039 441 unde
1065 403 1101 440 id
1129 406 1350 468 sumpserit3
1380 418 1461 443 curn
1484 405 1601 455 ipsius

160 458 300 507 sciipta
330 471 399 494 non
431 464 582 494 extent:
627 457 762 496 Cicero
794 467 915 496 autem
943 460 1023 510 ipse
1052 458 1201 511 alibi&
1233 461 1330 506 aiat,
1373 473 1455 498 eum
1484 473 1601 510 paene

160 512 349 549 rhetoiico
380 526 481 550 more
516 514 706 550 historiam
738 516 949 565 scripsisse.
1010 514 1208 552 Dissentio
1237 517 1347 553 eliam
1385 515 1432 552 ab
1468 514 1601 553 eodem

159 568 195 604 in
233 580 303 613 eo,
343 567 438 619 quod
470 570 688 618 capt'tlalen,
734 583 909 619 gravem,
953 576 990 607 et
1027 570 1147 620 capita
1184 583 1307 608 rerum
1337 572 1599 621 attingentem,

158 624 325 672 exponit.
386 623 566 667 Primum,
599 625 766 674 quoniam
791 625 821 661 si
843 625 1022 663 Philistus
1043 625 1164 676 capita
1187 625 1296 663 modo
1315 639 1439 663 rerum
1460 627 1599 676 attigit,

158 677 266 727 plane
296 678 508 730 Thucydidi
540 681 669 716 similis
700 694 772 717 non
804 681 881 717 suit.
942 680 1081 718 Fuisse
1110 687 1253 726 autem,
1287 689 1325 718 et
1353 680 1493 718 Cicero
1522 681 1598 727 hic,

158 740 195 769 et
230 733 325 770 libro
364 733 527 771 secundo
566 734 611 770 dc
645 736 711 771 Ου’
713 742 805 773 tore
825 734 873 759 *2³
867 736 925 787 ),
968 742 1006 772 et
1033 734 1188 773 Marcus
1225 736 1365 773 Fabius
1404 737 1499 774 libro
1536 735 1602 773 de-

158 788 254 825 cimo
270 786 345 813 ‘¹2⁶³st
339 788 370 838 )
402 788 521 829 docet.
580 790 754 827 Omnium
787 798 907 828 autem
940 791 1076 841 optime
1112 804 1155 828 ac
1188 791 1479 829 luculentissime
1507 790 1602 828 Dio-

157 844 286 894 nysius
323 843 639 881 Hwilicainasseus
659 844 736 896 †),
789 847 893 882 cuius
930 845 1045 883 verba
1092 846 1221 883 melius
1264 847 1337 884 erit
1381 846 1598 884 ascribere:

156 911 237 935 eum
270 906 307 935 et
336 898 530 935 admodum
562 900 778 949 pervulgata
814 914 885 937 non
919 901 1019 946 sint,
1064 908 1102 937 et
1132 900 1218 938 illud
1248 900 1469 947 ostendant,
1509 901 1601 938 Phi-

156 953 279 990 listum
323 967 442 1003 neque
475 967 624 1003 gravem
666 956 808 1000 fnisse,
850 955 915 992 sed
955 956 1125 993 humilem
1164 963 1201 993 et
1228 956 1437 994 abiectum:
1480 969 1601 1007 neque

155 1009 275 1058 capita
302 1008 409 1046 modo
441 1022 564 1046 rernm
596 1010 787 1060 attigisse,
820 1010 885 1047 sed
917 1012 1037 1061 potins
1066 1024 1111 1049 eo
1138 1012 1286 1049 nomine
1314 1011 1600 1061 reprehensum,

154 1063 251 1113 quod
291 1064 327 1101 in
360 1063 674 1114 descriptionibus
712 1065 928 1116 quibusdam
970 1080 1084 1116 prope
1115 1067 1246 1104 otiosis
1284 1068 1392 1104 nimis
1429 1067 1602 1104 immor-¹-

154 1126 274 1156 retur.
352 1119 529 1165 Φίλιστος
560 1117 600 1158 δὲ
630 1135 793 1171 μιμιίτης
824 1119 900 1159 ἐστι
933 1121 1200 1170 Θουκυδίδου,
1247 1121 1316 1169 ἔξω
1347 1124 1417 1161 τοῦ
1452 1118 1601 1172 ἧθους·

153 1170 197 1213 τὸ
228 1171 296 1224 μὲν
326 1191 398 1227 γαρ
423 1171 627 1225 ἐλευθεοον
651 1175 715 1214 καὶ
740 1191 984 1239 φρονηματος
1014 1174 1169 1227 μεστόν·
1201 1180 1314 1216 τοῦτο
1343 1175 1384 1216 δὲ
1411 1181 1602 1229 θεοαπευ-

152 1226 261 1268 τικὸν
287 1232 355 1280 τῆς
375 1227 571 1280 τυράννων
597 1229 662 1269 καὶ
686 1228 808 1270 ἄλλων
836 1233 1062 1279 πλεονεξίας
1103 1229 1263 1283 ἐζηλωκε
1291 1230 1332 1271 δὲ
1356 1235 1508 1283 ποῶτον
1533 1230 1603 1283 μὲν

153 1280 196 1323 τὸ
228 1280 299 1335 τὴν
328 1282 519 1324 υπόθεσιν
547 1282 659 1336 chem]
691 1290 930 1335 καταλιπεῖν,
961 1284 1026 1326 τὸν
1052 1284 1169 1326 αὐτὸν
1194 1287 1325 1327 ἐκείνω
1356 1284 1520 1339 τρόπον,
1553 1284 1600 1327 οὗ

152 1354 230 1390 μην
261 1336 354 1378 ἀλλὰ
387 1340 452 1380 καὶ
479 1337 549 1392 τὴν
580 1337 738 1388 ἀταξίαν
763 1339 882 1381 αὐτοῦ
912 1358 979 1393 της
1011 1343 1231 1393 οἰκονομίας
1262 1342 1327 1382 καὶ
1363 1343 1601 1394 δυςπαοακο-

152 1388 348 1445 λούθητον
380 1410 450 1447 την
487 1396 745 1464 ποαγματείαν
775 1400 820 1452 τῇ
849 1395 1023 1464 συγχύσει
1063 1401 1139 1437 τῶν
1166 1398 1375 1450 εἰοημένων
1403 1398 1599 1449 πεποίηκε.

153 1465 222 1500 της
253 1448 294 1489 δὲ
327 1450 463 1498 λέξεως
490 1466 532 1490 το
564 1449 632 1502 μὲν
658 1450 969 1518 γλωσσνῑματικὸν
1003 1454 1068 1492 καὶ
1104 1454 1302 1506 πεοίεργον
1333 1451 1406 1493 οὐκ
1442 1450 1602 1504 ἐζήλωκε

158 1505 422 1555 Θουκυδίδου,
453 1502 495 1545 τὸ
524 1505 565 1545 δὲ
590 1504 816 1574 στρογγύλον
838 1507 903 1547 καὶ
923 1504 1074 1547 πυκνὸν
1095 1508 1160 1547 καὶ
1190 1507 1346 1548 εὔτονον
1371 1507 1437 1548 καὶ
1461 1506 1600 1562 ἐναγώ-

152 1575 238 1600 mov
267 1558 371 1600 πάνυ
412 1558 579 1613 ἀκριβῶς
610 1559 849 1613 ἀπεμάξατο·
890 1578 937 1602 ου
968 1560 1045 1614 μὴν
1077 1560 1220 1613 ομοίως
1255 1579 1326 1615 την
1360 1565 1602 1632 καλλιλογίαν

152 1615 219 1655 καὶ
253 1613 324 1667 τὴν
352 1614 562 1667 σεμνότητα
597 1617 663 1656 καὶ
697 1615 768 1668 τὴν
802 1615 1002 1667 ἀφθονίαν
1036 1621 1112 1657 τῶν
1143 1616 1426 1670 ἐνθυμημάτων
1459 1619 1524 1659 καὶ
1553 1616 1602 1659 τὰ

152 1668 251 1723 βάρη
273 1671 339 1711 καὶ
358 1670 405 1711 τὰ
425 1669 538 1724 πάθη
555 1672 632 1725 Ἠ)
665 1672 730 1711 καὶ
756 1670 847 1719 τοὺς
872 1670 1161 1739 σχηματισμούς.
1204 1672 1338 1727 μικρὸς
1360 1673 1403 1714 δέ
1432 1673 1509 1713 ἔστι
1536 1675 1603 1714 καὶ

152 1724 332 1773 ταπεινὸς
346 1728 486 1778 κομιδη
506 1732 588 1774 ταῖς
611 1725 839 1793 ἐκφράσεσιν
858 1725 944 1780 ἦτοι
965 1726 1104 1777 τόπων,
1125 1726 1152 1795 fij
1172 1733 1405 1781 ναυμαχιῶν,
1427 1726 1455 1780 ἢ
1476 1733 1601 1778 πεζῶν

152 1779 419 1834 παρατάξεων,
461 1780 690 1834 ἢοίκισμοῦ
724 1780 880 1823 πόλεων.
922 1781 1011 1824 ουδὲ
1050 1781 1074 1824 ὁ
1100 1783 1221 1852 λόγος
1246 1788 1300 1839 τῷ
1339 1784 1494 1838 μεγέθει
1530 1789 1600 1825 τοῦ

151 1852 372 1890 πραγματος
400 1837 597 1885 ἐξισοῦται.
631 1835 786 1885 συνετὸς
805 1839 943 1890 μέντοι,
970 1855 1036 1879 και
1060 1837 1156 1879 κατὰ
1182 1837 1252 1892 τὴν
1276 1840 1478 1893 εομηνείαν
1501 1841 1600 1880 Θου-

152 1893 316 1931 κυδίδου
342 1890 439 1945 πρὸς
467 1908 555 1940 τους
587 1891 747 1945 ἀληθεῖς
777 1891 927 1959 ἀγῶνας
959 1892 1255 1947 ὧφελιμωτερος.
1322 1897 1428 1934 Haec
1467 1897 1596 1947 igitui,

153 1960 222 1985 cur
251 1948 286 1985 ei
317 1947 557 1986 declarationi
589 1963 661 1986 non
693 1952 901 1996 assentiar,
946 1965 1017 1987 una
1046 1964 1178 1988 caussa
1204 1959 1284 1989 est:
1323 1952 1464 1998 altera,
1503 1951 1599 2001 quod

154 2015 289 2040 nomen
323 2005 497 2053 eapttalt‘s
534 2016 614 2041 eam
658 2005 728 2041 vim
769 2006 906 2043 habere
935 2006 1030 2056 apud
1057 2005 1213 2043 Latinos
1244 2020 1314 2043 non
1351 2014 1453 2057 puto.
1513 2006 1598 2054 Quo

153 2057 215 2104 fit,
259 2064 298 2094 ut
335 2058 404 2095 hoc
439 2059 520 2095 loco
557 2060 755 2108 capitalem
791 2061 967 2110 accipiam
1008 2062 1264 2110 ingeniosum,
1306 2069 1369 2108 et,
1414 2069 1452 2098 ut
1488 2062 1597 2112 paulo

153 2119 237 2163 post
265 2112 424 2159 dicitur,
467 2121 632 2150 acutum.
694 2113 734 2151 Id
763 2122 883 2152 autem
927 2115 1088 2153 valuisse
1125 2116 1342 2153 vocabulum
1380 2116 1469 2154 illud
1501 2116 1597 2167 apud

90 2180 133 2211 38
152 2174 324 2214 veteres,
364 2167 475 2206 docet
505 2168 661 2206 Ovidius
691 2169 785 2206 libro
816 2171 928 2207 terlio
959 2170 1156 2208 Fastorum
1172 2170 1314 2223 †††),
1355 2173 1415 2222 qui
1446 2171 1492 2210 de
1520 2172 1596 2209 Mi-

154 2236 269 2261 nerva
309 2231 414 2274 capta
451 2223 644 2261 disserens
685 2225 891 2276 multasque
921 2226 1001 2263 eius
1040 2227 1299 2276 appellationis
1329 2239 1480 2264 caussas
1511 2240 1598 2277 pro-

153 2278 281 2316 ferens
322 2278 416 2317 hanc
454 2279 608 2329 primam
647 2281 773 2330 ponit,
825 2281 959 2318 dietam
998 2280 1116 2319 videri
1154 2295 1263 2332 posse
1304 2289 1446 2332 captam
1489 2283 1595 2333 quasi

154 2335 377 2385 capitalem,
427 2333 523 2384 quod
562 2335 759 2385 ingeniosa
794 2336 856 2373 sit.
929 2336 1103 2383 Versus,
1156 2337 1288 2388 quibus
1331 2350 1375 2375 ca
1411 2338 1598 2376 sententia

154 2389 389 2436 continetur,
422 2388 460 2426 hi
490 2396 598 2427 sunt:

227 2545 271 2581 ἢ)
292 2546 331 2576 de
352 2546 437 2575 Orat.
457 2545 512 2575 lib.
532 2547 571 2574 11.
591 2552 659 2581 cap.
682 2545 730 2576 14.
751 2546 783 2583 ς.
803 2548 853 2576 58.

225 2604 292 2641 *³20
313 2612 381 2641 cap.
404 2607 452 2634 13.
473 2606 504 2642 S.
524 2605 576 2635 57.

223 2663 316 2700 *ts-2³)
336 2667 412 2694 Inst.
434 2665 519 2694 Orat.
541 2671 609 2700 cap.
632 2666 660 2694 1.
681 2665 713 2701 S.
735 2665 785 2694 74.

223 2723 268 2762 †)
290 2726 337 2753 De
357 2727 434 2754 vett.
455 2725 576 2761 scriptt.
597 2725 690 2754 indic.
712 2726 800 2753 Tom.
821 2724 860 2753 V.
882 2729 953 2758 pag.
975 2723 1047 2754 426.
1067 2724 1178 2753 Reisk.

221 2787 294 2826 ᾗ.)
314 2791 348 2818 Ῑῃ
369 2790 495 2819 Ruhnk„
516 2789 591 2820 edit,
612 2792 712 2820 verba
731 2785 791 2818 καὶ
814 2781 858 2817 τὰ
880 2780 983 2825 πάθη
1005 2790 1200 2820 exciderunt.

219 2846 320 2885 ††-2-)
341 2856 371 2877 v.
393 2849 454 2878 837
474 2857 541 2885 sqq.
