<?xml version="1.0" encoding="UTF-8"?>
<!DOCTYPE html PUBLIC "-//W3C//DTD XHTML 1.0 Transitional//EN"
    "http://www.w3.org/TR/xhtml1/DTD/xhtml1-transitional.dtd">
<html xmlns="http://www.w3.org/1999/xhtml" xml:lang="en" lang="en">
 <head>
  <title>
</title>
<meta http-equiv="Content-Type" content="text/html;charset=utf-8" />
  <meta name='ocr-system' content='tesseract 3.04.00' />
  <meta name='ocr-capabilities' content='ocr_page ocr_carea ocr_par ocr_line ocrx_word'/>
</head>
<body>
  <div class='ocr_page' id='page_1' title='image "./operaomniaexmssa03mureuoft/operaomniaexmssa03mureuoft_0513.png"; bbox 0 0 1778 3096; ppageno 0'>
   <div class='ocr_carea' id='block_1_1' title="bbox 460 158 1483 203">
    <p class='ocr_par' dir='ltr' id='par_1_1' title="bbox 460 158 1483 203">
     <span class='ocr_line' id='line_1_1' title="bbox 460 158 1483 203; baseline 0 -4"><span class='ocrx_word' id='word_1_1' title='bbox 460 161 559 203; x_wconf 72' lang='grc' dir='ltr'><strong>ΜΒ.</strong></span> <span class='ocrx_word' id='word_1_2' title='bbox 590 160 723 202; x_wconf 85' lang='lat' dir='ltr'><strong>XVII.</strong></span> <span class='ocrx_word' id='word_1_3' title='bbox 783 161 902 200; x_wconf 82' lang='lat' dir='ltr'><strong>CAP.</strong></span> <span class='ocrx_word' id='word_1_4' title='bbox 928 160 1059 200; x_wconf 85' lang='lat' dir='ltr'>XVII.</span> <span class='ocrx_word' id='word_1_5' title='bbox 1402 158 1483 200; x_wconf 72' lang='lat'><strong>415</strong></span> 
     </span>
    </p>
   </div>
   <div class='ocr_carea' id='block_1_2' title="bbox 45 272 907 376">
    <p class='ocr_par' dir='ltr' id='par_1_2' title="bbox 45 272 907 376">
     <span class='ocr_line' id='line_1_2' title="bbox 45 272 761 322; baseline -0.004 -11"><span class='ocrx_word' id='word_1_6' title='bbox 45 275 90 311; x_wconf 80' lang='lat' dir='ltr'><strong>In</strong></span> <span class='ocrx_word' id='word_1_7' title='bbox 119 272 341 311; x_wconf 57' lang='lat' dir='ltr'><strong>membranis</strong></span> <span class='ocrx_word' id='word_1_8' title='bbox 363 273 592 322; x_wconf 77' lang='lat' dir='ltr'><strong>perveluslz‘s</strong></span> <span class='ocrx_word' id='word_1_9' title='bbox 620 273 761 322; x_wconf 77' lang='lat' dir='ltr'><strong>reperi,</strong></span> 
     </span>
     <span class='ocr_line' id='line_1_3' title="bbox 319 338 907 376; baseline -0.007 0"><span class='ocrx_word' id='word_1_10' title='bbox 319 339 445 376; x_wconf 71' lang='lat' dir='ltr'><strong>Prima</strong></span> <span class='ocrx_word' id='word_1_11' title='bbox 474 351 554 375; x_wconf 71' lang='lat' dir='ltr'><strong>cam</strong></span> <span class='ocrx_word' id='word_1_12' title='bbox 588 345 631 376; x_wconf 80' lang='lat' dir='ltr'><strong>ut</strong></span> <span class='ocrx_word' id='word_1_13' title='bbox 658 338 694 373; x_wconf 75' lang='lat'><strong>2&#39;11</strong></span> <span class='ocrx_word' id='word_1_14' title='bbox 717 348 907 373; x_wconf 73' lang='lat' dir='ltr'><strong>erremus.-</strong></span> 
     </span>
    </p>
   </div>
   <div class='ocr_carea' id='block_1_3' title="bbox 47 411 1491 789">
    <p class='ocr_par' dir='ltr' id='par_1_3' title="bbox 47 411 1491 789">
     <span class='ocr_line' id='line_1_4' title="bbox 47 411 1491 465; baseline -0.004 -12"><span class='ocrx_word' id='word_1_15' title='bbox 47 422 90 453; x_wconf 66' lang='grc' dir='ltr'><strong>αἱ</strong></span> <span class='ocrx_word' id='word_1_16' title='bbox 111 417 161 452; x_wconf 74' lang='lat' dir='ltr'><strong>sit</strong></span> <span class='ocrx_word' id='word_1_17' title='bbox 180 415 335 465; x_wconf 78' lang='lat' dir='ltr'><strong>prima</strong></span> <span class='ocrx_word' id='word_1_18' title='bbox 365 427 418 450; x_wconf 79' lang='lat' dir='ltr'><strong>cu</strong></span> <span class='ocrx_word' id='word_1_19' title='bbox 429 427 461 450; x_wconf 87' lang='lat' dir='ltr'><strong>m</strong></span> <span class='ocrx_word' id='word_1_20' title='bbox 488 427 560 464; x_wconf 72' lang='lat' dir='ltr'><strong>pro</strong></span> <span class='ocrx_word' id='word_1_21' title='bbox 587 426 681 451; x_wconf 79' lang='lat' dir='ltr'><strong>cum</strong></span> <span class='ocrx_word' id='word_1_22' title='bbox 704 414 856 462; x_wconf 77' lang='lat' dir='ltr'><strong>prima</strong></span> <span class='ocrx_word' id='word_1_23' title='bbox 887 413 1016 457; x_wconf 70' lang='lat' dir='ltr'><strong>lace3</strong></span> <span class='ocrx_word' id='word_1_24' title='bbox 1047 411 1146 461; x_wconf 81' lang='lat' dir='ltr'><strong>quod</strong></span> <span class='ocrx_word' id='word_1_25' title='bbox 1165 424 1286 460; x_wconf 71' lang='lat' dir='ltr'><strong>genus</strong></span> <span class='ocrx_word' id='word_1_26' title='bbox 1312 411 1491 461; x_wconf 71' lang='lat' dir='ltr'><strong>loquendi</strong></span> 
     </span>
     <span class='ocr_line' id='line_1_5' title="bbox 48 465 1486 520; baseline -0.003 -15"><span class='ocrx_word' id='word_1_27' title='bbox 48 471 150 520; x_wconf 76' lang='lat' dir='ltr'><strong>apud</strong></span> <span class='ocrx_word' id='word_1_28' title='bbox 170 470 328 507; x_wconf 68' lang='lat' dir='ltr'><strong>Nonium</strong></span> <span class='ocrx_word' id='word_1_29' title='bbox 360 471 396 505; x_wconf 73' lang='lat' dir='ltr'><strong>in</strong></span> <span class='ocrx_word' id='word_1_30' title='bbox 422 471 579 518; x_wconf 73' lang='lat' dir='ltr'><strong>quodam</strong></span> <span class='ocrx_word' id='word_1_31' title='bbox 612 475 767 505; x_wconf 78' lang='lat' dir='ltr'><strong>auctore</strong></span> <span class='ocrx_word' id='word_1_32' title='bbox 790 481 847 504; x_wconf 85' lang='lat' dir='ltr'><strong>me</strong></span> <span class='ocrx_word' id='word_1_33' title='bbox 878 468 1012 516; x_wconf 73' lang='lat' dir='ltr'><strong>legisse</strong></span> <span class='ocrx_word' id='word_1_34' title='bbox 1037 469 1235 503; x_wconf 73' lang='lat' dir='ltr'><strong>recordor.</strong></span> <span class='ocrx_word' id='word_1_35' title='bbox 1288 467 1372 503; x_wconf 83' lang='lat' dir='ltr'>Sint</span> <span class='ocrx_word' id='word_1_36' title='bbox 1401 465 1486 502; x_wconf 84' lang='lat' dir='ltr'><strong>illae</strong></span> 
     </span>
     <span class='ocr_line' id='line_1_6' title="bbox 49 521 1486 573; baseline -0.003 -12"><span class='ocrx_word' id='word_1_37' title='bbox 49 524 283 562; x_wconf 73' lang='lat' dir='ltr'><strong>membranae</strong></span> <span class='ocrx_word' id='word_1_38' title='bbox 314 536 381 573; x_wconf 88' lang='lat' dir='ltr'><strong>per</strong></span> <span class='ocrx_word' id='word_1_39' title='bbox 411 537 467 560; x_wconf 88' lang='lat' dir='ltr'><strong>me</strong></span> <span class='ocrx_word' id='word_1_40' title='bbox 497 525 555 561; x_wconf 87' lang='lat' dir='ltr'><strong>vel</strong></span> <span class='ocrx_word' id='word_1_41' title='bbox 580 523 777 573; x_wconf 79' lang='lat' dir='ltr'>Ogygiae:</span> <span class='ocrx_word' id='word_1_42' title='bbox 816 534 996 570; x_wconf 86' lang='lat' dir='ltr'><strong>nunquam</strong></span> <span class='ocrx_word' id='word_1_43' title='bbox 1028 528 1182 570; x_wconf 82' lang='lat' dir='ltr'><strong>propter</strong></span> <span class='ocrx_word' id='word_1_44' title='bbox 1210 533 1274 558; x_wconf 87' lang='lat' dir='ltr'><strong>eas</strong></span> <span class='ocrx_word' id='word_1_45' title='bbox 1305 521 1486 565; x_wconf 80' lang='lat' dir='ltr'><strong>adducar,</strong></span> 
     </span>
     <span class='ocr_line' id='line_1_7' title="bbox 49 575 1488 628; baseline -0.003 -12"><span class='ocrx_word' id='word_1_46' title='bbox 49 586 88 616; x_wconf 91' lang='lat' dir='ltr'><strong>ut</strong></span> <span class='ocrx_word' id='word_1_47' title='bbox 118 591 265 616; x_wconf 91' lang='lat' dir='ltr'><strong>versum</strong></span> <span class='ocrx_word' id='word_1_48' title='bbox 299 591 555 628; x_wconf 77' lang='lat' dir='ltr'>corrumpam,</span> <span class='ocrx_word' id='word_1_49' title='bbox 589 581 671 627; x_wconf 81' lang='lat' dir='ltr'><strong>qui,</strong></span> <span class='ocrx_word' id='word_1_50' title='bbox 705 578 823 614; x_wconf 84' lang='lat' dir='ltr'><strong>sicas</strong></span> <span class='ocrx_word' id='word_1_51' title='bbox 858 588 1041 626; x_wconf 78' lang='lat' dir='ltr'><strong>sequare,</strong></span> <span class='ocrx_word' id='word_1_52' title='bbox 1075 577 1230 613; x_wconf 83' lang='lat' dir='ltr'><strong>corruit.</strong></span> <span class='ocrx_word' id='word_1_53' title='bbox 1289 575 1361 612; x_wconf 86' lang='lat' dir='ltr'><strong>Est</strong></span> <span class='ocrx_word' id='word_1_54' title='bbox 1389 576 1488 613; x_wconf 88' lang='lat' dir='ltr'><strong>enim</strong></span> 
     </span>
     <span class='ocr_line' id='line_1_8' title="bbox 47 630 1488 680; baseline -0.003 -10"><span class='ocrx_word' id='word_1_55' title='bbox 47 634 276 678; x_wconf 78' lang='lat' dir='ltr'><strong>trochaicus,</strong></span> <span class='ocrx_word' id='word_1_56' title='bbox 305 640 344 669; x_wconf 83' lang='lat' dir='ltr'><strong>ut</strong></span> <span class='ocrx_word' id='word_1_57' title='bbox 371 635 503 672; x_wconf 86' lang='lat' dir='ltr'><strong>ceteri.</strong></span> <span class='ocrx_word' id='word_1_58' title='bbox 552 632 740 670; x_wconf 87' lang='lat' dir='ltr'><strong>Retinebo</strong></span> <span class='ocrx_word' id='word_1_59' title='bbox 773 632 887 680; x_wconf 82' lang='lat' dir='ltr'><strong>igitur</strong></span> <span class='ocrx_word' id='word_1_60' title='bbox 916 630 1098 680; x_wconf 77' lang='lat' dir='ltr'>vulgatam</span> <span class='ocrx_word' id='word_1_61' title='bbox 1130 631 1368 679; x_wconf 69' lang='lat' dir='ltr'><strong>scripturam,</strong></span> <span class='ocrx_word' id='word_1_62' title='bbox 1394 642 1488 679; x_wconf 86' lang='lat' dir='ltr'><strong>quae</strong></span> 
     </span>
     <span class='ocr_line' id='line_1_9' title="bbox 48 684 1488 739; baseline -0.002 -14"><span class='ocrx_word' id='word_1_63' title='bbox 48 690 129 739; x_wconf 84' lang='lat' dir='ltr'><strong>ipsa</strong></span> <span class='ocrx_word' id='word_1_64' title='bbox 150 701 293 739; x_wconf 85' lang='lat' dir='ltr'><strong>quoque</strong></span> <span class='ocrx_word' id='word_1_65' title='bbox 317 690 481 725; x_wconf 80' lang='lat' dir='ltr'><strong>cariosas</strong></span> <span class='ocrx_word' id='word_1_66' title='bbox 508 695 545 725; x_wconf 87' lang='lat' dir='ltr'><strong>et</strong></span> <span class='ocrx_word' id='word_1_67' title='bbox 565 687 755 725; x_wconf 87' lang='lat' dir='ltr'><strong>edentulas</strong></span> <span class='ocrx_word' id='word_1_68' title='bbox 771 687 819 737; x_wconf 44' lang='grc' dir='ltr'><strong>ἦ)</strong></span> <span class='ocrx_word' id='word_1_69' title='bbox 842 686 990 723; x_wconf 86' lang='lat' dir='ltr'><strong>chartas</strong></span> <span class='ocrx_word' id='word_1_70' title='bbox 1014 693 1185 722; x_wconf 78' lang='lat' dir='ltr'>auctores</span> <span class='ocrx_word' id='word_1_71' title='bbox 1210 685 1333 724; x_wconf 82' lang='lat' dir='ltr'><strong>babet.</strong></span> <span class='ocrx_word' id='word_1_72' title='bbox 1375 684 1488 723; x_wconf 85' lang='lat' dir='ltr'><strong>Nunc</strong></span> 
     </span>
     <span class='ocr_line' id='line_1_10' title="bbox 48 741 1211 789; baseline -0.003 -8"><span class='ocrx_word' id='word_1_73' title='bbox 48 743 96 781; x_wconf 80' lang='lat' dir='ltr'><strong>ad</strong></span> <span class='ocrx_word' id='word_1_74' title='bbox 124 744 209 781; x_wconf 86' lang='lat' dir='ltr'><strong>alia.</strong></span> <span class='ocrx_word' id='word_1_75' title='bbox 270 746 312 782; x_wconf 82' lang='lat' dir='ltr'><strong>In</strong></span> <span class='ocrx_word' id='word_1_76' title='bbox 341 745 491 789; x_wconf 70' lang='lat' dir='ltr'><strong>iisdem,</strong></span> <span class='ocrx_word' id='word_1_77' title='bbox 522 744 573 780; x_wconf 83' lang='lat' dir='ltr'><strong>ait</strong></span> <span class='ocrx_word' id='word_1_78' title='bbox 600 743 822 787; x_wconf 82' lang='lat' dir='ltr'><strong>Turnebus,</strong></span> <span class='ocrx_word' id='word_1_79' title='bbox 857 741 1081 779; x_wconf 74' lang='lat' dir='ltr'><strong>membranis</strong></span> <span class='ocrx_word' id='word_1_80' title='bbox 1110 748 1211 787; x_wconf 78' lang='lat' dir='ltr'><strong>erac,</strong></span> 
     </span>
    </p>
   </div>
   <div class='ocr_carea' id='block_1_4' title="bbox 158 815 1365 871">
    <p class='ocr_par' dir='ltr' id='par_1_4' title="bbox 158 815 1365 871">
     <span class='ocr_line' id='line_1_11' title="bbox 158 815 1365 871; baseline -0.004 -13"><span class='ocrx_word' id='word_1_81' title='bbox 158 822 242 871; x_wconf 77' lang='lat' dir='ltr'><strong>Ego</strong></span> <span class='ocrx_word' id='word_1_82' title='bbox 259 819 387 870; x_wconf 69' lang='lat' dir='ltr'><strong>saxo,</strong></span> <span class='ocrx_word' id='word_1_83' title='bbox 418 821 456 858; x_wconf 81' lang='lat' dir='ltr'><strong>sz&#39;</strong></span> <span class='ocrx_word' id='word_1_84' title='bbox 479 834 551 858; x_wconf 81' lang='lat' dir='ltr'><strong>non</strong></span> <span class='ocrx_word' id='word_1_85' title='bbox 580 821 682 858; x_wconf 76' lang='grc' dir='ltr'><em>ι’ναία</em></span> <span class='ocrx_word' id='word_1_86' title='bbox 712 833 771 865; x_wconf 80' lang='lat' dir='ltr'><strong>es,</strong></span> <span class='ocrx_word' id='word_1_87' title='bbox 801 820 967 856; x_wconf 70' lang='lat' dir='ltr'><strong>ninnium</strong></span> <span class='ocrx_word' id='word_1_88' title='bbox 990 831 1064 868; x_wconf 74' lang='lat' dir='ltr'><strong>pro</strong></span> <span class='ocrx_word' id='word_1_89' title='bbox 1094 824 1129 855; x_wconf 84' lang='lat' dir='ltr'><strong>le</strong></span> <span class='ocrx_word' id='word_1_90' title='bbox 1155 817 1261 854; x_wconf 66' lang='lat' dir='ltr'><strong>(labit</strong></span> <span class='ocrx_word' id='word_1_91' title='bbox 1273 815 1365 867; x_wconf 44' lang='grc' dir='ltr'><strong>ΨΒ).</strong></span> 
     </span>
    </p>
   </div>
   <div class='ocr_carea' id='block_1_5' title="bbox 45 893 1496 1279">
    <p class='ocr_par' dir='ltr' id='par_1_5' title="bbox 45 893 1496 1279">
     <span class='ocr_line' id='line_1_12' title="bbox 50 893 1494 947; baseline -0.004 -11"><span class='ocrx_word' id='word_1_92' title='bbox 50 899 124 936; x_wconf 78' lang='lat' dir='ltr'><strong>Sat</strong></span> <span class='ocrx_word' id='word_1_93' title='bbox 148 899 250 943; x_wconf 72' lang='grc' dir='ltr'><em>εοίο,</em></span> <span class='ocrx_word' id='word_1_94' title='bbox 293 899 462 935; x_wconf 72' lang='lat' dir='ltr'><strong>ninnium</strong></span> <span class='ocrx_word' id='word_1_95' title='bbox 498 899 690 947; x_wconf 76' lang='lat' dir='ltr'><strong>equuleum</strong></span> <span class='ocrx_word' id='word_1_96' title='bbox 728 897 916 934; x_wconf 69' lang='lat' dir='ltr'><strong>interdum</strong></span> <span class='ocrx_word' id='word_1_97' title='bbox 950 896 1105 933; x_wconf 71' lang='lat' dir='ltr'><strong>Graecis</strong></span> <span class='ocrx_word' id='word_1_98' title='bbox 1142 894 1385 944; x_wconf 63' lang='lat' dir='ltr'><strong>szgvtficare,</strong></span> <span class='ocrx_word' id='word_1_99' title='bbox 1425 893 1494 930; x_wconf 80' lang='lat' dir='ltr'><strong>sed</strong></span> 
     </span>
     <span class='ocr_line' id='line_1_13' title="bbox 45 949 1490 1004; baseline -0.003 -14"><span class='ocrx_word' id='word_1_100' title='bbox 45 960 140 1003; x_wconf 76' lang='lat' dir='ltr'><strong>puto</strong></span> <span class='ocrx_word' id='word_1_101' title='bbox 154 950 259 1004; x_wconf 38' lang='grc' dir='ltr'>ἢῆ</span> <span class='ocrx_word' id='word_1_102' title='bbox 293 960 412 990; x_wconf 76' lang='lat' dir='ltr'><strong>cametz</strong></span> <span class='ocrx_word' id='word_1_103' title='bbox 441 953 678 990; x_wconf 73' lang='lat' dir='ltr'><strong>scribendum</strong></span> <span class='ocrx_word' id='word_1_104' title='bbox 710 965 802 997; x_wconf 70' lang='lat' dir='ltr'><strong>esse,</strong></span> <span class='ocrx_word' id='word_1_105' title='bbox 827 953 1016 989; x_wconf 69' lang='lat' dir='ltr'><strong>mumdum</strong></span> <span class='ocrx_word' id='word_1_106' title='bbox 1043 963 1114 1000; x_wconf 79' lang='lat' dir='ltr'><strong>pro</strong></span> <span class='ocrx_word' id='word_1_107' title='bbox 1144 957 1178 987; x_wconf 82' lang='lat' dir='ltr'><strong>te</strong></span> <span class='ocrx_word' id='word_1_108' title='bbox 1207 950 1326 994; x_wconf 72' lang='lat' dir='ltr'><strong>dabit,</strong></span> <span class='ocrx_word' id='word_1_109' title='bbox 1352 949 1392 986; x_wconf 86' lang='lat' dir='ltr'><strong>z&#39;d</strong></span> <span class='ocrx_word' id='word_1_110' title='bbox 1419 955 1490 994; x_wconf 79' lang='lat' dir='ltr'><strong>est,</strong></span> 
     </span>
     <span class='ocr_line' id='line_1_14' title="bbox 53 1002 1494 1058; baseline -0.003 -13"><span class='ocrx_word' id='word_1_111' title='bbox 53 1015 89 1046; x_wconf 80' lang='lat' dir='ltr'><strong>te</strong></span> <span class='ocrx_word' id='word_1_112' title='bbox 118 1010 280 1058; x_wconf 71' lang='lat' dir='ltr'><strong>pecunia</strong></span> <span class='ocrx_word' id='word_1_113' title='bbox 320 1021 389 1045; x_wconf 76' lang='lat' dir='ltr'><strong>sua</strong></span> <span class='ocrx_word' id='word_1_114' title='bbox 421 1008 610 1045; x_wconf 72' lang='lat' dir='ltr'><strong>le&#39;berabt&#39;t.</strong></span> <span class='ocrx_word' id='word_1_115' title='bbox 673 1006 757 1057; x_wconf 84' lang='lat' dir='ltr'><strong>Ego</strong></span> <span class='ocrx_word' id='word_1_116' title='bbox 794 1020 882 1043; x_wconf 86' lang='lat' dir='ltr'><strong>vero</strong></span> <span class='ocrx_word' id='word_1_117' title='bbox 924 1007 983 1043; x_wconf 82' lang='lat' dir='ltr'><strong>hic</strong></span> <span class='ocrx_word' id='word_1_118' title='bbox 1020 1018 1139 1056; x_wconf 85' lang='lat' dir='ltr'><strong>neque</strong></span> <span class='ocrx_word' id='word_1_119' title='bbox 1181 1002 1494 1054; x_wconf 10' lang='lat' dir='ltr'><strong>ninniumbffiuid</strong></span> 
     </span>
     <span class='ocr_line' id='line_1_15' title="bbox 52 1058 1494 1113; baseline -0.004 -13"><span class='ocrx_word' id='word_1_120' title='bbox 52 1064 149 1100; x_wconf 85' lang='lat' dir='ltr'><strong>enim</strong></span> <span class='ocrx_word' id='word_1_121' title='bbox 177 1063 247 1099; x_wconf 89' lang='lat' dir='ltr'><strong>huc</strong></span> <span class='ocrx_word' id='word_1_122' title='bbox 278 1063 455 1112; x_wconf 80' lang='lat' dir='ltr'><strong>equuleus</strong></span> <span class='ocrx_word' id='word_1_123' title='bbox 486 1062 719 1113; x_wconf 73' lang='lat' dir='ltr'><strong>pertinet?),</strong></span> <span class='ocrx_word' id='word_1_124' title='bbox 754 1074 873 1112; x_wconf 86' lang='lat' dir='ltr'><strong>neque</strong></span> <span class='ocrx_word' id='word_1_125' title='bbox 903 1062 1091 1099; x_wconf 79' lang='lat' dir='ltr'><strong>mmmlum</strong></span> <span class='ocrx_word' id='word_1_126' title='bbox 1124 1061 1222 1109; x_wconf 80' lang='lat' dir='ltr'><strong>lego.</strong></span> <span class='ocrx_word' id='word_1_127' title='bbox 1274 1059 1316 1096; x_wconf 87' lang='lat' dir='ltr'><strong>Si</strong></span> <span class='ocrx_word' id='word_1_128' title='bbox 1344 1058 1494 1096; x_wconf 91' lang='lat' dir='ltr'><strong>numulo</strong></span> 
     </span>
     <span class='ocr_line' id='line_1_16' title="bbox 52 1113 1496 1167; baseline -0.003 -12"><span class='ocrx_word' id='word_1_129' title='bbox 52 1131 126 1155; x_wconf 89' lang='lat' dir='ltr'><strong>uno</strong></span> <span class='ocrx_word' id='word_1_130' title='bbox 156 1118 307 1155; x_wconf 87' lang='lat' dir='ltr'><strong>liberari</strong></span> <span class='ocrx_word' id='word_1_131' title='bbox 341 1119 522 1167; x_wconf 79' lang='lat' dir='ltr'><strong>potuisset</strong></span> <span class='ocrx_word' id='word_1_132' title='bbox 545 1116 836 1167; x_wconf 83' lang='lat' dir='ltr'><strong>Adelphasium,</strong></span> <span class='ocrx_word' id='word_1_133' title='bbox 869 1130 941 1153; x_wconf 93' lang='lat' dir='ltr'><strong>non</strong></span> <span class='ocrx_word' id='word_1_134' title='bbox 972 1115 1032 1153; x_wconf 86' lang='lat' dir='ltr'><strong>diu</strong></span> <span class='ocrx_word' id='word_1_135' title='bbox 1068 1117 1275 1152; x_wconf 82' lang='lat' dir='ltr'><strong>scrviissct.</strong></span> <span class='ocrx_word' id='word_1_136' title='bbox 1335 1113 1496 1151; x_wconf 84' lang='lat' dir='ltr'><strong>Dixerat</strong></span> 
     </span>
     <span class='ocr_line' id='line_1_17' title="bbox 52 1168 1496 1224; baseline -0.004 -14"><span class='ocrx_word' id='word_1_137' title='bbox 52 1173 161 1224; x_wconf 88' lang='lat' dir='ltr'><strong>paulo</strong></span> <span class='ocrx_word' id='word_1_138' title='bbox 197 1180 281 1210; x_wconf 80' lang='lat' dir='ltr'><strong>ante</strong></span> <span class='ocrx_word' id='word_1_139' title='bbox 309 1172 602 1222; x_wconf 79' lang='lat' dir='ltr'><strong>Agorastocles,</strong></span> <span class='ocrx_word' id='word_1_140' title='bbox 645 1172 714 1209; x_wconf 91' lang='lat' dir='ltr'><strong>sibi</strong></span> <span class='ocrx_word' id='word_1_141' title='bbox 752 1171 850 1208; x_wconf 88' lang='lat' dir='ltr'><strong>domi</strong></span> <span class='ocrx_word' id='word_1_142' title='bbox 888 1184 973 1208; x_wconf 86' lang='lat' dir='ltr'><strong>esse</strong></span> <span class='ocrx_word' id='word_1_143' title='bbox 1005 1179 1204 1208; x_wconf 83' lang='lat' dir='ltr'><strong>sexcentos</strong></span> <span class='ocrx_word' id='word_1_144' title='bbox 1243 1182 1373 1207; x_wconf 87' lang='lat' dir='ltr'><strong>numos</strong></span> <span class='ocrx_word' id='word_1_145' title='bbox 1403 1168 1496 1205; x_wconf 90' lang='lat' dir='ltr'><strong>Phi-</strong></span> 
     </span>
     <span class='ocr_line' id='line_1_18' title="bbox 52 1227 1496 1279; baseline -0.003 -14"><span class='ocrx_word' id='word_1_146' title='bbox 52 1229 184 1279; x_wconf 85' lang='lat' dir='ltr'><strong>lippos.</strong></span> <span class='ocrx_word' id='word_1_147' title='bbox 236 1228 400 1264; x_wconf 89' lang='lat' dir='ltr'><strong>Rctineo</strong></span> <span class='ocrx_word' id='word_1_148' title='bbox 430 1229 543 1278; x_wconf 80' lang='lat' dir='ltr'><strong>igitur</strong></span> <span class='ocrx_word' id='word_1_149' title='bbox 574 1227 633 1265; x_wconf 89' lang='lat' dir='ltr'><strong>hic</strong></span> <span class='ocrx_word' id='word_1_150' title='bbox 664 1240 807 1277; x_wconf 88' lang='lat' dir='ltr'><strong>quoque</strong></span> <span class='ocrx_word' id='word_1_151' title='bbox 838 1227 1018 1276; x_wconf 74' lang='lat' dir='ltr'><strong>vulgatam</strong></span> <span class='ocrx_word' id='word_1_152' title='bbox 1051 1228 1289 1276; x_wconf 70' lang='lat' dir='ltr'><strong>scripturam,</strong></span> <span class='ocrx_word' id='word_1_153' title='bbox 1324 1236 1416 1274; x_wconf 86' lang='lat' dir='ltr'><strong>quae</strong></span> <span class='ocrx_word' id='word_1_154' title='bbox 1448 1235 1496 1260; x_wconf 77' lang='lat' dir='ltr'><strong>no</strong></span> 
     </span>
    </p>
   </div>
   <div class='ocr_carea' id='block_1_6' title="bbox 53 1277 1498 1375">
    <p class='ocr_par' dir='ltr' id='par_1_6' title="bbox 53 1277 1498 1375">
     <span class='ocr_line' id='line_1_19' title="bbox 53 1277 1498 1334; baseline -0.003 -14"><span class='ocrx_word' id='word_1_155' title='bbox 53 1283 132 1334; x_wconf 90' lang='lat' dir='ltr'><strong>ipsa</strong></span> <span class='ocrx_word' id='word_1_156' title='bbox 161 1281 306 1333; x_wconf 90' lang='lat' dir='ltr'><strong>quidem</strong></span> <span class='ocrx_word' id='word_1_157' title='bbox 338 1283 556 1332; x_wconf 81' lang='lat' dir='ltr'><strong>fugientium</strong></span> <span class='ocrx_word' id='word_1_158' title='bbox 589 1289 627 1319; x_wconf 82' lang='lat' dir='ltr'><strong>et</strong></span> <span class='ocrx_word' id='word_1_159' title='bbox 654 1283 944 1319; x_wconf 80' lang='lat' dir='ltr'><strong>exolescentium</strong></span> <span class='ocrx_word' id='word_1_160' title='bbox 978 1281 1156 1318; x_wconf 89' lang='lat' dir='ltr'><strong>librorum</strong></span> <span class='ocrx_word' id='word_1_161' title='bbox 1186 1279 1402 1317; x_wconf 84' lang='lat' dir='ltr'><strong>testimonio</strong></span> <span class='ocrx_word' id='word_1_162' title='bbox 1430 1277 1498 1316; x_wconf 81' lang='lat' dir='ltr'><strong>(le-</strong></span> 
     </span>
     <span class='ocr_line' id='line_1_20' title="bbox 55 1338 293 1375; baseline -0.004 0"><span class='ocrx_word' id='word_1_163' title='bbox 55 1338 180 1375; x_wconf 85' lang='lat' dir='ltr'><strong>stituta</strong></span> <span class='ocrx_word' id='word_1_164' title='bbox 211 1344 293 1375; x_wconf 84' lang='lat' dir='ltr'><strong>est:</strong></span> 
     </span>
    </p>
   </div>
   <div class='ocr_carea' id='block_1_7' title="bbox 53 1399 1496 1455">
    <p class='ocr_par' dir='ltr' id='par_1_7' title="bbox 53 1399 1496 1455">
     <span class='ocr_line' id='line_1_21' title="bbox 53 1399 1496 1455; baseline -0.003 -13"><span class='ocrx_word' id='word_1_165' title='bbox 53 1403 134 1442; x_wconf 84' lang='lat' dir='ltr'><strong>AD.</strong></span> <span class='ocrx_word' id='word_1_166' title='bbox 160 1405 245 1454; x_wconf 77' lang='lat' dir='ltr'><strong>Ego</strong></span> <span class='ocrx_word' id='word_1_167' title='bbox 256 1402 361 1455; x_wconf 67' lang='lat' dir='ltr'><strong>famo</strong></span> <span class='ocrx_word' id='word_1_168' title='bbox 380 1403 473 1440; x_wconf 71' lang='lat' dir='ltr'><strong>sine.</strong></span> <span class='ocrx_word' id='word_1_169' title='bbox 513 1401 613 1440; x_wconf 80' lang='lat' dir='ltr'>MIL.</span> <span class='ocrx_word' id='word_1_170' title='bbox 638 1403 740 1440; x_wconf 72' lang='lat' dir='ltr'><strong>irata</strong></span> <span class='ocrx_word' id='word_1_171' title='bbox 762 1415 801 1440; x_wconf 82' lang='lat' dir='ltr'><strong>es</strong></span> <span class='ocrx_word' id='word_1_172' title='bbox 820 1402 987 1447; x_wconf 74' lang='lat' dir='ltr'><strong>nimium,</strong></span> <span class='ocrx_word' id='word_1_173' title='bbox 1008 1408 1206 1451; x_wconf 76' lang='lat' dir='ltr'><strong>argentum</strong></span> <span class='ocrx_word' id='word_1_174' title='bbox 1223 1414 1296 1452; x_wconf 79' lang='lat' dir='ltr'><strong>pro</strong></span> <span class='ocrx_word' id='word_1_175' title='bbox 1321 1406 1355 1438; x_wconf 85' lang='lat' dir='ltr'><strong>te</strong></span> <span class='ocrx_word' id='word_1_176' title='bbox 1375 1399 1496 1438; x_wconf 71' lang='lat' dir='ltr'><strong>dabit.</strong></span> 
     </span>
    </p>
   </div>
   <div class='ocr_carea' id='block_1_8' title="bbox 52 1478 1502 1807">
    <p class='ocr_par' dir='ltr' id='par_1_8' title="bbox 52 1478 1502 1807">
     <span class='ocr_line' id='line_1_22' title="bbox 54 1478 1500 1530; baseline -0.003 -12"><span class='ocrx_word' id='word_1_177' title='bbox 54 1480 225 1519; x_wconf 81' lang='lat' dir='ltr'><strong>Minatur</strong></span> <span class='ocrx_word' id='word_1_178' title='bbox 251 1481 347 1518; x_wconf 91' lang='lat' dir='ltr'><strong>enim</strong></span> <span class='ocrx_word' id='word_1_179' title='bbox 378 1481 498 1530; x_wconf 85' lang='lat' dir='ltr'><strong>puella</strong></span> <span class='ocrx_word' id='word_1_180' title='bbox 534 1480 689 1517; x_wconf 85' lang='lat' dir='ltr'><strong>amatori</strong></span> <span class='ocrx_word' id='word_1_181' title='bbox 720 1493 801 1517; x_wconf 90' lang='lat' dir='ltr'><strong>suo.</strong></span> <span class='ocrx_word' id='word_1_182' title='bbox 862 1478 973 1529; x_wconf 81' lang='lat' dir='ltr'><strong>Ego,</strong></span> <span class='ocrx_word' id='word_1_183' title='bbox 1012 1479 1150 1529; x_wconf 86' lang='lat' dir='ltr'><strong>inquit,</strong></span> <span class='ocrx_word' id='word_1_184' title='bbox 1194 1479 1306 1524; x_wconf 78' lang='lat' dir='ltr'><strong>faxo,</strong></span> <span class='ocrx_word' id='word_1_185' title='bbox 1345 1483 1386 1514; x_wconf 89' lang='lat' dir='ltr'><strong>ut</strong></span> <span class='ocrx_word' id='word_1_186' title='bbox 1415 1489 1500 1513; x_wconf 88' lang='lat' dir='ltr'><strong>eum</strong></span> 
     </span>
     <span class='ocr_line' id='line_1_23' title="bbox 56 1532 1499 1587; baseline -0.003 -14"><span class='ocrx_word' id='word_1_187' title='bbox 56 1537 269 1587; x_wconf 85' lang='lat' dir='ltr'><strong>poeniteat,</strong></span> <span class='ocrx_word' id='word_1_188' title='bbox 314 1535 410 1585; x_wconf 90' lang='lat' dir='ltr'><strong>quod</strong></span> <span class='ocrx_word' id='word_1_189' title='bbox 451 1535 538 1572; x_wconf 89' lang='lat' dir='ltr'><strong>mihi</strong></span> <span class='ocrx_word' id='word_1_190' title='bbox 569 1536 684 1572; x_wconf 86' lang='lat' dir='ltr'><strong>verba</strong></span> <span class='ocrx_word' id='word_1_191' title='bbox 715 1542 785 1571; x_wconf 86' lang='lat' dir='ltr'><strong>tam</strong></span> <span class='ocrx_word' id='word_1_192' title='bbox 825 1533 885 1571; x_wconf 84' lang='lat' dir='ltr'><strong>diu</strong></span> <span class='ocrx_word' id='word_1_193' title='bbox 917 1532 1064 1571; x_wconf 84' lang='lat' dir='ltr'><strong>dederit</strong></span> <span class='ocrx_word' id='word_1_194' title='bbox 1100 1535 1180 1570; x_wconf 89' lang='lat' dir='ltr'><strong>sine</strong></span> <span class='ocrx_word' id='word_1_195' title='bbox 1219 1532 1342 1570; x_wconf 93' lang='lat' dir='ltr'><strong>modo.</strong></span> <span class='ocrx_word' id='word_1_196' title='bbox 1401 1532 1499 1569; x_wconf 88' lang='lat' dir='ltr'><strong>Tum</strong></span> 
     </span>
     <span class='ocr_line' id='line_1_24' title="bbox 59 1587 1500 1640; baseline -0.004 -11"><span class='ocrx_word' id='word_1_197' title='bbox 59 1592 93 1629; x_wconf 87' lang='lat' dir='ltr'><strong>ei</strong></span> <span class='ocrx_word' id='word_1_198' title='bbox 119 1590 296 1640; x_wconf 90' lang='lat' dir='ltr'><strong>Milphio,</strong></span> <span class='ocrx_word' id='word_1_199' title='bbox 330 1598 367 1627; x_wconf 90' lang='lat' dir='ltr'><strong>ut</strong></span> <span class='ocrx_word' id='word_1_200' title='bbox 396 1591 521 1627; x_wconf 85' lang='lat' dir='ltr'><strong>iussus</strong></span> <span class='ocrx_word' id='word_1_201' title='bbox 552 1598 648 1637; x_wconf 76' lang='lat' dir='ltr'><strong>erat,</strong></span> <span class='ocrx_word' id='word_1_202' title='bbox 681 1589 953 1626; x_wconf 78' lang='lat' dir='ltr'><strong>subblanditur.</strong></span> <span class='ocrx_word' id='word_1_203' title='bbox 1003 1590 1218 1639; x_wconf 77' lang='lat' dir='ltr'><strong>Argentum</strong></span> <span class='ocrx_word' id='word_1_204' title='bbox 1249 1594 1368 1624; x_wconf 87' lang='lat' dir='ltr'><strong>autem</strong></span> <span class='ocrx_word' id='word_1_205' title='bbox 1405 1587 1500 1624; x_wconf 77' lang='lat' dir='ltr'><strong>dare</strong></span> 
     </span>
     <span class='ocr_line' id='line_1_25' title="bbox 52 1640 1502 1697; baseline -0.003 -14"><span class='ocrx_word' id='word_1_206' title='bbox 52 1660 127 1697; x_wconf 75' lang='lat' dir='ltr'><strong>pro</strong></span> <span class='ocrx_word' id='word_1_207' title='bbox 158 1647 308 1696; x_wconf 72' lang='lat' dir='ltr'><strong>aliquo,</strong></span> <span class='ocrx_word' id='word_1_208' title='bbox 349 1652 412 1682; x_wconf 82' lang='lat' dir='ltr'><strong>aut</strong></span> <span class='ocrx_word' id='word_1_209' title='bbox 434 1659 508 1696; x_wconf 77' lang='lat' dir='ltr'><strong>pro</strong></span> <span class='ocrx_word' id='word_1_210' title='bbox 539 1647 660 1696; x_wconf 76' lang='lat' dir='ltr'><strong>capite</strong></span> <span class='ocrx_word' id='word_1_211' title='bbox 691 1647 873 1690; x_wconf 68' lang='lat' dir='ltr'><strong>alicuius,</strong></span> <span class='ocrx_word' id='word_1_212' title='bbox 917 1643 1013 1681; x_wconf 81' lang='lat' dir='ltr'><strong>unde</strong></span> <span class='ocrx_word' id='word_1_213' title='bbox 1044 1640 1320 1696; x_wconf 70' lang='grc' dir='ltr'><em>ἀργυρώνητοι,</em></span> <span class='ocrx_word' id='word_1_214' title='bbox 1361 1642 1411 1679; x_wconf 87' lang='lat' dir='ltr'><strong>ita</strong></span> <span class='ocrx_word' id='word_1_215' title='bbox 1443 1648 1502 1679; x_wconf 88' lang='lat' dir='ltr'><strong>est</strong></span> 
     </span>
     <span class='ocr_line' id='line_1_26' title="bbox 59 1698 1502 1752; baseline -0.002 -14"><span class='ocrx_word' id='word_1_216' title='bbox 59 1704 97 1738; x_wconf 89' lang='lat' dir='ltr'><strong>in</strong></span> <span class='ocrx_word' id='word_1_217' title='bbox 129 1701 313 1752; x_wconf 78' lang='lat' dir='ltr'><strong>frequenti</strong></span> <span class='ocrx_word' id='word_1_218' title='bbox 344 1714 412 1737; x_wconf 87' lang='lat' dir='ltr'><strong>usu</strong></span> <span class='ocrx_word' id='word_1_219' title='bbox 444 1700 538 1751; x_wconf 87' lang='lat' dir='ltr'><strong>apud</strong></span> <span class='ocrx_word' id='word_1_220' title='bbox 568 1701 754 1743; x_wconf 87' lang='lat' dir='ltr'><strong>comicos,</strong></span> <span class='ocrx_word' id='word_1_221' title='bbox 800 1707 839 1736; x_wconf 89' lang='lat' dir='ltr'><strong>ut</strong></span> <span class='ocrx_word' id='word_1_222' title='bbox 869 1699 1032 1751; x_wconf 85' lang='lat' dir='ltr'><strong>putidum</strong></span> <span class='ocrx_word' id='word_1_223' title='bbox 1071 1701 1120 1736; x_wconf 90' lang='lat' dir='ltr'><strong>sit</strong></span> <span class='ocrx_word' id='word_1_224' title='bbox 1157 1698 1325 1750; x_wconf 84' lang='lat' dir='ltr'><strong>exempla</strong></span> <span class='ocrx_word' id='word_1_225' title='bbox 1363 1710 1502 1748; x_wconf 88' lang='lat' dir='ltr'><strong>conge·-</strong></span> 
     </span>
     <span class='ocr_line' id='line_1_27' title="bbox 60 1754 876 1807; baseline -0.002 -13"><span class='ocrx_word' id='word_1_226' title='bbox 60 1769 160 1794; x_wconf 82' lang='lat' dir='ltr'><strong>rcre.</strong></span> <span class='ocrx_word' id='word_1_227' title='bbox 219 1757 287 1794; x_wconf 87' lang='lat' dir='ltr'><strong>Ait</strong></span> <span class='ocrx_word' id='word_1_228' title='bbox 315 1755 536 1794; x_wconf 83' lang='lat' dir='ltr'><strong>Turnebus:</strong></span> <span class='ocrx_word' id='word_1_229' title='bbox 568 1758 669 1805; x_wconf 78' lang='lat' dir='ltr'><strong>Lego</strong></span> <span class='ocrx_word' id='word_1_230' title='bbox 700 1757 810 1793; x_wconf 69' lang='lat' dir='ltr'><strong>etiam</strong></span> <span class='ocrx_word' id='word_1_231' title='bbox 827 1754 876 1807; x_wconf 45' lang='grc' dir='ltr'><strong>ᾧ)</strong></span> 
     </span>
    </p>
   </div>
   <div class='ocr_carea' id='block_1_9' title="bbox 286 1822 996 1871">
    <p class='ocr_par' dir='ltr' id='par_1_9' title="bbox 286 1822 996 1871">
     <span class='ocr_line' id='line_1_28' title="bbox 286 1822 996 1871; baseline -0.001 -12"><span class='ocrx_word' id='word_1_232' title='bbox 286 1823 361 1871; x_wconf 71' lang='lat' dir='ltr'><strong>Qui</strong></span> <span class='ocrx_word' id='word_1_233' title='bbox 386 1822 478 1860; x_wconf 80' lang='lat' dir='ltr'><strong>bene</strong></span> <span class='ocrx_word' id='word_1_234' title='bbox 506 1823 657 1869; x_wconf 78' lang='lat' dir='ltr'><strong>volunt,</strong></span> <span class='ocrx_word' id='word_1_235' title='bbox 691 1822 784 1859; x_wconf 82' lang='lat' dir='ltr'><strong>bene</strong></span> <span class='ocrx_word' id='word_1_236' title='bbox 813 1823 869 1859; x_wconf 75' lang='lat' dir='ltr'><strong>vis</strong></span> <span class='ocrx_word' id='word_1_237' title='bbox 895 1822 996 1867; x_wconf 77' lang='lat' dir='ltr'><strong>item,</strong></span> 
     </span>
    </p>
   </div>
   <div class='ocr_carea' id='block_1_10' title="bbox 62 1894 1511 2115">
    <p class='ocr_par' dir='ltr' id='par_1_10' title="bbox 62 1894 1511 2115">
     <span class='ocr_line' id='line_1_29' title="bbox 62 1894 1503 1948; baseline -0.004 -11"><span class='ocrx_word' id='word_1_238' title='bbox 62 1913 162 1944; x_wconf 85' lang='lat' dir='ltr'><strong>non,</strong></span> <span class='ocrx_word' id='word_1_239' title='bbox 197 1905 240 1936; x_wconf 80' lang='lat' dir='ltr'><strong>ut</strong></span> <span class='ocrx_word' id='word_1_240' title='bbox 266 1900 401 1948; x_wconf 75' lang='lat' dir='ltr'><strong>vulgo,</strong></span> <span class='ocrx_word' id='word_1_241' title='bbox 436 1899 526 1937; x_wconf 82' lang='lat' dir='ltr'><strong>bene</strong></span> <span class='ocrx_word' id='word_1_242' title='bbox 555 1901 716 1938; x_wconf 72' lang='lat' dir='ltr'><strong>visitent.</strong></span> <span class='ocrx_word' id='word_1_243' title='bbox 777 1898 861 1948; x_wconf 83' lang='lat' dir='ltr'><strong>Ego</strong></span> <span class='ocrx_word' id='word_1_244' title='bbox 891 1911 982 1936; x_wconf 82' lang='lat' dir='ltr'><strong>vero</strong></span> <span class='ocrx_word' id='word_1_245' title='bbox 1015 1898 1083 1936; x_wconf 87' lang='lat' dir='ltr'><strong>bac</strong></span> <span class='ocrx_word' id='word_1_246' title='bbox 1114 1897 1151 1934; x_wconf 91' lang='lat' dir='ltr'><strong>in</strong></span> <span class='ocrx_word' id='word_1_247' title='bbox 1181 1903 1287 1948; x_wconf 85' lang='lat' dir='ltr'><strong>parte</strong></span> <span class='ocrx_word' id='word_1_248' title='bbox 1316 1894 1503 1947; x_wconf 82' lang='lat' dir='ltr'><strong>popularis</strong></span> 
     </span>
     <span class='ocr_line' id='line_1_30' title="bbox 63 1950 1511 2004; baseline -0.003 -12"><span class='ocrx_word' id='word_1_249' title='bbox 63 1967 142 1992; x_wconf 91' lang='lat' dir='ltr'><strong>sum</strong></span> <span class='ocrx_word' id='word_1_250' title='bbox 183 1961 219 1990; x_wconf 86' lang='lat' dir='ltr'><strong>et</strong></span> <span class='ocrx_word' id='word_1_251' title='bbox 248 1954 378 2003; x_wconf 83' lang='lat' dir='ltr'><strong>vulgus</strong></span> <span class='ocrx_word' id='word_1_252' title='bbox 419 1967 567 2004; x_wconf 86' lang='lat' dir='ltr'><strong>sequor.</strong></span> <span class='ocrx_word' id='word_1_253' title='bbox 629 1954 713 1991; x_wconf 87' lang='lat' dir='ltr'><strong>Hoc</strong></span> <span class='ocrx_word' id='word_1_254' title='bbox 753 1956 849 1992; x_wconf 88' lang='lat' dir='ltr'><strong>enim</strong></span> <span class='ocrx_word' id='word_1_255' title='bbox 887 1954 990 2004; x_wconf 87' lang='lat' dir='ltr'><strong>quasi</strong></span> <span class='ocrx_word' id='word_1_256' title='bbox 1026 1952 1263 2004; x_wconf 86' lang='lat' dir='ltr'><strong>proverbium</strong></span> <span class='ocrx_word' id='word_1_257' title='bbox 1308 1958 1386 1989; x_wconf 88' lang='lat' dir='ltr'><strong>est:</strong></span> <span class='ocrx_word' id='word_1_258' title='bbox 1435 1950 1511 1999; x_wconf 76' lang='lat' dir='ltr'><strong>Qui</strong></span> 
     </span>
     <span class='ocr_line' id='line_1_31' title="bbox 63 2007 1502 2060; baseline -0.005 -12"><span class='ocrx_word' id='word_1_259' title='bbox 63 2010 154 2049; x_wconf 77' lang='lat' dir='ltr'><strong>bene</strong></span> <span class='ocrx_word' id='word_1_260' title='bbox 184 2010 337 2054; x_wconf 74' lang='lat' dir='ltr'><strong>volunt,</strong></span> <span class='ocrx_word' id='word_1_261' title='bbox 370 2009 460 2046; x_wconf 80' lang='lat' dir='ltr'><strong>bene</strong></span> <span class='ocrx_word' id='word_1_262' title='bbox 488 2011 660 2048; x_wconf 76' lang='lat' dir='ltr'><strong>visitent.-</strong></span> <span class='ocrx_word' id='word_1_263' title='bbox 699 2008 737 2046; x_wconf 89' lang='lat' dir='ltr'><strong>id</strong></span> <span class='ocrx_word' id='word_1_264' title='bbox 766 2016 844 2055; x_wconf 86' lang='lat' dir='ltr'><strong>est,</strong></span> <span class='ocrx_word' id='word_1_265' title='bbox 876 2010 926 2046; x_wconf 84' lang='lat' dir='ltr'><strong>ita</strong></span> <span class='ocrx_word' id='word_1_266' title='bbox 956 2009 1106 2046; x_wconf 87' lang='lat' dir='ltr'><strong>visitant</strong></span> <span class='ocrx_word' id='word_1_267' title='bbox 1121 2007 1204 2060; x_wconf 72' lang='lat'><strong>††)</strong></span> <span class='ocrx_word' id='word_1_268' title='bbox 1241 2020 1332 2057; x_wconf 89' lang='lat' dir='ltr'><strong>quos</strong></span> <span class='ocrx_word' id='word_1_269' title='bbox 1361 2011 1502 2051; x_wconf 82' lang='lat' dir='ltr'><strong>amant,</strong></span> 
     </span>
     <span class='ocr_line' id='line_1_32' title="bbox 63 2062 1503 2115; baseline -0.003 -13"><span class='ocrx_word' id='word_1_270' title='bbox 63 2072 104 2102; x_wconf 86' lang='lat' dir='ltr'><strong>ut</strong></span> <span class='ocrx_word' id='word_1_271' title='bbox 132 2065 188 2101; x_wconf 68' lang='grc' dir='ltr'><strong>εἰς</strong></span> <span class='ocrx_word' id='word_1_272' title='bbox 220 2063 307 2101; x_wconf 89' lang='lat' dir='ltr'><strong>boni</strong></span> <span class='ocrx_word' id='word_1_273' title='bbox 337 2063 474 2115; x_wconf 88' lang='lat' dir='ltr'><strong>aliquid</strong></span> <span class='ocrx_word' id='word_1_274' title='bbox 505 2065 658 2110; x_wconf 85' lang='lat' dir='ltr'><strong>faciant,</strong></span> <span class='ocrx_word' id='word_1_275' title='bbox 691 2078 780 2110; x_wconf 91' lang='lat' dir='ltr'><strong>non,</strong></span> <span class='ocrx_word' id='word_1_276' title='bbox 813 2072 852 2101; x_wconf 89' lang='lat' dir='ltr'><strong>ut</strong></span> <span class='ocrx_word' id='word_1_277' title='bbox 878 2077 943 2101; x_wconf 89' lang='lat' dir='ltr'><strong>eos</strong></span> <span class='ocrx_word' id='word_1_278' title='bbox 973 2064 1097 2101; x_wconf 87' lang='lat' dir='ltr'><strong>verbis</strong></span> <span class='ocrx_word' id='word_1_279' title='bbox 1127 2062 1299 2100; x_wconf 85' lang='lat' dir='ltr'><strong>inanibus</strong></span> <span class='ocrx_word' id='word_1_280' title='bbox 1327 2067 1503 2112; x_wconf 84' lang='lat' dir='ltr'><strong>pascant:</strong></span> 
     </span>
    </p>
   </div>
   <div class='ocr_carea' id='block_1_11' title="bbox 64 2116 1507 2213">
    <p class='ocr_par' dir='ltr' id='par_1_11' title="bbox 64 2116 1507 2213">
     <span class='ocr_line' id='line_1_33' title="bbox 64 2116 1507 2212; baseline -0.002 -56"><span class='ocrx_word' id='word_1_281' title='bbox 64 2118 160 2212; x_wconf 58' lang='lat' dir='ltr'><strong>qugd</strong></span> <span class='ocrx_word' id='word_1_282' title='bbox 189 2126 227 2156; x_wconf 90' lang='lat' dir='ltr'><strong>tu</strong></span> <span class='ocrx_word' id='word_1_283' title='bbox 255 2119 362 2157; x_wconf 88' lang='lat' dir='ltr'><strong>facis.</strong></span> <span class='ocrx_word' id='word_1_284' title='bbox 422 2119 530 2158; x_wconf 82' lang='lat' dir='ltr'><strong>Haec</strong></span> <span class='ocrx_word' id='word_1_285' title='bbox 559 2133 704 2172; x_wconf 87' lang='lat' dir='ltr'><strong>quoque</strong></span> <span class='ocrx_word' id='word_1_286' title='bbox 735 2121 786 2158; x_wconf 88' lang='lat' dir='ltr'><strong>ita</strong></span> <span class='ocrx_word' id='word_1_287' title='bbox 815 2121 920 2170; x_wconf 85' lang='lat' dir='ltr'><strong>lego,</strong></span> <span class='ocrx_word' id='word_1_288' title='bbox 960 2119 1069 2169; x_wconf 83' lang='lat' dir='ltr'><strong>longe</strong></span> <span class='ocrx_word' id='word_1_289' title='bbox 1099 2119 1233 2164; x_wconf 85' lang='lat' dir='ltr'><strong>aliter,</strong></span> <span class='ocrx_word' id='word_1_290' title='bbox 1274 2130 1381 2168; x_wconf 87' lang='lat' dir='ltr'><strong>quam</strong></span> <span class='ocrx_word' id='word_1_291' title='bbox 1408 2116 1507 2154; x_wconf 89' lang='lat' dir='ltr'><strong>Tur-</strong></span> 
     </span>
     <span class='ocr_line' id='line_1_34' title="bbox 64 2187 204 2213; baseline 0 -1"><span class='ocrx_word' id='word_1_292' title='bbox 64 2187 110 2213; x_wconf 91' lang='lat' dir='ltr'><strong>ne</strong></span> <span class='ocrx_word' id='word_1_293' title='bbox 141 2188 204 2212; x_wconf 88' lang='lat' dir='ltr'><strong>us:</strong></span> 
     </span>
    </p>
   </div>
   <div class='ocr_carea' id='block_1_12' title="bbox 118 2236 1422 2293">
    <p class='ocr_par' dir='ltr' id='par_1_12' title="bbox 118 2236 1422 2293">
     <span class='ocr_line' id='line_1_35' title="bbox 118 2236 1422 2293; baseline -0.003 -14"><span class='ocrx_word' id='word_1_294' title='bbox 118 2243 248 2291; x_wconf 79' lang='lat' dir='ltr'><strong>Atque</strong></span> <span class='ocrx_word' id='word_1_295' title='bbox 278 2240 339 2277; x_wconf 77' lang='lat' dir='ltr'><strong>lzz&#39;c</strong></span> <span class='ocrx_word' id='word_1_296' title='bbox 366 2253 413 2277; x_wconf 82' lang='lat' dir='ltr'><strong>ne</strong></span> <span class='ocrx_word' id='word_1_297' title='bbox 442 2254 498 2278; x_wconf 86' lang='lat' dir='ltr'><strong>me</strong></span> <span class='ocrx_word' id='word_1_298' title='bbox 526 2241 704 2279; x_wconf 78' lang='lat' dir='ltr'><strong>verberet</strong></span> <span class='ocrx_word' id='word_1_299' title='bbox 730 2238 850 2293; x_wconf 69' lang='lat' dir='ltr'><strong>(illud</strong></span> <span class='ocrx_word' id='word_1_300' title='bbox 864 2240 1016 2292; x_wconf 79' lang='lat' dir='ltr'><strong>saciet,</strong></span> <span class='ocrx_word' id='word_1_301' title='bbox 1050 2241 1129 2278; x_wconf 73' lang='lat' dir='ltr'><strong>nisi</strong></span> <span class='ocrx_word' id='word_1_302' title='bbox 1154 2246 1190 2277; x_wconf 84' lang='lat' dir='ltr'><strong>te</strong></span> <span class='ocrx_word' id='word_1_303' title='bbox 1212 2236 1422 2291; x_wconf 74' lang='lat' dir='ltr'><strong>propilio),</strong></span> 
     </span>
    </p>
   </div>
   <div class='ocr_carea' id='block_1_13' title="bbox 120 2294 564 2348">
    <p class='ocr_par' dir='ltr' id='par_1_13' title="bbox 120 2294 564 2348">
     <span class='ocr_line' id='line_1_36' title="bbox 120 2294 564 2348; baseline -0.005 -14"><span class='ocrx_word' id='word_1_304' title='bbox 120 2297 225 2334; x_wconf 73' lang='lat' dir='ltr'><strong>Male</strong></span> <span class='ocrx_word' id='word_1_305' title='bbox 244 2295 418 2345; x_wconf 64' lang='lat' dir='ltr'><strong>formido</strong></span> <span class='ocrx_word' id='word_1_306' title='bbox 432 2294 564 2348; x_wconf 43' lang='grc' dir='ltr'><strong>ἢῆ).</strong></span> 
     </span>
    </p>
   </div>
   <div class='ocr_carea' id='block_1_14' title="bbox 65 2346 1506 2404">
    <p class='ocr_par' dir='ltr' id='par_1_14' title="bbox 65 2346 1506 2404">
     <span class='ocr_line' id='line_1_37' title="bbox 65 2346 1506 2404; baseline -0.003 -16"><span class='ocrx_word' id='word_1_307' title='bbox 65 2349 162 2388; x_wconf 86' lang='lat' dir='ltr'><strong>Nam</strong></span> <span class='ocrx_word' id='word_1_308' title='bbox 202 2349 298 2402; x_wconf 86' lang='lat' dir='ltr'><strong>quod</strong></span> <span class='ocrx_word' id='word_1_309' title='bbox 338 2350 398 2387; x_wconf 89' lang='lat' dir='ltr'><strong>ille</strong></span> <span class='ocrx_word' id='word_1_310' title='bbox 431 2349 673 2389; x_wconf 84' lang='lat' dir='ltr'><strong>secundarum</strong></span> <span class='ocrx_word' id='word_1_311' title='bbox 712 2353 870 2403; x_wconf 87' lang='lat' dir='ltr'><strong>partium</strong></span> <span class='ocrx_word' id='word_1_312' title='bbox 886 2349 934 2404; x_wconf 42' lang='grc' dir='ltr'><strong>ἦ)</strong></span> <span class='ocrx_word' id='word_1_313' title='bbox 970 2351 1007 2388; x_wconf 92' lang='lat' dir='ltr'><strong>in</strong></span> <span class='ocrx_word' id='word_1_314' title='bbox 1042 2350 1099 2388; x_wconf 91' lang='lat' dir='ltr'><strong>his</strong></span> <span class='ocrx_word' id='word_1_315' title='bbox 1129 2348 1299 2387; x_wconf 88' lang='lat' dir='ltr'><strong>omnibus</strong></span> <span class='ocrx_word' id='word_1_316' title='bbox 1328 2346 1506 2386; x_wconf 87' lang='lat' dir='ltr'><strong>Turnebo</strong></span> 
     </span>
    </p>
   </div>
   <div class='ocr_carea' id='block_1_15' title="bbox 68 2457 1507 2532">
    <p class='ocr_par' dir='ltr' id='par_1_15' title="bbox 68 2457 1507 2532">
     <span class='ocr_line' id='line_1_38' title="bbox 145 2457 1507 2495; baseline 0 -9"><span class='ocrx_word' id='word_1_317' title='bbox 145 2457 188 2494; x_wconf 65' lang='lat' dir='ltr'><strong>*J</strong></span> <span class='ocrx_word' id='word_1_318' title='bbox 208 2460 271 2487; x_wconf 90' lang='lat' dir='ltr'><strong>Per</strong></span> <span class='ocrx_word' id='word_1_319' title='bbox 292 2458 393 2487; x_wconf 79' lang='lat' dir='ltr'><strong>iocum</strong></span> <span class='ocrx_word' id='word_1_320' title='bbox 415 2460 539 2487; x_wconf 78' lang='lat' dir='ltr'><strong>chartae</strong></span> <span class='ocrx_word' id='word_1_321' title='bbox 564 2459 708 2489; x_wconf 84' lang='lat' dir='ltr'><strong>dicuntur</strong></span> <span class='ocrx_word' id='word_1_322' title='bbox 727 2461 901 2493; x_wconf 72' lang='lat' dir='ltr'><strong>edentulae,</strong></span> <span class='ocrx_word' id='word_1_323' title='bbox 932 2458 1194 2495; x_wconf 80' lang='lat' dir='ltr'><strong>quemadmodum</strong></span> <span class='ocrx_word' id='word_1_324' title='bbox 1213 2465 1263 2494; x_wconf 84' lang='lat' dir='ltr'><strong>ap.</strong></span> <span class='ocrx_word' id='word_1_325' title='bbox 1284 2459 1388 2488; x_wconf 79' lang='lat' dir='ltr'><strong>Plaut.</strong></span> <span class='ocrx_word' id='word_1_326' title='bbox 1409 2458 1507 2487; x_wconf 83' lang='lat' dir='ltr'><strong>Poen.</strong></span> 
     </span>
     <span class='ocr_line' id='line_1_39' title="bbox 68 2497 1206 2532; baseline 0.001 -7"><span class='ocrx_word' id='word_1_327' title='bbox 68 2497 122 2525; x_wconf 88' lang='lat'>111.</span> <span class='ocrx_word' id='word_1_328' title='bbox 143 2497 174 2532; x_wconf 84' lang='lat'><strong>3,</strong></span> <span class='ocrx_word' id='word_1_329' title='bbox 195 2497 245 2525; x_wconf 84' lang='grc'><strong>86.</strong></span> <span class='ocrx_word' id='word_1_330' title='bbox 266 2498 367 2524; x_wconf 81' lang='lat' dir='ltr'><strong>vinum</strong></span> <span class='ocrx_word' id='word_1_331' title='bbox 387 2498 568 2526; x_wconf 74' lang='lat' dir='ltr'><strong>edentulum.</strong></span> <span class='ocrx_word' id='word_1_332' title='bbox 610 2498 656 2527; x_wconf 84' lang='lat' dir='ltr'><strong>Cf.</strong></span> <span class='ocrx_word' id='word_1_333' title='bbox 677 2497 759 2527; x_wconf 85' lang='lat' dir='ltr'><strong>infra</strong></span> <span class='ocrx_word' id='word_1_334' title='bbox 778 2499 831 2527; x_wconf 79' lang='lat' dir='ltr'><strong>lib.</strong></span> <span class='ocrx_word' id='word_1_335' title='bbox 852 2499 962 2526; x_wconf 83' lang='lat' dir='ltr'><strong>XVlu.</strong></span> <span class='ocrx_word' id='word_1_336' title='bbox 984 2504 1052 2532; x_wconf 83' lang='lat' dir='ltr'><strong>cap.</strong></span> <span class='ocrx_word' id='word_1_337' title='bbox 1072 2499 1101 2526; x_wconf 82' lang='grc'><strong>8.</strong></span> <span class='ocrx_word' id='word_1_338' title='bbox 1123 2500 1206 2526; x_wconf 77' lang='lat' dir='ltr'><strong>extr.</strong></span> 
     </span>
    </p>
   </div>
   <div class='ocr_carea' id='block_1_16' title="bbox 143 2544 1067 2775">
    <p class='ocr_par' dir='ltr' id='par_1_16' title="bbox 144 2544 552 2581">
     <span class='ocr_line' id='line_1_40' title="bbox 144 2544 552 2581; baseline 0.007 -11"><span class='ocrx_word' id='word_1_339' title='bbox 144 2544 213 2579; x_wconf 55' lang='lat' dir='ltr'><strong>{uk-J</strong></span> <span class='ocrx_word' id='word_1_340' title='bbox 233 2545 363 2573; x_wconf 88' lang='lat' dir='ltr'><strong>Poenul.</strong></span> <span class='ocrx_word' id='word_1_341' title='bbox 384 2547 407 2573; x_wconf 85' lang='grc' dir='ltr'><strong>Ι.</strong></span> <span class='ocrx_word' id='word_1_342' title='bbox 429 2546 458 2581; x_wconf 83' lang='grc'><strong>2,</strong></span> <span class='ocrx_word' id='word_1_343' title='bbox 483 2546 552 2574; x_wconf 85' lang='grc'>158.</span> 
     </span>
    </p>

    <p class='ocr_par' dir='ltr' id='par_1_17' title="bbox 143 2591 1067 2679">
     <span class='ocr_line' id='line_1_41' title="bbox 143 2591 1067 2627; baseline 0.003 -9"><span class='ocrx_word' id='word_1_344' title='bbox 143 2592 236 2627; x_wconf 55' lang='lat' dir='ltr'><strong>*aex-J</strong></span> <span class='ocrx_word' id='word_1_345' title='bbox 262 2592 315 2621; x_wconf 78' lang='lat' dir='ltr'><strong>sic</strong></span> <span class='ocrx_word' id='word_1_346' title='bbox 335 2594 510 2622; x_wconf 73' lang='lat' dir='ltr'><strong>Turnebus,</strong></span> <span class='ocrx_word' id='word_1_347' title='bbox 549 2594 585 2621; x_wconf 88' lang='lat' dir='ltr'><strong>In</strong></span> <span class='ocrx_word' id='word_1_348' title='bbox 604 2592 720 2622; x_wconf 87' lang='lat' dir='ltr'><strong>Mureti</strong></span> <span class='ocrx_word' id='word_1_349' title='bbox 740 2593 826 2622; x_wconf 82' lang='lat' dir='ltr'><strong>editt.</strong></span> <span class='ocrx_word' id='word_1_350' title='bbox 845 2591 963 2622; x_wconf 82' lang='lat' dir='ltr'><strong>vitiose</strong></span> <span class='ocrx_word' id='word_1_351' title='bbox 982 2592 1067 2627; x_wconf 77' lang='lat' dir='ltr'><strong>puta.</strong></span> 
     </span>
     <span class='ocr_line' id='line_1_42' title="bbox 146 2639 338 2679; baseline 0.005 -10"><span class='ocrx_word' id='word_1_352' title='bbox 146 2639 192 2679; x_wconf 79' lang='lat'><strong>†)</strong></span> <span class='ocrx_word' id='word_1_353' title='bbox 214 2647 246 2669; x_wconf 91' lang='lat' dir='ltr'><strong>v.</strong></span> <span class='ocrx_word' id='word_1_354' title='bbox 267 2641 338 2670; x_wconf 84' lang='lat'><strong>160.</strong></span> 
     </span>
    </p>

    <p class='ocr_par' dir='ltr' id='par_1_18' title="bbox 145 2687 941 2727">
     <span class='ocr_line' id='line_1_43' title="bbox 145 2687 941 2727; baseline -0.001 -9"><span class='ocrx_word' id='word_1_355' title='bbox 145 2687 219 2727; x_wconf 77' lang='lat'><strong>††]</strong></span> <span class='ocrx_word' id='word_1_356' title='bbox 240 2689 376 2718; x_wconf 73' lang='lat' dir='ltr'><strong>Faesius</strong></span> <span class='ocrx_word' id='word_1_357' title='bbox 396 2688 594 2717; x_wconf 81' lang='lat' dir='ltr'><strong>scribendum</strong></span> <span class='ocrx_word' id='word_1_358' title='bbox 615 2696 690 2717; x_wconf 84' lang='lat' dir='ltr'><strong>esse</strong></span> <span class='ocrx_word' id='word_1_359' title='bbox 709 2688 790 2718; x_wconf 82' lang='lat' dir='ltr'><strong>vidit</strong></span> <span class='ocrx_word' id='word_1_360' title='bbox 809 2688 941 2717; x_wconf 77' lang='lat' dir='ltr'><strong>visitent.</strong></span> 
     </span>
    </p>

    <p class='ocr_par' dir='ltr' id='par_1_19' title="bbox 146 2735 873 2775">
     <span class='ocr_line' id='line_1_44' title="bbox 146 2735 873 2775; baseline -0.004 -9"><span class='ocrx_word' id='word_1_361' title='bbox 146 2735 248 2775; x_wconf 78' lang='lat'>†††)</span> <span class='ocrx_word' id='word_1_362' title='bbox 269 2744 301 2766; x_wconf 89' lang='lat' dir='ltr'><strong>v.</strong></span> <span class='ocrx_word' id='word_1_363' title='bbox 324 2738 392 2766; x_wconf 86' lang='lat'>165.</span> <span class='ocrx_word' id='word_1_364' title='bbox 432 2737 602 2766; x_wconf 81' lang='lat' dir='ltr'><strong>Lambinus</strong></span> <span class='ocrx_word' id='word_1_365' title='bbox 622 2744 691 2766; x_wconf 89' lang='lat' dir='ltr'><strong>cum</strong></span> <span class='ocrx_word' id='word_1_366' title='bbox 712 2738 873 2766; x_wconf 78' lang='lat' dir='ltr'><strong>Turnebo:</strong></span> 
     </span>
    </p>
   </div>
   <div class='ocr_carea' id='block_1_17' title="bbox 290 2774 1286 2858">
    <p class='ocr_par' dir='ltr' id='par_1_20' title="bbox 290 2774 1286 2858">
     <span class='ocr_line' id='line_1_45' title="bbox 290 2774 1286 2823; baseline -0.002 -9"><span class='ocrx_word' id='word_1_367' title='bbox 290 2786 390 2820; x_wconf 76' lang='lat' dir='ltr'><strong>Atque</strong></span> <span class='ocrx_word' id='word_1_368' title='bbox 409 2786 456 2814; x_wconf 78' lang='lat' dir='ltr'><strong>hic</strong></span> <span class='ocrx_word' id='word_1_369' title='bbox 475 2792 513 2814; x_wconf 78' lang='lat' dir='ltr'><strong>ne</strong></span> <span class='ocrx_word' id='word_1_370' title='bbox 533 2792 580 2815; x_wconf 84' lang='lat' dir='ltr'><strong>me</strong></span> <span class='ocrx_word' id='word_1_371' title='bbox 598 2786 755 2822; x_wconf 79' lang='lat' dir='ltr'><strong>verberet,</strong></span> <span class='ocrx_word' id='word_1_372' title='bbox 775 2786 861 2815; x_wconf 78' lang='lat' dir='ltr'><strong>illum</strong></span> <span class='ocrx_word' id='word_1_373' title='bbox 879 2783 991 2823; x_wconf 75' lang='lat' dir='ltr'><strong>saciat,</strong></span> <span class='ocrx_word' id='word_1_374' title='bbox 1013 2784 1073 2813; x_wconf 73' lang='lat' dir='ltr'><strong>nisi</strong></span> <span class='ocrx_word' id='word_1_375' title='bbox 1091 2784 1122 2813; x_wconf 78' lang='lat' dir='ltr'><strong>te</strong></span> <span class='ocrx_word' id='word_1_376' title='bbox 1139 2774 1286 2819; x_wconf 57' lang='lat' dir='ltr'><strong>propicio,</strong></span> 
     </span>
     <span class='ocr_line' id='line_1_46' title="bbox 290 2822 541 2858; baseline 0.004 -7"><span class='ocrx_word' id='word_1_377' title='bbox 290 2824 377 2851; x_wconf 81' lang='lat' dir='ltr'><strong>Male</strong></span> <span class='ocrx_word' id='word_1_378' title='bbox 394 2822 541 2858; x_wconf 78' lang='lat' dir='ltr'><strong>formido.</strong></span> 
     </span>
    </p>
   </div>
   <div class='ocr_carea' id='block_1_18' title="bbox 148 2869 394 2908">
    <p class='ocr_par' dir='ltr' id='par_1_21' title="bbox 148 2869 394 2908">
     <span class='ocr_line' id='line_1_47' title="bbox 148 2869 394 2908; baseline 0.012 -10"><span class='ocrx_word' id='word_1_379' title='bbox 148 2869 192 2908; x_wconf 61' lang='lat' dir='ltr'><strong>*J</strong></span> <span class='ocrx_word' id='word_1_380' title='bbox 212 2870 394 2901; x_wconf 57' lang='lat' dir='ltr'><strong>Lambinus</strong></span> 
     </span>
    </p>
   </div>
   <div class='ocr_carea' id='block_1_19' title="bbox 1519 898 1582 929">
    <p class='ocr_par' dir='ltr' id='par_1_22' title="bbox 1519 898 1582 929">
     <span class='ocr_line' id='line_1_48' title="bbox 1519 898 1582 929; baseline 0 0"><span class='ocrx_word' id='word_1_381' title='bbox 1519 898 1582 929; x_wconf 68' lang='lat'><strong>436</strong></span> 
     </span>
    </p>
   </div>
  </div>
 </body>
</html>
