1726 3106
526 135 628 176 LIB.
662 135 717 175 X.
776 133 897 176 CAP.
926 134 1019 176 XX.
1415 133 1498 175 237

60 251 227 288 Senatus
265 250 303 287 in
341 247 435 286 urbe
477 246 689 285 habebatur
714 246 982 296 Pompeiusque
1007 245 1165 293 aderat,
1206 258 1256 283 ex
1283 244 1399 294 ipsius
1428 256 1496 281 ore
1524 243 1587 274 248

58 305 228 354 Pompeii
257 305 358 341 mz'tlz‘
382 302 596 340 videbatur.
655 299 731 339 Sed
770 301 854 352 quia
892 301 1126 352 perspicuum
1157 307 1237 346 est,
1277 298 1496 349 Pompeium

58 366 147 396 tunc
185 364 418 410 praesentem
455 358 492 393 in
528 355 671 393 Senatu
710 369 782 392 non
824 353 1013 394 adfuisse:
1060 356 1201 394 ideirco
1240 355 1312 392 iam
1351 353 1496 404 pridem

59 414 168 451 homo
207 412 502 457 eruditissimus,
542 410 680 448 Petrus
707 410 928 456 Victorius,
971 411 1093 460 capite
1130 411 1248 461 primo
1279 409 1363 446 libri
1392 409 1497 446 tertii

58 468 255 506 variarum
283 467 481 505 lectionum
510 465 707 516 legendum
738 464 884 503 censuit
911 464 1060 503 aberat.
1120 465 1204 512 Qua
1233 466 1271 503 in
1299 477 1341 502 re
1369 470 1499 502 aucto-

59 523 206 561 ritatem
251 523 367 572 ipsius
400 522 520 559 secuti
558 528 643 558 sunt
678 533 832 566 omnes,
869 533 1023 570 quorum
1060 528 1190 571 postea
1229 521 1268 557 in
1306 520 1362 557 eis
1391 519 1497 556 libris

58 576 299 615 emendandis
335 583 484 614 versata
521 583 579 613 est
616 575 811 613 industria.
871 573 957 624 Ego
992 582 1157 612 veterem
1195 575 1327 613 librum
1359 574 1497 621 habeo,

57 633 94 669 in
134 644 205 682 quo
244 644 365 682 neque
405 633 697 681 aderat‘neque
728 630 863 668 aberat
885 629 1046 680 legitur,
1087 629 1153 668 sed
1183 635 1328 668 averat.
1389 628 1498 676 Quae

58 687 245 736 scriptura
284 687 356 724 etsi
391 686 510 724 videri
550 692 673 735 potest
701 685 923 722 confirmare
954 685 1206 723 coniecturam
1236 684 1417 722 Victorii:
1465 684 1499 720 si

57 740 205 793 quidem
234 740 399 778 librariis
426 741 617 779 veteribus
645 740 737 777 nihil
767 751 884 789 aeque
915 740 1089 777 usitatum
1120 740 1204 786 fuit,
1237 751 1343 790 quam
1372 749 1401 775 v
1430 751 1499 788 pro

56 808 82 834 Β
112 802 150 833 et
176 807 200 833 13
230 808 297 846 pro
332 807 362 832 v
393 797 586 834 scribere:
624 794 715 832 mihi
742 800 865 831 tamen
897 794 1007 843 longe
1037 807 1148 832 secus
1178 793 1339 832 videtur.
1398 792 1498 830 Puto

58 851 155 889 enim
193 850 413 899 legendum,
455 863 494 888 Α.
525 862 566 889 ν.
599 857 709 895 erat,
744 849 864 899 iisque
903 850 1000 887 notis
1036 850 1241 900 significari
1280 849 1333 887 ad
1367 848 1498 886 urbem

57 913 157 944 erat.
219 905 370 944 Etenim
417 912 505 945 tunc
538 905 757 956 Pompeium
797 903 844 942 ad
879 905 1007 942 urbem
1048 906 1193 952 fuisse,
1234 905 1370 942 nemini
1410 915 1497 941 esse

58 961 255 999 obscurum
286 969 435 1012 potest,
477 962 538 1012 qui
568 967 681 998 totam
709 959 806 997 illam
837 960 1009 1009 paginam
1038 961 1188 1011 legerit.
1247 959 1408 999 Memini
1437 970 1497 996 me

58 1016 130 1054 hoc
156 1017 277 1067 ipsum
308 1024 394 1054 ante
424 1017 563 1068 aliquot
590 1028 708 1054 annos
735 1013 855 1052 Paulo
884 1014 1056 1053 Manutio
1086 1015 1214 1053 dicere
1244 1016 1352 1066 eique
1382 1013 1499 1052 vehe-

57 1079 206 1109 menter
251 1071 442 1122 probatam
490 1084 575 1110 6556
612 1071 860 1108 coniecturam
899 1083 1031 1109 meam.
1105 1071 1224 1118 Quam
1262 1069 1407 1121 quidem
1446 1069 1499 1106 ita

58 1140 156 1165 nunc
193 1139 336 1178 quoque
369 1127 562 1177 probatum
601 1127 650 1164 iri
689 1123 835 1163 confido
865 1125 1033 1163 omnibus
1059 1125 1205 1163 idoneis
1234 1124 1498 1165 existimatori-

57 1181 151 1228 bus,
183 1189 223 1219 ut
253 1181 419 1232 pluribus
449 1182 575 1220 verbis
606 1179 895 1221 confirmandam
927 1194 1001 1219 non
1029 1180 1229 1234 putem*).

133 1316 177 1351 xe]
205 1314 413 1344 Recentiores
440 1313 579 1343 editores
606 1315 718 1344 aderat
742 1315 940 1346 retinuerunt
968 1315 1060 1352 eique
1089 1314 1223 1345 eandem
1258 1315 1355 1350 atque
1380 1311 1499 1345 Mureti

57 1353 235 1390 scripturae
255 1353 321 1383 vim
339 1353 447 1383 inesse
466 1353 679 1383 ostenderunt.
717 1355 829 1383 Ffflsi.
