1778 3096
506 120 607 163 LIB.
638 119 753 161 XIV.
813 120 933 161 CAP.
967 121 1060 164 XX.
1427 123 1510 166 325

70 234 294 273 Ciceronem
323 232 441 283 ipsum
469 236 507 269 et
534 229 594 269 Μ.
628 229 833 278 Catonem,
873 244 954 270 cum
985 245 1026 270 se
1054 230 1109 270 ini
1132 231 1169 270 in
1196 231 1342 271 Luculli
1371 231 1505 271 biblio-

69 291 215 327 thecam
242 288 323 326 sine
353 286 504 325 arbitris
531 284 775 324 abdidissent.
826 286 879 324 At
902 288 1012 325 tertia
1030 287 1192 326 Athenis
1221 289 1259 326 in
1281 287 1500 336 Academia,
1528 297 1591 329 389

67 358 149 382 cum
179 344 230 381 ibi
258 355 331 379 una
359 347 488 379 essent
515 339 574 378 M.
608 340 656 388 Q.
688 348 727 379 et
754 340 802 378 L.
835 340 1066 389 Cicerones,
1101 350 1138 380 et
1166 343 1339 389 Atticus,
1381 350 1418 381 et
1448 345 1498 390 is,

67 400 126 437 cui
155 394 365 449 disputandi
396 403 521 446 partes
550 396 783 441 tribuuntur,
824 394 881 433 M.
913 395 1017 434 Piso.
1080 396 1196 436 Certe
1225 399 1340 449 igitur
1368 405 1498 448 aperte

64 460 209 492 constat
238 459 316 489 tres
355 451 435 489 illas
465 450 711 501 diputationes
741 457 778 487 et
808 450 899 487 locis
933 458 972 488 et
1000 453 1226 502 temporibus
1257 460 1294 491 et
1323 453 1498 504 personis

62 521 148 546 esse
178 506 386 544 distinctas.
447 505 499 543 Et
528 513 672 551 tamen,
705 504 859 556 perinde
888 517 931 542 ac
959 506 991 542 si
1020 519 1114 543 unus
1143 515 1181 545 et
1207 508 1326 554 idem,
1363 507 1495 546 iisdem

61 562 321 613 superstitibus
346 561 606 612 praesentibus
620 559 692 613 ἧι),
725 567 763 597 ut
790 561 826 597 in
849 560 1016 598 formulis
1040 560 1228 609 dicebant,
1259 570 1296 600 et
1316 562 1495 600 adversus

59 616 261 668 Epicurum
301 623 340 654 et
375 615 552 654 adversus
578 615 731 653 Stoicos
763 613 1011 666 disputasset,
1053 617 1104 653 ita
1131 615 1223 654 Piso
1253 617 1407 668 loquens
1436 618 1494 656 in-

59 671 207 710 ducitur
222 671 328 723 **):
373 673 553 721 Quoniam
579 672 612 720 τὶ,
597 672 698 708 vetur
725 676 766 707 et
789 671 836 707 tle
868 671 1059 721 voluptate
1088 685 1171 709 eum
1206 674 1415 722 TorquatO,
1455 681 1494 710 et

58 729 104 765 de
132 728 349 772 honestate,
393 727 430 764 in
461 738 535 776 qua
566 738 642 763 una
675 738 779 762 omne
809 725 940 763 bonum
967 733 1200 775 poneretur,
1239 740 1319 764 cum
1352 729 1494 766 Catone

56 789 112 821 est
148 783 403 832 desputatnm:
446 787 484 817 et
521 792 614 832 quae
652 787 869 830 sequuntur.
936 780 1043 818 Haec
1081 781 1114 818 si
1156 780 1295 819 Cicero
1332 782 1412 832 ipse
1452 782 1491 820 in

55 838 245 889 prooemio
275 837 355 874 eius
386 834 470 873 libri
500 848 547 873 ex
577 848 642 872 sua
670 848 829 886 persona
858 834 1023 881 diceret,
1050 836 1142 873 ferri
1172 843 1344 887 possent.
1377 849 1399 874 a
1425 836 1491 874 Pi-

56 905 147 930 sone
185 891 331 944 quidem
361 889 542 941 quomodo
570 897 654 941 apte
687 897 724 928 et
755 891 1024 928 convenienter
1061 889 1135 929 dici
1165 898 1324 942 queant,
1368 904 1489 942 neque

56 947 186 994 video,
226 959 346 998 neque
382 945 511 983 videre
549 958 766 996 quemquam
804 952 907 996 puto.
968 943 1045 983 Sed
1085 953 1189 984 certe
1227 946 1366 984 Cicero
1407 959 1488 984 cum

55 1003 117 1040 illa
147 1002 352 1047 scriberet,
395 1001 530 1037 oblitus
561 1007 662 1045 erat,
697 1014 769 1038 non
802 1011 864 1046 se,
903 999 970 1038 sed
999 1000 1176 1039 Pisonem
1203 1001 1318 1050 loqui.
1378 1000 1489 1048 Quod

55 1059 90 1095 ei
113 1064 187 1095 tum
211 1069 354 1108 quoque
373 1056 576 1105 contigisse
596 1056 772 1104 arbitror,
795 1069 876 1093 cum
903 1055 1034 1093 eodem
1055 1056 1092 1093 in
1115 1056 1210 1094 libro
1223 1054 1325 1107 ἢῆ
1358 1069 1488 1094 versus

54 1113 300 1158 Homericos,
349 1111 480 1161 quibus
520 1111 676 1148 Sirenes
714 1111 861 1148 Ulixem
902 1111 1156 1161 alloquuntur,
1198 1111 1376 1149 Pisonem
1416 1111 1488 1148 sibi

55 1167 276 1204 tribuentem
315 1179 358 1203 ac
387 1164 635 1203 vindicantem
674 1166 778 1203 facit.
838 1165 927 1203 Non
968 1166 1066 1204 enim
1097 1165 1245 1204 dubium
1274 1173 1355 1212 est,
1399 1167 1486 1217 quin

52 1235 118 1261 eos
147 1221 285 1262 Cicero
314 1233 421 1266 suOS,
454 1227 494 1258 ut
521 1228 650 1267 erant,
683 1220 803 1258 videri
833 1221 1004 1259 voluerit.

123 1353 167 1389 *J
187 1356 237 1383 Ex
257 1352 399 1383 Ciceron.
420 1360 476 1388 pro
496 1354 630 1381 Murena
648 1358 717 1387 cap.
741 1352 788 1381 12.
812 1351 846 1387 §-
867 1352 917 1381 26.
956 1349 1004 1381 cf.
1026 1350 1165 1379 ofellius
1184 1351 1225 1380 ad
1245 1352 1276 1381 h.
1295 1352 1316 1381 1.

122 1402 190 1437 ³3:³22)
217 1401 269 1429 lib.
290 1402 328 1430 V.
348 1407 416 1435 cap.
437 1402 466 1430 8.
486 1400 518 1436 S.
539 1401 588 1429 21.
628 1401 689 1429 Sed
718 1400 929 1435 Goerenzius³‚
958 1399 1011 1435 qui
1037 1399 1133 1428 tacite
1160 1400 1292 1429 mutavi(
1325 1400 1485 1435 Quando

48 1441 157 1477 mitur,
188 1442 281 1475 atque
302 1439 440 1468 Orellius
467 1440 567 1468 totum
591 1439 675 1467 hunc
698 1440 803 1467 locum
823 1439 931 1473 utpote
951 1437 1152 1467 subditicium
1179 1438 1268 1468 uncis
1286 1438 1484 1469 circumscri-

48 1479 214 1562 Ρὸωὲᾌξὲ)
234 1531 302 1561 cap.
325 1524 374 1555 18.
394 1523 425 1561 s.
445 1523 496 1553 49.
534 1523 582 1556 cf.
601 1522 748 1553 eremius
767 1523 808 1553 aa
829 1521 895 1554 eie.
915 1523 955 1552 de
974 1524 1056 1554 rato
1077 1529 1149 1559 pag.
1170 1523 1200 1552 2.
