1726 3106
539 143 640 182 [ΗΞ.
675 145 704 184 1.
763 143 879 182 CAP.
910 143 1022 183 XIX.
1449 144 1503 184 25

544 253 830 293 CAPUT
895 253 1017 293 XIX.

168 317 266 366 Quid
292 317 368 357 sihi
394 321 481 358 velit
509 322 611 370 asmd
641 323 854 358 Ciceronem
883 321 918 357 iu
949 320 1126 369 Εμιῖςίοῐιῖς
1156 320 1207 356 ad
1234 320 1406 357 Atticum

442 377 653 425 paslore'ce'a
669 376 831 427 fistula,
866 376 1110 425 explicatum.

69 439 308 497 Cxcmzoms
338 474 359 498 e
391 461 484 499 libro
520 465 637 513 primo
663 463 911 513 Epistolarum
943 462 989 500 ad
1015 460 1241 510 Aufinum&
1274 461 1389 499 verba
1419 468 1505 499 sunt

67 515 185 553 haec:
227 518 358 566 Itaque
394 525 434 555 et
470 519 587 564 melfis,
633 527 669 557 ec
701 518 982 568 glmlt’ntore'bus
1023 519 1217 554 rm'ramlas
1256 515 1506 568 ἐπισημασίας

67 573 149 609 sine
178 571 256 608 ulla
282 574 491 621 pastoricia
516 575 655 624 fistula
685 573 960 624 afferebamus.
1021 572 1104 619 Quo
1139 573 1219 609 loco
1254 571 1506 623 ἐπισημασίας

67 633 173 663 vocat
203 627 377 676 plausus,
412 629 723 674 acclamationes,
764 635 801 665 et
829 629 985 672 similia,
1026 627 1156 678 quibas
1187 628 1342 678 populus
1371 628 1506 665 bonum

67 694 172 718 suum
195 682 354 719 animum
381 695 470 733 erga
498 686 703 735 quempiam
727 684 940 734 significare
966 683 1095 720 solitus
1116 690 1210 728 erat,
1244 690 1280 720 et
1311 683 1504 728 laetitiam,

67 748 173 786 quam
212 750 258 774 ex
291 737 388 774 illins
427 747 578 789 aspectu
611 746 788 790 caperet,
831 737 1047 775 ostendere.
1110 738 1193 775 Hoc
1228 738 1325 774 enim
1367 738 1507 776 Graeci

66 799 200 829 vocant
235 791 455 843 ἐπισημαίνε
459 799 562 833 σθαι.
621 795 672 832 Ut
702 795 793 845 apud
823 794 1021 831 Isoeiatem
1053 793 1087 830 in
1121 792 1505 844 Panathenncoffi).

68 845 147 885 Καὶ
173 849 250 886 τῶν
279 844 403 887 ἄλλων
434 849 546 888 ἰδεῶν
572 850 647 889 τῶν
672 849 712 889 ἐν
743 854 823 895 ταῖς
853 848 1065 900 οητοοείαις
1092 848 1406 898 ὃιαλαιιπουσῶν,
1442 847 1509 887 καὶ

66 905 156 948 τοῦς
179 899 388 950 ἀκούοντας
415 903 735 956 ἐπισημαίνεσθαι
761 921 826 944 και
853 905 1039 955 θορυβεῖν
1067 900 1151 942 ἂνα
1143 905 1370 956 [καζουσῶν.
1431 903 1508 942 Sed

69 957 163 1007 quod
196 958 318 1004 addit,
360 961 439 997 sine
469 963 543 999 ulla
576 962 787 1010 posteriola
808 960 969 1009 salusa,
1020 958 1053 995 id
1087 960 1137 995 ita
1173 958 1338 996 declarat
1369 959 1507 996 Paulus

68 1011 281 1050 Manutius:
314 1013 492 1053 Pastores
522 1017 582 1066 qui
612 1016 729 1052 listula
760 1016 924 1051 scienter
950 1020 1115 1059 utuntur,
1147 1014 1197 1050 ita
1229 1013 1412 1051 interdum
1443 1014 1509 1051 de-

68 1067 228 1113 lectant,
276 1075 314 1105 ut
350 1071 410 1120 qui
450 1070 627 1115 audiunt,
676 1071 891 1106 influentem
930 1069 1102 1106 sensibus
1140 1069 1361 1120 voluptatem
1399 1077 1509 1119 gestu

69 1123 296 1172 significent.
354 1125 406 1161 At
435 1138 523 1169 nos,
564 1125 704 1175 inquit,
741 1124 871 1174 populo
904 1124 951 1160 ita
983 1124 1060 1160 cari
1093 1137 1241 1169 sumus,
1275 1131 1312 1160 ut
1341 1123 1508 1161 ludorum

67 1178 388 1228 gladiatorumque
426 1192 608 1216 consessu
652 1179 835 1216 mirandas
875 1178 1144 1229 ἐπισημασίας,
1185 1178 1221 1215 id
1260 1186 1344 1223 est,
1391 1181 1510 1229 signi-

68 1234 260 1271 ficationes
292 1233 419 1279 daret,
454 1248 524 1272 non
555 1236 626 1272 ulla
657 1235 854 1285 pastoricia
885 1234 1002 1271 fistula
1037 1241 1249 1281 permotus,
1284 1234 1350 1271 sed
1381 1248 1509 1272 amore

68 1288 261 1339 studioque
286 1291 475 1340 impulsus.
535 1291 642 1337 Quae
668 1289 871 1327 declaratio
901 1303 967 1327 cur
989 1289 1077 1325 mibi
1099 1289 1195 1325 nullo
1225 1289 1329 1326 modo
1351 1291 1508 1339 placeat,

69 1358 140 1381 non
172 1344 313 1381 dicam:
349 1345 444 1396 quod
474 1346 561 1382 mibi
588 1359 712 1382 verum
745 1345 905 1389 videtur,
940 1344 974 1381 id
997 1357 1206 1394 proponere
1236 1345 1326 1381 satis
1351 1345 1507 1383 habebo.

67 1399 247 1436 Veritatis
283 1401 380 1437 enim
412 1402 552 1451 prolata
584 1401 644 1438 lux
675 1414 802 1437 omnes
835 1400 944 1437 facile
974 1400 1148 1436 tenebras
1179 1399 1388 1449 dissipabit.
1449 1401 1512 1437 lu-

68 1454 304 1504 telligeudnm
330 1456 443 1505 igitur
475 1463 548 1501 est,
580 1469 650 1493 non
683 1469 863 1506 uunquam
896 1455 1117 1504 contigisse,
1153 1461 1190 1492 ut
1219 1468 1299 1492 cum
1330 1456 1510 1506 quispiam

69 1511 178 1547 alicui
219 1512 311 1560 parti
353 1512 591 1548 multitudinis
627 1524 736 1548 carus
779 1518 816 1547 et
845 1518 1019 1561 aceeptus
1058 1517 1162 1555 erat,
1210 1512 1349 1547 ceteris
1388 1519 1511 1548 autem

70 1565 221 1602 odiosus
267 1573 303 1603 et
339 1567 505 1612 invisus,
559 1567 689 1617 partim
729 1567 856 1617 plausu
894 1567 1155 1615 exciperetur,
1208 1567 1339 1616 partim
1381 1567 1508 1603 sibilo.

71 1620 339 1658 Plaudentibus
379 1622 476 1658 enim
511 1622 579 1666 iis,
636 1634 727 1671 qnos
767 1629 938 1671 aspectus
982 1621 1098 1671 ipsius
1138 1620 1343 1665 bilarabat,
1392 1623 1511 1659 ceteri

71 1676 282 1713 sibilabant.
357 1676 461 1723 Ergo
499 1676 637 1714 Cicero
681 1684 719 1713 ut
762 1677 954 1722 ostendat,
1005 1675 1256 1726 ἐπισημασίας
1298 1677 1380 1712 illas
1425 1690 1510 1714 suas

71 1731 255 1769 eiusmodi
295 1745 365 1768 non
406 1734 543 1777 fuisse,
590 1730 655 1769 sed
688 1745 796 1782 puras
833 1732 981 1768 omuino
1016 1738 1053 1769 et
1089 1731 1316 1782 εἰλικρινεῖς,
1354 1733 1406 1768 ait
1446 1744 1511 1769 eas

72 1787 187 1824 fuisse
218 1787 299 1825 sine
330 1787 399 1824 ulla
431 1788 632 1836 pastoricia
664 1788 807 1824 fistula:
850 1786 883 1823 id
911 1794 992 1831 est,
1032 1787 1112 1823 sine
1148 1787 1282 1832 sibilo,
1323 1787 1427 1823 cuius
1461 1788 1512 1823 si-

72 1843 196 1880 milem
226 1855 354 1879 sonum
379 1850 502 1879 notum
526 1849 582 1880 est
610 1855 630 1880 e
656 1843 869 1893 pastoriciis
892 1841 1024 1878 fistulis
1048 1840 1168 1878 reddi.
1223 1841 1352 1892 ltaque
1373 1842 1512 1879 Graeci

73 1899 108 1935 in
139 1905 292 1948 utroque
328 1897 454 1934 dieunt
484 1898 669 1950 συοίζειντ
711 1897 894 1947 iidemque
928 1895 1111 1934 interdum
1142 1892 1323 1949 σύοιγγα,
1372 1896 1407 1934 id
1438 1904 1511 1945 est,

66 1953 521 2005 pantorzcmmfistulam,
556 1967 622 2003 pro
651 1953 759 1990 sibilo
790 1952 927 1990 dicunt.
986 1951 1094 1989 Haeo
1126 1965 1206 1989 cum
1239 1954 1308 1989 iam
1340 1953 1514 2003 sciipsis-

74 2022 176 2046 scm:
208 2009 309 2045 venit
338 2007 382 2045 ad
416 2021 471 2045 me
501 2008 638 2046 Petrus
670 2008 842 2046 Morinus
858 2006 979 2057 ἢ’ἓῗέἓὲἕῂ
1011 2006 1267 2053 Parisiensis‚
1293 2006 1514 2045 adolescens

74 2064 264 2114 utriusque
304 2063 451 2113 linguae
493 2065 766 2114 peritissimus,
813 2062 983 2113 idemque
1020 2063 1180 2100 omnium
1217 2064 1376 2109 artium,
1420 2077 1514 2114 quae

75 2118 221 2169 quidem
258 2119 454 2169 ingenuum
488 2119 669 2157 hominem
704 2118 859 2164 decent,
905 2118 1064 2154 seientia
1099 2118 1254 2156 mirifice
1292 2110 1510 2164 instructus,

75 2175 220 2225 quicum
240 2187 326 2224 eg0‚
352 2187 456 2224 quam
481 2174 541 2211 diu
564 2175 622 2212 hic
650 2176 731 2220 soit,
754 2187 835 2211 mea
858 2174 979 2210 omnia
1000 2173 1080 2210 ioca
1102 2175 1216 2219 seria,
1235 2181 1274 2210 ut
1292 2173 1430 2211 dieitur
1442 2173 1509 2226 'l'³)

75 2230 321 2267 libentissime
351 2230 687 2267 communicabam:
722 2243 802 2268 cum
835 2241 950 2280 prope
982 2227 1129 2265 assidua
1158 2229 1394 2279 quadriennii
1426 2242 1515 2266 con-

76 2285 270 2322 suetudine
308 2297 427 2322 raram
465 2285 644 2335 quandam
683 2284 719 2324 in
756 2298 802 2322 eo
843 2291 879 2322 et
908 2285 1126 2334 exquisitam
1158 2284 1403 2321 eruditionem
1435 2285 1515 2334 pari

75 2341 307 2378 coniunctam
338 2340 503 2378 bonitate
533 2354 768 2391 cognossem.
827 2340 865 2377 Is
895 2340 1008 2388 igitur
1037 2353 1106 2376 non
1139 2339 1245 2376 modo
1273 2339 1514 2377 declarationi

77 2408 181 2433 meae
211 2395 389 2432 calculum
422 2409 523 2432 suum
554 2396 705 2441 adiecit,
739 2409 864 2434 verum
888 2395 1015 2440 ctiam,
1048 2394 1144 2445 quod
1173 2402 1247 2432 tum
1278 2396 1314 2432 in
1345 2395 1513 2445 legendis

75 2451 241 2488 Platonis
274 2451 376 2488 libris
408 2450 453 2488 de
484 2450 650 2500 Legibus
688 2450 961 2488 studiosissime
993 2450 1232 2496 versabatur,
1276 2450 1392 2488 locum
1426 2451 1514 2487 mihi

78 2506 275 2551 indicavit,
327 2507 385 2557 qui
424 2519 502 2543 eam
547 2519 779 2557 summopere
817 2506 1068 2543 confirmaret.
1149 2506 1268 2553 Quem
1309 2507 1513 2556 appingere

76 2561 206 2598 libuit:
240 2567 279 2598 ut
301 2568 337 2598 et
366 2563 585 2600 sententiam
616 2563 817 2599 stabilirem
840 2574 973 2606 meam,
1005 2567 1042 2598 et
1066 2561 1364 2599 iucundissimam
1393 2561 1514 2610 magni

76 2617 186 2654 amici
211 2617 422 2654 memoriam
444 2625 550 2668 grata
571 2617 831 2657 recordatione
855 2629 1088 2655 renovarem.
1135 2616 1241 2667 Ergo
1261 2617 1311 2653 ita
1338 2616 1514 2667 scriptum

153 2714 195 2750 -:.*.-)
215 2715 315 2749 Epist.
337 2717 385 2745 16.
406 2716 437 2751 §-
461 2717 509 2745 Η.

152 2761 218 2798 *³50
239 2764 270 2799 §-
291 2763 320 2792 2.
342 2771 411 2798 pag.
434 2764 503 2792 259.
524 2765 626 2793 Bekk.

153 2811 244 2845 *³:820
266 2811 341 2839 Eius
362 2812 401 2839 ad
423 2814 577 2840 muretum
600 2814 727 2842 exstant
754 2812 911 2848 epistolae
932 2814 997 2842 tres
1017 2812 1096 2846 Opp.
1119 2812 1206 2839 Tom.
1227 2811 1250 2838 1.
1273 2816 1344 2846 pag.
1365 2809 1426 2841 496
1446 2818 1513 2847 sqq.

153 2858 199 2898 *D
221 2859 284 2891 Cic.
305 2861 344 2888 de
365 2861 432 2890 Fiu.
454 2861 506 2890 lib.
529 2863 565 2891 ΙΙ.
586 2868 655 2897 cap.
677 2862 727 2892 26.
749 2862 780 2897 S.
799 2862 849 2892 85.

1533 262 1573 291 28

1536 2190 1576 2218 29
