1778 3096
468 148 569 191 LIB.
597 147 712 190 XVI.
771 147 891 188 CAP.
918 147 1027 189 VIII.
1385 150 1469 193 369

31 259 108 299 dita
147 274 219 299 non
257 267 361 307 sunt,
411 257 508 311 quod
548 259 602 297 illi
641 266 762 297 tamen
798 251 1015 309 ‘scrupulum
1056 258 1289 306 iniecerant,
1338 260 1466 311 putavi

31 317 184 355 evenire
212 328 347 368 posse,
379 321 419 353 ut
443 316 524 352 aliis
555 327 700 365 quoque
728 314 884 352 molesta
912 320 1055 352 essent.

481 422 512 461 C
542 422 580 461 A
608 423 641 461 P
670 423 706 461 U
734 422 768 460 T
823 422 951 462 V111.

267 494 358 533 Tria
384 495 484 533 Lz‘vz'z‘
509 495 590 532 loea
619 505 855 532 numerorum
885 494 985 531 notis
1013 493 1234 544 depravata.

26 560 294 618 Dammvma
324 581 436 618 multa
465 582 501 618 in
528 581 673 633 optimis
699 580 906 631 quibusque
933 579 1192 629 scriptoribus,
1217 593 1298 618 cum
1322 580 1466 619 librarii

28 648 93 673 eas
124 635 288 681 litteras,
324 636 454 687 quibus
485 649 658 674 numerus
691 633 944 681 indicabatur,
977 635 1249 685 conlungerent
1277 643 1387 686 atque
1418 649 1466 674 ex

27 690 84 728 eis
113 703 240 728 vocem
274 691 430 740 aliquam
459 692 711 736 conficerent,
742 703 855 741 saepe
885 689 1060 727 iudicavi.
1119 689 1231 728 Nune
1262 704 1465 741 proponam

27 744 204 796 quosdam
236 759 256 783 e
279 746 376 783 Livii
408 747 599 784 annalibus
630 747 744 789 Ιοοοε,
777 747 814 783 in
839 745 971 796 quibus
998 746 1078 783 eius
1106 746 1257 795 generis
1286 746 1465 783 maculam

26 807 100 838 tam
130 799 190 837 diu
229 801 398 838 haesisse
431 803 561 839 mirum
594 808 663 839 est.
722 799 864 837 Eorum
900 814 994 838 unus
1028 807 1087 838 est
1124 801 1219 838 libro
1248 800 1395 838 XXIII.
1416 798 1463 852 ᾗ)

26 855 90 893 ubi
117 857 242 906 agitur
271 855 316 894 de
346 857 520 902 auxiliis,
566 870 658 908 quae
687 855 1007 906 Rartliaginenses
1037 856 1217 893 miserunt
1245 855 1291 893 ad
1319 856 1465 893 Hanni-

26 910 172 958 balem,
213 924 316 957 cum,
356 912 449 949 male
484 919 645 963 pugnato
675 925 696 949 a
723 911 904 949 Romanis
936 910 982 948 ad
1012 910 1184 957 Cannas,
1224 924 1311 962 spes
1342 918 1458 957 esset,

26 965 159 1004 bellum
191 965 295 1004 brevi
326 974 490 1017 tempore
518 974 767 1018 perpetratum
798 967 860 1005 iri.
919 969 1065 1016 Itaque,
1098 967 1215 1018 inquit
1245 966 1389 1012 Livius,
1409 967 1468 1016 fit

27 1024 429 1067 Senataseonsaltam,
471 1029 512 1060 ut
547 1022 756 1061 Hannibale·
779 1025 848 1060 XL
876 1023 1123 1060 Numidarum
1153 1023 1270 1059 millia
1311 1023 1347 1059 z'n
1377 1034 1465 1070 snp-

21 1079 248 1127 plementum
277 1080 542 1123 mitterentur,
583 1085 621 1115 et
644 1080 714 1116 XL
744 1078 957 1127 elephanti,
996 1083 1035 1114 et
1067 1079 1226 1127 argente⁸
1254 1079 1370 1115 multa
1407 1083 1465 1114 ta-

27 1133 143 1170 tenta.
204 1131 281 1170 Sed
310 1133 389 1183 quis
417 1146 488 1169 non
520 1133 698 1176 miretur,
739 1145 819 1169 cum
852 1139 891 1170 et
919 1132 1073 1170 militum
1115 1139 1153 1169 et
1182 1131 1465 1181 elephantorum

26 1199 203 1224 numerus
236 1188 557 1225 senatusconsulto
596 1186 769 1224 delinitus
801 1200 845 1224 ac
874 1193 977 1225 certo
1010 1187 1300 1237 comprehensus
1333 1187 1465 1234 fuerit,

26 1240 72 1279 de
104 1241 260 1292 pecunia
296 1242 346 1279 ita
377 1239 559 1294 ἀορίστως
593 1241 783 1279 decretum
814 1241 930 1279 esse?
985 1240 1069 1279 Non
1102 1241 1326 1279 immorabor
1354 1241 1392 1278 in
1423 1253 1466 1278 re

26 1297 226 1348 perspicua
262 1297 423 1346 longius.
483 1296 572 1333 Fuit
610 1296 703 1333 haee
737 1295 845 1345 paulo
880 1308 993 1346 supra
1024 1302 1187 1334 nostram
1227 1302 1386 1333 aetatem
1419 1295 1466 1333 ab

26 1351 237 1389 hominibus
273 1350 470 1388 ineruditis
506 1351 653 1388 invecta
683 1349 872 1388 scribendi
907 1350 1025 1396 ratio,
1067 1357 1107 1388 ut
1142 1364 1223 1388 cum
1261 1352 1466 1401 quingenta

28 1407 243 1457 significare
273 1407 433 1451 vellent,
466 1406 516 1442 ita
547 1405 758 1443 scriberent
788 1407 895 1444 Vela.
956 1404 1053 1443 Erat
1080 1407 1193 1456 igitur
1222 1407 1399 1457 sciiptum
1429 1406 1467 1443 in

26 1469 158 1500 wetere
197 1461 355 1499 Liviano
395 1434 489 1498 libro
527 1463 582 1499 M.
618 1463 736 1506 Vecta,
778 1459 815 1497 id
852 1467 909 1498 est
943 1462 1043 1499 melle
1078 1463 1296 1511 qazngenta.
1357 1459 1468 1508 Quod

28 1517 91 1567 qui
119 1529 192 1554 non
224 1517 527 1560 intellexerunt
522 1516 667 1566 inepte
697 1516 929 1565 scripserunt
957 1518 1087 1554 multa.
1152 1516 1351 1553 Contrario
1377 1517 1467 1553 vitio

25 1571 174 1611 laborat
201 1572 260 1609 hic
289 1571 392 1608 loeus
422 1583 443 1607 e
471 1544 564 1608 libro
591 1568 826 1621 XXV1.**)
884 1571 1022 1608 Eodem
1051 1578 1214 1622 tempore
1240 1578 1379 1621 septem
1411 1578 1469 1609 ta-

29 1628 188 1672 bernae,
221 1639 317 1677 qaae
341 1632 474 1676 postea
502 1626 684 1676 quinque,
717 1631 754 1662 et
782 1627 1054 1675 argentariae,
1096 1640 1192 1677 qnae
1220 1639 1321 1664 nane
1348 1639 1467 1664 novae

28 1684 292 1733 appellantur,
335 1694 481 1718 arsere.
541 1680 698 1718 Numeri
737 1686 858 1717 notam
894 1686 1069 1731 putarunt
1108 1694 1216 1728 esse,
1259 1695 1352 1733 quae
1394 1695 1467 1719 non

27 1744 125 1776 erat.
178 1736 351 1773 Habebat
377 1737 473 1773 enim
503 1737 675 1787 antiquus
700 1735 818 1773 liber:
849 1742 985 1786 septem
1012 1736 1191 1775 tabernae
1221 1750 1316 1788 quae
1335 1744 1469 1787 postea

27 1801 104 1831 vet.
145 1798 186 1830 et
225 1793 473 1841 argentariae
518 1805 613 1841 qaae
655 1804 754 1829 nune
791 1802 909 1828 novae
953 1793 1206 1842 appellantur.
1282 1792 1379 1830 Nam
1428 1799 1469 1829 ut

28 1860 163 1892 novae,
186 1847 236 1883 ita
265 1854 413 1884 veteres
433 1846 612 1884 tabernae
642 1846 679 1883 in
702 1847 783 1884 foro
806 1853 925 1885 erant.
979 1846 1086 1885 Unde
1109 1848 1272 1885 locorum
1301 1848 1466 1893 nomina,

28 1902 98 1941 sub
126 1902 315 1940 veteribus
343 1908 382 1938 et
408 1902 475 1938 sub
504 1903 608 1939 novis
622 1898 739 1953 ἢῆ.
799 1900 852 1938 At
878 1901 948 1947 illi,
976 1900 1108 1940 deletis
1140 1902 1280 1940 duabus
1312 1903 1466 1947 litteris,

29 1970 120 2009 quas
158 1957 296 1994 frustra
334 1957 539 2006 geminatas
577 1963 771 2007 putarent,
818 1956 908 1994 illud
945 1956 984 1995 V
1022 1964 1145 1995 notam
1185 1970 1270 1996 esse
1309 1958 1467 2008 quinarii

27 2012 173 2051 numeri
205 2010 428 2050 iudicarunt.
476 2010 622 2049 Addam
654 2018 691 2049 et
720 2012 882 2058 tertium,
917 2012 978 2062 qui
1005 2019 1127 2050 tamen
1153 2020 1263 2063 quoto
1293 2025 1340 2050 ex
1371 2013 1468 2050 libro

28 2069 101 2116 sit,
144 2080 241 2104 nunc
270 2065 415 2117 quidem
451 2065 641 2104 recordari
676 2080 746 2104 non
782 2080 891 2117 queo.
952 2066 1031 2104 Sed
1061 2068 1195 2105 alicubi
1233 2075 1362 2106 extare
1395 2075 1470 2106 tam

28 2129 133 2160 certo
163 2122 263 2168 seio,
304 2134 410 2172 quam
441 2134 498 2159 me
536 2122 677 2160 vivere.
737 2120 924 2172 Exposito
953 2123 1096 2173 proelio
1130 2122 1286 2174 quodam
1317 2123 1466 2169 Livius,

28 2184 68 2215 ut
107 2177 323 2228 plerumque
360 2177 477 2222 solet,
520 2177 722 2215 subiiciens
763 2190 953 2215 numerum
993 2191 1145 2224 eorum,
1197 2179 1257 2229 qui
1295 2179 1468 2228 utrinque

29 2231 269 2278 ceciderant,
312 2232 363 2269 ita
389 2232 542 2278 scribit,
587 2239 626 2269 ut
656 2233 763 2283 vulgo
802 2231 947 2284 quidem
979 2233 1112 2283 legitur
1126 2232 1200 2285 †):
1245 2247 1265 2270 e
1295 2235 1470 2272 Romanis

29 2289 198 2325 cecidere
225 2289 398 2325 victores.
459 2287 502 2324 In
530 2287 718 2325 veteribus
748 2295 829 2325 erat
856 2290 957 2325 vieti.
1005 2287 1081 2325 Sed
1112 2289 1173 2338 qui
1203 2288 1392 2324 Romanos
1422 2300 1470 2325 ex

29 2355 74 2379 eo
104 2342 245 2393 proelio
274 2340 446 2379 viderent
472 2343 682 2392 superiores
714 2342 952 2388 discessisse,
983 2356 1030 2380 ex
1060 2344 1169 2380 vz‘ece's
1197 2342 1324 2380 fecere
1355 2344 1469 2380 vieto-

28 2410 104 2434 res.
164 2396 259 2433 Erat
287 2404 408 2434 autem
437 2397 671 2434 scribendum
703 2400 824 2443 Vletz'‚
856 2397 892 2435 id
923 2405 1004 2444 est,
1037 2397 1218 2435 sexcenti.
1279 2397 1468 2435 Sexcenta

28 2451 152 2489 adhuc
186 2451 293 2489 huius
322 2452 474 2501 generis
511 2452 547 2488 in
581 2453 731 2503 seriptis
762 2459 929 2491 veterum
959 2453 1098 2518 latent.
1141 2465 1234 2504 quae
1265 2460 1329 2491 aut
1358 2467 1379 2491 a
1411 2465 1469 2491 me

28 2505 247 2557 aliquando,
278 2513 341 2544 aut
366 2506 412 2544 ab
441 2506 525 2544 aliis
555 2505 790 2557 detegentur.

104 2605 148 2639 ἐξ)
177 2611 245 2639 cap.
268 2606 316 2632 13.
338 2605 392 2639 qui
411 2606 498 2632 locus
519 2611 602 2633 nunc
622 2603 666 2633 ita
685 2604 817 2639 legitur:
847 2605 956 2640 Itaque
974 2604 1089 2640 ingenti
1108 2611 1258 2633 consensu
1275 2605 1310 2642 fit
1329 2606 1471 2633 senatus-

29 2643 210 2677 consultum,
232 2643 264 2669 ut
284 2643 448 2671 Hannibali
469 2643 602 2676 quatuor
621 2644 821 2671 Numidarum
840 2644 936 2671 millia
956 2643 988 2671 in
1006 2643 1247 2678 supplementum
1265 2644 1471 2678 munerentur,

29 2681 60 2710 et
79 2680 281 2715 quaaraqinta
301 2675 469 2714 elephanti,
491 2680 520 2707 et
538 2681 657 2715 maenti
677 2681 770 2708 nmlta
788 2681 912 2709 talenta.

104 2729 153 2753 ²5⁶*
140 2727 173 2762 :J
194 2727 519 2761 cap.27.13ditores
541 2729 704 2761 vulgatam
725 2730 861 2757 tuentur.

104 2775 197 2810 *zze-2:20
228 2775 300 2804 vid.
329 2775 409 2803 Plin.
436 2777 473 2804 Η.
494 2777 531 2804 Ν.
557 2775 611 2804 lib.
631 2776 755 2804 xxxv.
777 2782 845 2811 cap.
866 2774 896 2805 4.
923 2774 1002 2804 sect.
1022 2773 1053 2803 8.
1082 2773 1115 2811 S.
1137 2774 1187 2804 25.
1227 2773 1292 2806 Cle.
1320 2774 1360 2803 de
1386 2774 1476 2804 orat.

28 2812 83 2843 lib.
104 2815 141 2841 11.
164 2820 233 2847 cap.
254 2814 305 2842 66.
327 2814 358 2848 §-
380 2813 450 2842 266.

106 2859 151 2897 †)
172 2861 287 2888 sedem
307 2860 401 2889 huius
421 2860 482 2889 loci
503 2860 624 2895 ignoro.

89 2914 218 2941 Munnr.
242 2914 315 2943 Orr.
337 2914 415 2943 voi..
437 2914 490 2941 111.
513 2913 904 2950 (Runsx.Eo.'rom.11.)
1155 2895 1210 2939 24

1496 1967 1557 1996 387
