1778 3096
157 1489 222 1521 460

259 156 341 198 436
823 157 948 196 VAR.
981 157 1134 196 LECT.

260 268 397 320 Neque
435 276 555 307 tamen
596 268 835 317 negaverim,
886 267 916 304 si
956 267 1129 318 princeps
1169 268 1241 320 sit,
1284 269 1402 319 qualis
1441 280 1526 306 esse
1564 267 1696 313 debet,

260 325 372 363 nullis
399 337 481 361 cnm
513 323 657 373 legibus
687 323 823 360 teneri.
884 322 1045 373 Oportet
1073 323 1170 360 cuim
1203 323 1403 374 principem
1436 324 1534 361 omni
1563 325 1698 362 virtute

259 381 370 429 longe
391 393 434 416 ac
456 379 605 415 multum
628 391 738 428 supra
763 379 931 415 usitatam
956 377 1258 415 consuetudinem
1283 380 1490 417 excellcre:
1524 385 1563 415 ut
1585 392 1699 430 quan·

259 442 333 472 tum
356 437 455 471 inter
484 441 668 484 pastorem
695 439 731 470 et
756 432 918 483 pecudes
942 433 1116 478 interest,
1140 432 1367 480 tantundem,
1392 436 1420 471 si
1449 435 1529 471 lieri
1558 442 1696 485 potest,

258 491 356 527 inter
386 495 570 539 pastorem
604 486 786 540 p011uli*)
819 495 856 526 et
885 489 1053 539 populum
1087 489 1248 525 intersit.
1310 488 1382 535 Qui
1415 490 1443 526 si
1477 490 1694 540 contigerit,

256 544 483 582 Aristotcles
499 542 572 595 Μ)
603 557 746 595 quoque
778 544 855 594 ipse
886 557 956 580 non
989 543 1189 589 diffitetur,
1229 544 1354 581 utilius
1387 557 1472 582 csse
1502 545 1562 582 tali
1594 546 1697 595 prin-

256 601 330 649 cipi
361 612 517 650 parere,
556 613 661 650 quam
692 599 836 648 legibus
867 599 965 636 omni
996 598 1154 635 humano
1186 599 1341 636 consilio
1369 598 1532 636 adhibito
1563 601 1696 650 positis

253 655 470 705 gubernari.
532 654 659 704 Leges
686 655 784 692 enim
814 667 885 691 una
917 666 1009 691 voce
1041 660 1220 704 perpetuo
1251 654 1468 704 loquuntur:
1511 662 1549 691 at
1577 655 1696 692 bonus

251 711 429 760 princeps
459 722 543 747 sese
574 710 617 746 ad
646 710 861 746 varietatem
893 722 1058 754 casuum,
1082 715 1121 745 ut
1150 722 1237 745 usus
1263 710 1396 758 poscit,
1426 709 1692 747 accommodat.

252 764 360 815 Lege
388 767 510 817 itaque
543 765 631 801 nihil
663 764 830 813 indiget,
870 776 950 801 cum
983 765 1062 814 ipsc
1095 766 1175 800 viva
1207 764 1426 814 spiransque
1456 764 1516 802 lex
1543 766 1614 802 sit:
1659 772 1699 803 et

252 822 350 858 iusto
387 822 506 871 legem
541 822 701 871 positam
742 833 814 857 uon
853 832 954 865 esse,
1000 820 1108 855 etiam
1148 819 1231 856 libri
1271 820 1320 856 illi
1338 817 1462 872 *⁴⁶⁴4),
1507 833 1528 857 a
1561 820 1692 870 quibus

252 877 372 913 omnis
411 874 593 913 mendacii
624 875 786 925 suspicio
827 874 1074 911 remotissima
1108 882 1186 919 est,
1230 873 1378 912 docent.
1439 874 1491 912 At
1526 875 1695 926 improbo

251 938 290 968 et
327 933 522 982 tyrannico
562 931 652 967 nibil
692 930 810 966 minus
850 929 1021 980 expedit,
1066 942 1172 979 quam
1213 930 1356 979 legibus
1396 930 1551 967 solutum
1589 943 1689 968 esse.

249 986 301 1023 Ut
332 987 429 1023 enim
465 986 616 1023 furiosis
649 985 738 1022 utile
767 991 824 1022 est
851 985 996 1035 alligari
1035 991 1072 1021 et
1102 985 1135 1020 in
1177 986 1334 1022 manicis
1373 998 1417 1022 ac
1453 985 1692 1036 compedibus

249 1040 403 1087 haberi,
445 1055 517 1079 non
549 1049 587 1078 ut
615 1041 860 1091 resipiscant,
906 1039 972 1077 sed
1003 1047 1043 1077 ut
1073 1040 1194 1077 minus
1227 1040 1321 1086 sibi,
1363 1042 1482 1078 minus
1513 1042 1597 1078 aliis
1628 1054 1693 1078 no-

249 1104 381 1134 ceant:
414 1097 463 1134 ita
494 1104 652 1148 tyranno
685 1097 756 1146 ipsi
784 1095 872 1132 utile
902 1103 972 1140 est,
1002 1095 1121 1145 legum
1151 1096 1306 1132 vinculis
1329 1094 1547 1133 adstrictum
1571 1097 1693 1134 teneri

246 1165 291 1189 ac
333 1153 524 1198 coe‘rceri,
569 1165 640 1189 non
668 1164 738 1201 quo
778 1151 896 1188 bonus
931 1151 992 1188 liat
1033 1152 1173 1202 (neque
1214 1152 1310 1188 enim
1343 1152 1510 1203 potest),
1554 1151 1620 1189 sed
1654 1158 1693 1189 ut
1744 1153 1749 1163 ‘

246 1207 321 1244 illis
355 1209 461 1258 quasi
499 1207 677 1245 cancellis
710 1219 753 1244 ac
787 1206 974 1256 repagulis
1015 1206 1212 1243 conclusus
1244 1207 1384 1243 rabiem
1416 1220 1516 1244 suam
1548 1207 1693 1245 minore

247 1261 379 1299 damno
409 1270 445 1300 et
473 1263 627 1300 aliorum
666 1268 703 1299 et
735 1275 802 1299 suo
832 1269 1020 1299 exerceat.
1081 1261 1189 1298 Haec
1223 1260 1465 1312 disputantem
1496 1262 1691 1300 Platonem

245 1316 453 1369 Dionysius
485 1319 608 1368 iniquo
638 1317 760 1354 animo
789 1315 950 1368 tulit†).
1010 1315 1095 1353 Nec
1129 1317 1274 1353 mirum.
1332 1317 1380 1354 Ut
1411 1318 1507 1354 enim
1536 1317 1690 1368 pudicae

246 1374 421 1410 mulieres
454 1373 653 1423 quamlibet
685 1372 795 1409 multa
818 1371 998 1408 adversus
1026 1370 1292 1421 impudicitiam
1325 1372 1398 1408 dici
1421 1386 1538 1423 aequo
1568 1374 1690 1410 animo

247 1428 397 1472 ferunt3
438 1427 670 1478 impudicae,
717 1425 892 1478 quidquid
935 1426 980 1463 de
1020 1433 1096 1463 toto
1127 1439 1268 1475 genere
1309 1426 1471 1473 dixeris,
1511 1427 1555 1465 ad
1588 1441 1691 1466 suam

247 1483 397 1534 proprie
441 1483 700 1519 contumeliam
743 1482 931 1532 pertinere
971 1480 1221 1518 arbitrantur:
1276 1482 1325 1518 ita
1372 1482 1458 1519 boni
1501 1483 1689 1534 principes

246 1539 375 1588 aequis
405 1538 573 1583 auribus,
598 1549 690 1587 quae
721 1537 758 1573 in
791 1536 904 1573 malos
934 1534 1121 1580 dicuntur,
1147 1536 1357 1586 accipiunt:
1393 1551 1484 1587 quos
1507 1539 1691 1576 scelerum

246 1606 395 1631 suorum
420 1594 647 1631 conscientia
672 1592 846 1636 stimulat,
872 1604 1076 1641 quanquam
1102 1592 1278 1628 universe
1304 1592 1480 1642 loquaris,
1507 1594 1691 1631 neminem

244 1649 460 1687 nominatim
502 1649 757 1699 perstringas,
806 1659 872 1683 sua
910 1647 1064 1697 quisque
1105 1646 1259 1684 hulcera
1296 1647 1356 1684 illo
1394 1648 1471 1686 sale
1511 1647 1690 1687 defricari

245 1710 386 1755 putant.
448 1703 524 1742 Sed
560 1702 655 1754 qnod
687 1702 733 1740 de
763 1701 920 1739 Platone
951 1700 1048 1747 dixi,
1088 1702 1159 1738 iam
1200 1703 1297 1739 enim
1329 1703 1419 1740 satis
1455 1701 1690 1756 ἐφλυάρησα,

245 1758 283 1796 id
309 1772 389 1796 cum
416 1758 509 1810 apud
535 1758 726 1795 Laertium
758 1758 807 1794 ita
838 1757 998 1806 legatur,
1030 1763 1069 1793 ut
1099 1758 1208 1794 etiam
1240 1758 1274 1794 in
1305 1759 1453 1808 optimis
1480 1767 1517 1796 et
1541 1773 1561 1796 a
1588 1761 1688 1810 prin-

246 1815 328 1865 cipe
348 1814 660 1865 typographorum
683 1811 888 1851 emendatis
912 1812 1016 1849 libris
1041 1811 1279 1862 depravatum
1303 1814 1375 1859 sit3
1401 1814 1453 1851 ita
1478 1814 1686 1861 subiiciam,

245 1877 287 1907 ut
305 1870 413 1919 vulgo
435 1871 592 1920 legitur:
626 1867 759 1906 deinde
783 1874 822 1904 ut
843 1867 931 1904 mibi
954 1868 1085 1918 partim
1111 1868 1341 1914 coniectura,
1365 1871 1495 1919 partim
1521 1877 1688 1908 veterum

247 1925 544 1962 membranarum
588 1925 810 1962 auctoritate
850 1923 969 1968 freto,
1020 1922 1218 1972 legendum
1256 1922 1415 1963 videtur.
1487 1924 1686 1963 Librorum

247 1980 365 2029 igitur
395 1980 577 2017 cdit01um
617 1980 804 2044 scriptura
838 1978 931 2015 baec
960 1984 1039 2015 est:
1082 1974 1104 2016 ὁ
1134 1976 1174 2017 δὲ
1204 1975 1466 2031 διαλεγόμενος
1503 1979 1590 2032 περὶ
1625 1996 1688 2020 τυ-

248 2035 447 2085 ραννίδος,
485 2034 550 2074 καὶ
577 2031 737 2103 φάσκων
773 2049 825 2080 ως
853 2030 924 2072 οὐκ
961 2031 1037 2072 ἐστι
1065 2036 1177 2072 τοῦτο
1213 2038 1401 2086 κρεῖττον,
1441 2032 1462 2074 ὃ
1491 2034 1688 2102 συμφέρον

249 2087 352 2144 αὐτῷ
382 2088 523 2141 μόνον,
563 2090 596 2128 εἰ
623 2106 674 2140 μη
706 2088 769 2128 καὶ
799 2087 912 2143 ἀρετῇ
941 2087 1138 2152 διαφέροι,
1168 2088 1444 2141 προςέκρουσεν
1472 2087 1585 2145 αὐτῷ.
1644 2092 1686 2129 In

248 2145 308 2182 his
339 2146 428 2183 nihil
459 2146 610 2182 mutavit
641 2142 664 2183 ὁ
695 2143 912 2193 Στέφανος,
954 2144 1026 2180 nisi
1056 2143 1152 2194 quod
1193 2158 1260 2194 pro
1299 2144 1495 2213 συμφέρον
1535 2147 1687 2197 scripsit

249 2211 389 2253 συμφε
366 2199 442 2240 'oen
492 2201 543 2237 At
570 2201 607 2237 in
635 2200 826 2236 veteribus
856 2199 926 2236 hoc
957 2197 1087 2235 modo:
1123 2195 1174 2245 ὥς
1202 2196 1274 2238 οὐκ
1299 2199 1375 2238 ε’στι
1401 2197 1443 2239 τὸ
1473 2204 1541 2239 τοῦ
1570 2201 1687 2253 κρείτ-

248 2270 358 2302 τονος
389 2254 595 2308 συμφέρον,
620 2251 712 2293 αὐτὸ
742 2251 861 2320 μόνον
891 2249 1000 2301 εἶναι,
1023 2253 1057 2291 εἰ
1078 2250 1129 2304 μὴ
1158 2253 1223 2293 καὶ
1250 2251 1364 2309 ἆρετῆ
1394 2255 1684 2309 διαφέροιῷᾖ).

248 2310 334 2360 Ego
368 2324 414 2349 ex
444 2311 583 2349 duabus
622 2310 774 2347 vocibus
807 2305 899 2347 αὐτὸ
930 2305 1050 2359 μόνον
1079 2309 1248 2346 tralectis
1277 2310 1412 2348 litteris
1449 2324 1557 2349 unam
1587 2312 1686 2350 facio

250 2363 475 2417 αὐτόνομον.
535 2366 576 2403 In
606 2366 741 2404 ceteris
771 2371 937 2403 veterem
969 2364 1104 2401 librum
1135 2377 1284 2415 sequor.

325 2474 369 2508 ³⁴³]
391 2474 589 2502 Homericum
610 2467 749 2514 ποιμὴν
771 2468 870 2501 λαῶν
891 2470 1051 2505 expressit
1071 2473 1227 2509 Muretus,
1249 2480 1437 2509 quamquam
1457 2474 1489 2503 in
1508 2475 1684 2506 actionibus

248 2514 405 2549 improbat
426 2515 655 2550 Quinctitianus
675 2517 749 2543 Inst.
773 2514 824 2542 Or.
844 2513 898 2541 lib.
919 2513 1001 2541 3111.
1023 2518 1090 2546 cap.
1110 2514 1139 2541 6.
1163 2514 1196 2548 5.
1217 2514 1267 2543 18.
1305 2515 1348 2543 At
1366 2522 1422 2551 eqo
1441 2516 1474 2544 in
1492 2517 1609 2552 ayendo
1628 2524 1684 2547 nec

247 2555 455 2587 pastorem
474 2553 610 2587 populi
629 2554 756 2581 auctore
775 2553 909 2579 Homero
929 2551 1062 2577 dixerim
1083 2554 1144 2580 cet.

322 2602 357 2626 ³3⁴³
351 2600 506 2635 ⁴⁶²)P0nt.
527 2600 580 2630 lib.
601 2602 654 2628 ΙΙΙ.
675 2607 744 2634 cap.
767 2600 815 2628 13.
832 2600 912 2628 extr.
933 2600 963 2627 et
983 2604 1050 2632 cap.
1074 2598 1121 2626 17.

321 2653 415 2688 *3³³0
437 2654 557 2682 paulus
577 2655 600 2682 1.
622 2653 757 2682 Timoth.
779 2659 847 2687 cap.
870 2654 897 2681 1.
918 2659 949 2680 ν.
971 2651 1000 2680 9.
1022 2645 1075 2680 ὅτι
1103 2646 1231 2692 δικαίῳ
1255 2644 1370 2694 νόμος
1392 2648 1436 2683 οὐ
1460 2653 1587 2686 κεῖται.

321 2703 844 2742 l-Jvid.Diog.Laert.111.1S.
878 2701 992 2730 Astius
1012 2702 1050 2730 de
1070 2704 1155 2732 Plat.
1176 2703 1243 2732 vita
1262 2706 1295 2733 et
1314 2703 1419 2739 script.
1441 2713 1513 2741 pag
1534 2708 1584 2736 26.

319 2753 393 2794 -³-†)
421 2757 501 2784 Tres
529 2756 628 2784 codd.
655 2758 783 2785 tuentur
809 2751 912 2784 τοῦτο
938 2754 1119 2795 κρεῖττον,
1149 2748 1168 2785 ὃ
1193 2754 1404 2803 συμφέρον,
1430 2757 1494 2786 tid.
1520 2758 1682 2789 Huebneri

242 2796 830 2832 Appenu.crit.'1¹on1.11.vageso.
869 2797 934 2824 Nec
958 2796 1050 2824 aliter
1078 2796 1194 2831 legitur
1224 2797 1256 2825 in
1276 2799 1362 2826 editt.
1383 2798 1529 2827 Βι-οὴειιίι·
1558 2801 1589 2827 et
1608 2801 1680 2828 Me-

241 2834 859 2907 ἓοξὶίἑδοιιῑῃἰὲιτείὲῐοοειὲεεῖοὶίᾱθεῑιιι·
877 2833 1015 2863 Bachins
1044 2834 1076 2862 in
1096 2835 1258 2870 supplem.
1288 2835 1678 2867 Diar.1iterar.}1a1ens.

264 2893 270 2899 .
376 2893 383 2900 .
426 2880 443 2901 u
480 2894 486 2900 .
551 2880 649 2908 ‚pa.
732 2893 738 2900 .
