1778 3096
533 102 631 141 LIB.
664 103 810 144 XVHI.
872 103 989 142 CAP.
1026 104 1098 146 1V.
1454 102 1536 146 423

81 213 235 251 ‘minem
274 211 586 257 eruditissimum,
629 214 689 264 qui
730 212 886 251 studium
926 215 960 251 in
996 227 1041 253 eo
1079 210 1533 264 emendandostposuerit,

96 281 253 318 eumque
281 282 302 306 a
333 280 374 305 se
402 267 538 304 Latine
568 267 777 305 incredibili
810 270 986 306 felicitate
1017 269 1199 307 redditum
1229 269 1335 307 brevi
1364 268 1532 306 editurus

95 324 158 360 sit.
197 323 349 367 illorum
371 323 484 374 igitur
502 322 706 360 industriae
730 324 906 375 pleraque
926 325 1048 362 omnia
1072 325 1219 376 integra
1240 337 1394 363 servare
1416 325 1526 362 malo.

593 430 877 471 CAPUT
932 432 1018 471 ΙΙΙ.

170 509 341 560 Elegans
369 510 526 548 Horatii
548 511 650 547 locus
676 511 722 547 cle
751 511 832 555 ira,
874 523 923 547 eoe
954 517 1077 548 velere
1106 512 1202 549 libro
1232 513 1443 549 restitutus.

89 584 187 651 Qnt
226 609 311 646 irati
350 616 457 654 sunt,
497 622 562 646 eos
603 607 698 659 apud
739 620 780 645 se
819 620 892 645 non
923 621 1007 646 esse
1038 616 1076 646 et
1110 611 1235 648 exisse
1266 623 1311 648 ex
1340 617 1527 660 potestate

88 663 261 709 dicimus,
284 671 321 702 et
350 678 370 701 a
391 665 543 701 furiosis
573 671 682 714 atque
706 664 912 701 amentibus
941 671 1108 714 tempore
1135 672 1273 702 tantum
1299 665 1450 702 differre
1465 662 1524 715 ἠὲ).

86 718 217 769 ltaque
256 733 338 756 cum
377 718 422 756 ad
460 732 500 756 se
539 719 755 765 redierunt,
800 720 966 769 poenitet
1004 720 1218 770 pierumque
1256 721 1338 757 ittos
1377 733 1525 764 eorum,

87 786 182 823 quae
212 787 279 825 per
317 775 408 812 iram
445 774 639 811 fecerunt:
681 786 820 825 eaque,
863 775 893 811 si
926 782 1096 825 possent,
1135 776 1276 813 infecta
1307 774 1523 814 redderent.

87 828 171 867 Hoc
199 830 249 868 ita
276 830 464 880 expressit
491 829 672 866 Horatius
701 830 738 866 in
769 829 935 880 Epistola
963 829 1009 867 ad
1038 830 1196 868 Lollium
1212 828 1307 883 **):

249 917 303 922 —
336 896 411 945 Qui
434 908 507 933 non
537 895 797 933 moderabitur
825 897 931 942 irae,-

247 949 434 1001 Infectam
463 952 562 988 volet
588 964 689 995 esse,
722 951 829 989 dolor
859 952 960 1001 quod
984 950 1151 990 suaserit
1178 958 1217 990 et
1243 964 1361 999 mens,

249 1007 346 1042 Dum
369 1019 512 1055 poenas
542 1007 627 1043 odeo
652 1019 725 1056 per
752 1019 822 1044 vzm
839 1006 1007 1056 festinat
1034 1008 1168 1046 inulto.

86 1067 162 1107 Sed
202 1069 264 1108 iile
301 1068 558 1122 συνδοιασμὸς
593 1070 733 1109 doloris
771 1079 809 1109 et
845 1073 978 1109 mentis
1019 1073 1108 1110 mihi
1146 1085 1296 1123 semper
1330 1073 1432 1110 visus
1471 1081 1528 1111 est

84 1121 357 1172 υποσόλοικοςε
389 1140 509 1190 neque
537 1140 692 1177 unquam
725 1127 817 1164 satis
846 1128 1059 1177 intelligere
1084 1129 1198 1178 potui,
1223 1126 1403 1179 quomodo
1432 1142 1527 1179 quae

86 1181 182 1217 facta
221 1188 350 1219 essent
386 1195 455 1232 per
493 1183 606 1227 iram,
657 1195 701 1219 ea
742 1196 846 1220 mens
886 1184 1052 1220 suasisse
1090 1182 1300 1221 diceretur.
1338 1195 1444 1228 cum,
1489 1191 1528 1221 ut

85 1235 239 1282 furiosi,
281 1237 334 1273 sic
363 1237 449 1274 irati
481 1244 603 1274 mente
640 1237 790 1275 minime
820 1239 981 1275 omnium
1012 1245 1177 1275 utantur.
1238 1237 1371 1287 Neque
1403 1245 1526 1276 tamen

84 1289 280 1342 quidquam
311 1299 454 1329 mutare
484 1291 685 1338 audebam,
717 1291 837 1329 donec
867 1293 903 1329 in
933 1293 1185 1330 vetustissimo
1214 1293 1309 1329 libro
1340 1292 1526 1332 Vaticano

84 1353 214 1398 aperte
242 1353 280 1385 et
308 1347 389 1385 sine
421 1347 494 1384 ullo
524 1347 656 1385 liturae
686 1348 848 1396 vestigio
877 1348 927 1384 ita
960 1348 1138 1398 scriptum
1170 1348 1318 1398 reperi:

246 1412 432 1464 Irgfectum
460 1415 559 1452 volet
588 1426 691 1459 esse,
724 1414 833 1452 dolor
859 1415 959 1464 qaod
986 1415 1151 1452 suaserit
1180 1427 1322 1452 amens.

83 1479 226 1517 Amens
254 1479 425 1532 profecto
453 1479 517 1525 sit,
543 1480 605 1530 qui
633 1479 729 1517 hanc
759 1479 980 1530 scripturam
1004 1480 1180 1530 vulgatae
1210 1493 1282 1518 non
1307 1485 1523 1531 anteponat.

593 1598 880 1637 CAPUT
937 1599 1017 1639 IV.

227 1678 343 1716 Dolus
370 1678 468 1715 allus
494 1677 633 1723 bonus,
667 1678 786 1715 malus
816 1678 916 1715 allus
944 1677 1047 1727 apud
1074 1677 1379 1716 Iurz'sconsultos.

82 1755 218 1821 Quen
246 1776 344 1814 Iuris
374 1775 534 1814 studiosi
564 1782 716 1823 notant,
751 1776 859 1814 alium
892 1776 1027 1814 bonum
1057 1777 1180 1814 dolum
1210 1789 1313 1823 esse,
1350 1783 1388 1815 ct
1415 1777 1527 1815 atium

84 1829 362 1885 nialunz*³''⁶*),
405 1831 502 1869 idem
534 1831 672 1869 Graeci
710 1845 854 1882 quoque
889 1832 1131 1868 Grammatici
1170 1831 1306 1870 docent
1342 1831 1386 1870 ad
1426 1832 1525 1870 illum
1551 1843 1615 1874 446

83 1888 242 1926 Homeri
272 1900 292 1924 e
316 1887 480 1925 secundo
501 1886 637 1924 Iliados
668 1887 787 1924 locum
805 1886 872 1939 †),
906 1887 968 1925 ubi
991 1887 1252 1936 Agamemnon
1278 1900 1318 1925 se
1341 1901 1362 1925 a
1385 1901 1525 1925 summo

82 1944 170 1982 love
201 1942 284 1980 dolo
314 1943 409 1980 malo
438 1944 473 1980 in
507 1942 672 1979 fraudem
703 1942 890 1980 inductum
921 1943 1183 1992 conqueritur:

195 2005 292 2055 Ζεύς
320 2023 364 2059 με
397 2006 490 2060 μέγα
521 2004 752 2059 Κοονίδης
739 2022 822 2073 ame
841 2005 992 2059 ἐνέδησε
1017 2008 1166 2077 βαοείῃ,

179 2062 391 2133 Exs'vktqg·‚
420 2061 463 2110 ὃς
492 2062 582 2130 πρὶν
609 2061 677 2114 μέν
705 2077 770 2114 μοι
798 2059 996 2114 ὑπέσχετο,
1025 2079 1089 2102 και
1119 2063 1341 2103 κατένευσεν

179 2117 305 2158 Ἴλιον
336 2115 556 2185 ἐκπέρσαντ’
593 2116 777 2183 εὐτείχεον
806 2115 1053 2158 ἀπονέεσθαι.

195 2177 287 2214 Νῦν
317 2173 359 2215 δὲ
386 2171 510 2226 κακὴν
536 2170 686 2225 ἀπάτην
714 2170 945 2225 βουλεύσατο
963 2173 1060 2226 i⁴†)·

84 2285 248 2318 praeclare
268 2284 307 2312 de
321 2284 489 2312 Athenaeo
509 2283 640 2312 meritus
661 2285 727 2311 erat
750 2281 863 2315 insigni
884 2282 953 2311 eius
972 2284 1086 2312 lacuna
1107 2289 1124 2310 e
1141 2284 1230 2311 MSS.
1252 2281 1421 2318 explenda,
1444 2283 1524 2312 Nov.

84 2323 170 2351 lect.
191 2324 243 2350 ΙΙΙ.
265 2323 317 2350 31.
339 2321 388 2357 [in
410 2325 506 2356 postr
528 2322 601 2349 edit.
622 2323 673 2349 lx.
698 2320 756 2355 ¹..j
796 2322 949 2349 1).R.—
984 2322 1031 2350 Cf
1053 2320 1135 2348 infra
1156 2321 1209 2348 lit).
1231 2321 1312 2348 XlX.
1335 2326 1403 2354 cap.
1424 2321 1453 2348 3.
1476 2320 1506 2348 9.

158 2373 448 2409 )*Aristonymus
466 2380 517 2422 ap.
533 2375 618 2402 Stob.
636 2379 707 2408 pag.
726 2372 796 2409 224,
815 2373 866 2401 22.
882 2374 928 2401 ed.
947 2375 1040 2402 Gesn.
1062 2367 1125 2402 τὸν
1146 2365 1380 2414 ὀργιζόμενον
1402 2365 1527 2415 νόμιζε

85 2414 150 2447 τοῦ
171 2416 400 2463 μαινοιιένου
422 2411 548 2466 χρόνῳ
574 2414 774 2468 διαφέρειν.
814 2417 982 2446 Philemon
1001 2423 1055 2450 ap.
1076 2418 1168 2446 eund.
1191 2423 1261 2452 pag.
1285 2418 1354 2453 171,
1371 2418 1421 2445 35.
1442 2427 1526 2459 μαι-

85 2457 228 2504 νόμεθα
253 2470 402 2500 παντες,
442 2456 580 2493 ὁπόταν
612 2456 853 2504 ὀργιζωιιεθα.
902 2460 950 2491 Cf.
978 2460 1043 2490 Cic.
1070 2461 1198 2496 Quaest.
1229 2463 1359 2491 'luscuL
1388 2462 1442 2492 lit).
1473 2461 1527 2492 lv.

82 2512 152 2540 cap
160 2505 228 2584 ὣ)
243 2505 349 2586 {pi}
369 2554 392 2580 1.
414 2552 449 2584 2,
470 2551 512 2579 59
531 2558 600 2586 sqq.
639 2551 807 2583 vulgatam
829 2550 997 2579 lectionem
1016 2550 1048 2578 et
1065 2557 1151 2579 mens
1172 2551 1310 2581 editores
1330 2552 1527 2582 recentiores

85 2591 124 2620 ad
145 2598 240 2619 unum
260 2597 368 2619 omnes
389 2590 595 2618 retinuerunt.
636 2589 682 2617 Cf.
705 2589 837 2618 Bentlei.
859 2589 899 2617 ad
919 2590 948 2618 h.
969 2589 991 2616 l.

158 2638 251 2672 *2:³20
272 2639 307 2666 L.
328 2640 353 2667 1.
375 2640 407 2673 5,
428 2639 458 2666 3.
476 2639 514 2666 1).
536 2638 575 2666 de
595 2638 674 2666 Dolo
694 2639 789 2667 mato.
818 2639 872 2667 1V.
891 2639 923 2667 3.
963 2637 1009 2667 cf.
1031 2638 1146 2667 Festus
1166 2645 1192 2667 S.
1213 2645 1243 2668 v.
1266 2639 1349 2668 Doli.
1387 2640 1500 2669 Ffflsr.

226 2694 257 2714 v.
280 2688 335 2714 111
359 2694 374 2714 s

159 2685 257 2772 ῖζ)
254 2735 320 2762 Hoc
339 2694 445 2762 taiiiieu
462 2735 536 2762 loco
557 2733 613 2762 vix
634 2733 673 2762 de
693 2731 891 2768 oppositione
911 2731 985 2760 boni
1005 2734 1037 2762 et
1057 2732 1133 2762 mali
1153 2733 1218 2762 doli
1244 2733 1445 2767 cogitandum
1466 2735 1528 2763 est.

86 2776 295 2807 ῦΐ.1ἰῑ).ΧΥ.
316 2782 385 2810 cap.
404 2776 434 2803 3.
454 2782 535 2810 quae
556 2775 595 2804 de
615 2773 723 2804 verbis
743 2773 782 2819 τῆ
803 2769 946 2818 ἀδελφῇ
966 2770 1193 2818 παρανόμως
1215 2769 1388 2811 συνόντος
1406 2783 1427 2806 a
1446 2778 1526 2805 Mur.

88 2821 308 2847 obserxantur.
347 2820 459 2846 amsi.
