1778 3096
160 1516 222 1546 295

252 123 334 166 252
814 122 941 162 VAR.
973 122 1128 162 LECT.

251 234 305 274 Ut
339 233 469 280 dicas,
520 232 720 285 proverbio
769 232 820 269 uti
865 245 974 283 posse
1018 232 1199 284 aliquem,
1256 234 1316 285 qui
1361 231 1521 284 exempli
1560 245 1693 271 caussa

251 289 400 336 dolcat,
442 296 496 326 tot
533 294 667 339 gentes
703 287 978 325 haereticorum
1012 289 1224 339 praestigiis
1260 295 1480 327 occaecatas
1518 294 1589 326 tam
1629 287 1691 325 diu

250 345 289 383 in
321 351 393 382 tam
422 357 549 382 crassa
580 356 748 381 errorum
781 343 942 394 caligine
970 344 1135 381 versari:
1170 345 1301 394 cuique
1328 345 1475 394 longum
1504 342 1691 390 videatur,

250 400 336 438 dum
367 400 422 437 eis
443 399 582 436 veritas
613 399 823 437 illucescat.
877 397 954 436 Sed
986 412 1056 436 nou
1087 398 1258 449 quicquid
1280 398 1472 437 commode
1502 399 1538 436 in
1569 399 1693 436 varios

249 468 384 493 sensus
415 455 515 492 ssecti
546 460 692 505 potest,
736 455 857 492 statim
888 453 1123 505 proverbium
1153 460 1223 492 est.
1281 457 1435 493 Insuere
1474 455 1510 492 iu
1541 466 1692 491 saccum

248 510 309 548 vel
342 511 509 555 culeum,
545 509 621 555 ait,
657 510 876 560 cuicumque
906 517 965 546 est
994 521 1042 547 cx
1070 509 1142 546 illis
1174 511 1458 559 paroemiologis
1475 508 1546 561 *),
1584 508 1694 557 vulgo

248 564 429 611 dicimus,
467 577 534 615 pro
569 565 842 602 circumvenire
882 565 1041 615 aliquem
1077 565 1136 602 vel
1175 563 1318 602 ludere.
1377 565 1520 604 Nescio
1556 578 1604 602 an
1643 563 1695 600 ita

247 620 446 672 loquantur
484 620 520 657 in
559 619 762 658 Germania
779 617 875 671 ἱῗΗΕ),
927 627 990 657 aut
1026 620 1062 656 in
1099 620 1171 657 alia
1209 620 1376 671 quapiam
1414 628 1553 671 gente,
1594 618 1692 656 unde

249 682 324 722 cst,
356 676 521 727 quisquis
552 682 625 720 est,
657 675 719 726 qui
750 675 819 712 hoc
850 676 1015 726 scripsit.
1076 674 1152 712 Sed
1185 687 1254 724 ego
1284 675 1472 726 putabam,
1500 688 1571 713 non
1599 673 1693 711 Ger-

247 731 416 777 manica,
455 737 518 768 aut
548 729 714 776 Gallica,
755 737 818 767 aut
845 730 997 776 Italica,
1039 729 1105 768 sed
1136 729 1269 767 Latina
1299 737 1436 768 tantum
1478 738 1516 768 et
1545 729 1693 767 Graeca

248 793 379 824 vetera
409 785 608 837 proverbia
647 798 692 823 eo
723 785 818 823 libro
842 786 1043 824 contineri.
1103 785 1230 823 Latini
1260 792 1383 823 autem
1413 785 1459 824 de
1493 783 1692 836 parricidis

248 841 446 894 loquentes
473 840 601 879 dicunt
628 839 775 891 quidem
802 853 867 878 cos
895 842 932 878 in
958 841 1100 878 culeum
1133 840 1334 878 insuendos
1360 854 1445 879 esse
1459 838 1585 892 ΨΜ),
1618 852 1692 877 non

247 903 373 936 tamen
399 895 509 942 ludo,
547 909 668 947 neque
698 903 738 934 ut
774 908 839 934 eos
870 897 1184 934 circumveniant:
1229 909 1347 946 neque
1386 896 1456 934 hoc
1493 894 1692 946 proverbio

248 951 390 990 dicunt.
450 952 560 990 Plato
591 951 684 989 libro
714 950 858 990 decimo
889 950 934 989 de
959 951 1057 1003 Rep.
1077 951 1128 1004 †)
1161 950 1307 988 dixerat
1337 954 1528 1002 poetarum
1557 956 1690 995 metra,

248 1009 406 1059 spoliata
437 1008 597 1045 musices
625 1006 836 1053 coloribus,
864 1008 996 1045 similia
1026 1020 1112 1045 esse
1145 1019 1269 1045 eorum
1301 1007 1442 1052 vultui,
1479 1005 1541 1057 qui
1569 1011 1693 1043 aetate

248 1063 397 1114 quidem
431 1064 580 1113 integra
617 1070 727 1109 sunt,
772 1035 838 1100 sed
872 1063 1024 1100 formosi
1068 1076 1139 1100 non
1171 1069 1275 1100 sunt:
1321 1061 1357 1099 id
1390 1069 1470 1113 est,
1510 1063 1591 1107 τοῖς
1618 1062 1695 1100 τῶν

955 1114 964 1129 l

248 1116 401 1186 ὡραίων
429 1132 660 1171 προςωποις,
689 1121 817 1158 καλῶν
842 1115 883 1156 δὲ
912 1133 976 1169 μη.
1005 1113 1068 1158 οἷα
1096 1117 1240 1171 γίνεται
1267 1117 1376 1166 ἰδεῖν,
1405 1114 1497 1156 όταν
1525 1112 1622 1156 αὐτὰ
1649 1111 1693 1154 τὸ

247 1171 376 1221 ἄνθος
411 1174 589 1229 προλίπῃ.
646 1174 713 1212 Isti
754 1174 988 1237 proverbium
1027 1175 1223 1211 fecerunt.
1266 1175 1469 1212 I⁴ormosus
1495 1173 1577 1210 sine
1607 1171 1692 1221 pul-

248 1231 485 1274 chritudine,
517 1230 554 1266 in
586 1242 674 1274 eos,
707 1230 767 1280 qui
797 1231 857 1279 pig„
847 1230 995 1266 mentis
1025 1230 1235 1274 exoticam,
1268 1230 1318 1266 ita
1348 1229 1445 1266 enim
1477 1227 1690 1279 loquuntur,

247 1285 405 1323 formam
435 1284 689 1322 adsciverunt.
747 1284 951 1321 Persarum
984 1297 1118 1334 regeS‚
1148 1284 1280 1334 quibus
1309 1297 1328 1320 a
1354 1283 1498 1334 populis
1529 1287 1693 1333 potesta-

247 1346 320 1378 tem
359 1340 520 1377 omnium
557 1352 681 1377 rernm
725 1339 797 1376 sibi
835 1338 929 1376 tradi
966 1339 1162 1384 volebant,
1204 1339 1250 1376 ab
1288 1339 1343 1376 eis
1381 1338 1586 1390 symbolice
1627 1349 1693 1387 per

247 1395 393 1446 legatos
416 1403 554 1433 terram
584 1401 623 1432 et
644 1407 772 1445 aquam
802 1394 979 1444 petebant
996 1393 1097 1446 ††).
1147 1393 1266 1441 Quam
1300 1394 1361 1445 qui
1391 1393 1541 1439 dabant,
1576 1392 1693 1442 signi-

248 1450 431 1496 ficabant,
465 1463 507 1488 se
537 1451 730 1500 imperium
762 1451 951 1500 accipere.
1014 1450 1093 1487 Res
1122 1449 1232 1499 vulgo
1264 1456 1348 1486 nota
1375 1456 1450 1487 est.
1511 1448 1577 1486 Isti
1607 1460 1693 1498 pro-

248 1506 414 1544 verbium
456 1506 652 1550 fecerunt,
701 1506 856 1542 Terram
898 1512 937 1542 et
975 1517 1109 1554 aquam
1146 1517 1324 1554 poscere,
1367 1511 1428 1549 et,
1473 1510 1616 1541 terram
1656 1508 1696 1540 et

248 1574 386 1612 aquam
427 1561 546 1606 dare,
589 1572 656 1610 pro
690 1559 824 1596 bellum
866 1559 977 1596 alicui
1007 1560 1170 1604 inferre,
1213 1565 1251 1596 et
1280 1559 1411 1596 bellum
1451 1571 1531 1596 eum
1569 1558 1691 1608 aliquo

247 1617 457 1666 suscipere.
526 1615 785 1654 Massi'lzenses
820 1627 943 1652 mmes
990 1614 1115 1652 colere
1157 1612 1303 1651 dixerat
1344 1613 1498 1651 Plautus
1544 1614 1582 1650 in
1618 1612 1692 1650 Ca-

247 1673 330 1710 sina
344 1671 407 1724 ††
411 1670 460 1723 †)
493 1683 574 1708 eum
605 1682 748 1716 senem,
771 1670 833 1721 qui
854 1671 1042 1720 armigero
1072 1669 1136 1707 filii
1163 1670 1234 1707 sibi
1265 1682 1330 1718 pro
1353 1669 1472 1720 puella
1501 1669 1691 1732 supposito

247 1728 375 1765 facere
416 1726 452 1764 id
483 1726 670 1772 voluerat,
712 1724 808 1777 quod
841 1739 958 1763 novae
989 1732 1123 1775 nuptae
1155 1722 1282 1762 solet
1279 1724 1335 1774 ),
1377 1737 1422 1762 eo
1463 1724 1689 1775 respicieuS,

248 1781 346 1834 quod
373 1782 658 1826 Massilienses,
690 1782 761 1818 etsi
791 1780 836 1817 ab
868 1781 952 1818 aliis
983 1787 1022 1817 ut
1051 1781 1174 1818 severi
1206 1779 1496 1831 praedicantur,
1526 1779 1692 1817 mollitiei

246 1846 370 1876 tamen
398 1838 546 1876 nomine
578 1837 673 1874 male
702 1835 918 1882 audiebant,
950 1844 988 1874 ut
1017 1844 1074 1873 est
1101 1834 1196 1886 apud
1217 1836 1452 1872 Athenaeum
1475 1834 1578 1887 Μ),
1608 1847 1692 1871 cre-

247 1893 503 1944 debanturque
553 1895 870 1945 γυναικοπαθεῖν.
934 1891 987 1929 At
1029 1891 1088 1928 isti
1128 1892 1386 1929 Massilienses
1425 1903 1549 1928 mores
1594 1887 1691 1940 apud

245 1948 416 1986 Plautum
456 1947 615 1999 optimos
660 1954 696 1985 et
734 1947 1015 1997 probatissimos
1057 1947 1365 1996 interpretantur.
1426 1945 1467 1982 S.
1501 1945 1692 1996 Hierony-

248 2017 328 2041 mus
359 2002 461 2054 ffiffi)
500 2003 641 2048 verba,
693 2002 825 2053 quibus
863 2015 951 2040 usus
994 2009 1076 2039 erat
1113 2002 1351 2046 Iovinianus,
1403 1999 1590 2046 irridens,
1641 2000 1690 2037 ita

248 2059 475 2109 scripserat:
519 2060 646 2107 Rogo,
688 2071 783 2108 quae
818 2065 905 2096 sunt
940 2059 1035 2095 llaec
1065 2063 1244 2107 portenla
1280 2056 1504 2094 verborum?
1549 2056 1690 2106 quodve

245 2114 464 2164 scriptiones
491 2113 679 2150 dedecus?
736 2114 872 2150 Nonne
900 2114 960 2150 vel
974 2112 1124 2162 febrem
1154 2113 1342 2148 somniare
1371 2124 1451 2148 eum
1477 2118 1601 2160 pectes,
1633 2111 1695 2147 vel

246 2175 441 2220 arreptum
486 2168 616 2206 morbo
656 2168 880 2218 phrenetico
928 2168 1170 2218 Hippocrate&
1224 2167 1382 2204 vinculis
1423 2166 1691 2216 olfigandum?

322 2290 367 2326 ὲιε)
397 2289 594 2319 Vocabulum
630 2294 735 2321 neque
762 2286 893 2316 Graecis
926 2293 1028 2322 neque
1055 2286 1178 2316 Latinis
1216 2286 1387 2324 usitatum,
1426 2292 1615 2322 quamquam
1642 2285 1691 2315 11Ιί

248 2333 398 2363 dixerunt
417 2327 729 2373 naooquiokoyefr.

264 2420 275 2448 Ι
311 2383 391 2448 iis-³⁶)
411 2382 561 2412 Alienum
582 2384 646 2419 est,
676 2381 759 2416 quod
780 2381 1006 2409 Germanorum
1035 2380 1151 2414 vulgus
1172 2379 1263 2408 dicit:
1296 2380 1464 2409 Jemanden
1484 2380 1516 2407 in
1535 2380 1594 2408 den
1610 2379 1690 2408 Sack

245 2427 262 2449 ε
276 2427 310 2450 ec
332 2428 377 2449 en.

322 2468 416 2504 {axz-52³]
434 2468 505 2498 vid.
517 2467 582 2497 Cic.
596 2474 654 2502 pro
665 2468 758 2496 Rosc.
768 2467 875 2495 Amer.
889 2471 956 2499 cap,
970 2466 1009 2493 25
1021 2468 1102 2495 extr.
1119 2466 1157 2495 de
1173 2468 1297 2496 invent.
1314 2466 1415 2495 lib.11.
1429 2471 1497 2500 cap.
1511 2464 1561 2494 50.
1575 2464 1608 2500 S.
1621 2463 1689 2493 119.

323 2523 371 2562 0²)
399 2530 470 2558 pag.
491 2522 563 2551 601.
585 2523 621 2551 Β.
643 2522 688 2549 st.
718 2520 770 2549 ubi
799 2523 884 2549 recte
909 2515 1086 2558 γίγνεται.

323 2571 398 2610 ††)
424 2570 471 2600 Cf.
490 2572 571 2599 Mur.
593 2569 697 2598 Schol.
718 2567 750 2596 in
769 2567 868 2597 Arist.
889 2569 1017 2596 Raetos
1041 2571 1077 2596 11
1101 2570 1178 2603 opp.
1201 2571 1288 2597 'lom.
1308 2571 1362 2597 111.
1383 2575 1455 2603 pag.
1476 2569 1546 2597 776.

381 2618 425 2657 Ν’)
456 2619 494 2647 V.
514 2617 552 2651 4,
583 2618 629 2645 11.
671 2616 717 2645 Cf.
747 2618 827 2644 Mur.
857 2616 975 2645 Comm.
1004 2616 1035 2645 iu
1061 2617 1124 2645 (ie.
1146 2617 1240 2646 Catil.
1263 2618 1300 2644 11
1331 2616 1688 2652 Opp.⁷1¹01n.11.pag

247 2658 320 2688 593.
333 2631 396 2687 1ο.
417 2655 555 2685 Brodaei
574 2654 708 2683 Miseeil.
728 2655 780 2682 111.
801 2654 851 2682 27.
887 2654 922 2681 L.
942 2654 1043 2682 Coelii
1062 2654 1193 2689 itliodig.
1215 2656 1301 2683 lect.
1321 2658 1386 2683 ant.
1406 2655 1488 2684 xxl.
1507 2654 1537 2682 8.
1576 2655 1688 2682 Fausi.

323 2705 368 2741 κε)
389 2704 533 2733 Imitatur
553 2704 697 2731 Muretus
718 2701 900 2730 'ferentium
920 2703 1060 2731 Eunuch.
1083 2703 1119 2731 V.
1142 2704 1173 2734 4,
1194 2705 1244 2731 -3.5.

325 2754 393 2788 ωῑε)
415 2753 467 2780 lib.
487 2753 553 2781 xil.
575 2757 647 2786 pag.
666 2751 738 2779 523.
759 2750 793 2778 C.
815 2749 862 2778 ed.
884 2750 1021 2779 casaub.
1043 2750 1095 2779 ubi
1115 2750 1177 2779 vid.
1199 2750 1377 2786 schweigh.
1416 2753 1528 2780 FAsssr.

325 2801 419 2833 zzz-12)
441 2801 514 2828 adv.
537 2800 636 2828 levin.
659 2800 681 2827 1.
703 2806 764 2826 nou
784 2800 878 2831 longe
898 2806 917 2826 a
938 2798 1034 2832 princ.
1057 2800 1144 2827 Toni.
1165 2800 1209 2827 IV
1239 2806 1311 2834 pag.
1334 2800 1403 2828 145.
1425 2800 1474 2828 ed.
1495 2798 1688 2829 Benedictin.

251 2839 354 2869 Paris.
374 2839 463 2868 two.
485 2837 537 2868 ubi
554 2837 718 2867 scribitur:
740 2837 820 2870 quod
835 2837 1050 2871 descriptionis
1069 2836 1222 2866 dedecus?
1241 2843 1340 2866 nonne
1355 2838 1403 2866 vel
1421 2844 1478 2871 per
1491 2837 1609 2871 febrem
1629 2842 1688 2867 cet.
