1726 3106
143 661 205 693 249

502 648 584 705 Μ.
631 648 1012 706 ANTONII
1056 647 1408 708 MURETI

725 770 755 797 1.
796 769 833 797 C.
873 769 935 796 Ac
974 768 1107 795 CIVIS
1144 769 1185 796 R.

232 878 894 952 VARIARUM
963 877 1681 952 LEGTIONUM

624 1027 820 1068 LLBER
871 1024 1291 1068 UNDECIMUS.

762 1240 1055 1279 CAPUT
1111 1240 1143 1278 Ι.

275 1321 479 1361 Emendati
510 1320 588 1359 loci
619 1320 765 1370 aliquot
806 1331 855 1356 ειη
886 1320 1010 1369 primo
1053 1319 1149 1356 libro
1187 1317 1391 1355 Annalium
1424 1318 1552 1356 Taciti
1585 1317 1633 1356 ab

714 1387 872 1411 eoecessu
902 1375 982 1411 de‘vz'
1005 1374 1189 1423 Augusti.

232 1454 402 1513 MULTA
430 1475 502 1512 iam
530 1471 671 1524 pridem
705 1479 920 1510 notaveram
950 1473 985 1509 in
1017 1470 1064 1518 C.
1099 1471 1314 1510 Cornelium
1338 1471 1508 1510 Tacitum
1539 1484 1675 1523 eaque,

233 1538 274 1569 ut
304 1531 429 1576 soleo,
471 1542 552 1567 cum
582 1529 712 1565 amicis
743 1527 991 1577 compluribus
1019 1528 1402 1564 communicaveram:
1449 1527 1679 1577 cogitabam-

233 1599 305 1638 que
334 1598 442 1630 eum,
473 1585 504 1622 si
536 1583 687 1621 daretur
711 1583 881 1628 occasio,
923 1580 1036 1619 edere
1064 1594 1085 1618 a
1117 1582 1239 1619 multis
1270 1581 1393 1619 studio
1424 1589 1533 1632 atque
1565 1595 1680 1633 opera

233 1655 316 1680 mea
353 1653 522 1678 errorum
564 1638 720 1676 maculis
749 1637 989 1675 vindicatum.
1052 1635 1129 1674 Sed
1156 1636 1239 1674 dum
1272 1636 1366 1674 diem
1398 1649 1445 1674 ex
1475 1636 1534 1674 die
1565 1636 1676 1683 duco,

234 1704 457 1748 exspectans
500 1696 580 1732 eius
628 1692 725 1744 quod
766 1693 890 1730 animo
925 1705 1173 1743 conceperam
1211 1692 1399 1730 efficiendi
1439 1699 1549 1743 atque
1589 1705 1678 1731 exe-

233 1751 369 1804 quendi
397 1751 673 1789 maturitatem:
706 1761 796 1786 ecce
826 1749 893 1785 tibi
923 1748 1048 1785 Iustus
1078 1747 1231 1798 Lipsius
1247 1747 1318 1799 ³³⁶),
1352 1747 1572 1786 adolescens
1600 1748 1679 1786 ele-

234 1809 338 1860 ganti
362 1807 512 1858 ingenio
542 1804 733 1856 praeditus
765 1804 952 1855 mihique,
984 1802 1066 1840 dum
1099 1803 1241 1841 Romae
1272 1804 1363 1850 fuit,
1396 1803 1675 1854 perfamiliaris,

233 1871 307 1902 tam
349 1862 410 1900 diu
443 1862 513 1899 sibi
553 1859 797 1898 cunctandum
826 1872 913 1897 esse
940 1873 1011 1896 non
1040 1859 1193 1909 putavit.
1255 1858 1330 1896 Sed
1363 1872 1444 1897 cum
1475 1859 1555 1910 ipse
1587 1872 1678 1910 quo-

234 1932 305 1971 que
336 1931 382 1956 ex
411 1916 602 1955 veteribus
633 1916 758 1961 libris,
789 1928 881 1966 quos
910 1915 970 1952 hic
1001 1922 1129 1952 nactus
1159 1920 1255 1960 erat,
1287 1914 1398 1951 multa
1429 1915 1676 1960 correxisset,

234 1974 409 2013 nonnulla
449 1974 559 2010 etiam
597 1978 705 2009 acute
748 1977 785 2009 et
821 1971 1016 2020 ingeniose
1048 1971 1323 2020 excogitasset,
1361 1970 1483 2008 Taciti
1514 1969 1628 2007 libros
1655 1982 1678 2007 a

235 2043 275 2067 se
307 2028 524 2067 emendatos
556 2034 593 2065 et
624 2028 826 2064 illustratos
856 2026 1057 2076 publicavit
1072 2022 1162 2076 affl).
1225 2025 1299 2072 Qui
1329 2038 1410 2062 cum
1442 2024 1487 2062 ad
1514 2038 1570 2062 me
1591 2037 1677 2074 per-

234 2085 300 2123 lati
330 2091 459 2122 essent
492 2095 632 2132 eosque
672 2095 743 2118 una
773 2094 843 2131 ego
874 2088 911 2118 et
942 2080 1140 2118 Gisbertus
1171 2079 1300 2117 Oddus
1330 2080 1537 2117 Perusinus
1556 2077 1672 2131 ***),

236 2141 382 2192 quicum
422 2151 492 2188 ego
530 2144 616 2174 ante
658 2136 724 2173 hos
756 2135 952 2174 duodecim
982 2148 1098 2172 annos
1129 2136 1298 2173 Tacitum
1328 2142 1442 2172 totum
1474 2135 1677 2185 diligenter

235 2196 466 2239 evolveram,
498 2193 646 2230 curiose
679 2205 759 2229 cum
792 2204 852 2239 ρο,
884 2192 945 2241 qui
978 2198 1051 2227 tum
1081 2203 1101 2226 a
1133 2203 1190 2227 me
1223 2189 1439 2227 emendatus
1461 2197 1556 2235 crat,
1588 2203 1676 2227 con-

235 2252 337 2290 ferre
375 2263 418 2287 ac
454 2247 681 2286 contendere
722 2247 999 2296 coepissemus,
1039 2244 1351 2295 deprehendimus
1394 2247 1443 2282 ita
1474 2257 1586 2296 saepe
1617 2246 1675 2282 in-

236 2307 403 2346 currisse
433 2311 629 2354 utrumque
662 2309 826 2339 nostrum
862 2302 896 2337 in
929 2300 1058 2338 eadem
1091 2301 1273 2350 vestigia,
1305 2308 1367 2347 ut,
1401 2301 1461 2350 qui
1493 2313 1569 2338 rem
1602 2313 1675 2337 non

234 2368 380 2407 nosset,
411 2360 587 2411 pleraque
618 2358 817 2407 sumpsisse
847 2357 1002 2393 alterum
1027 2356 1072 2392 ab
1096 2356 1213 2393 altero
1239 2357 1509 2406 suspicaretur.
1554 2355 1674 2402 Quam

234 2425 357 2456 tamen
388 2415 639 2465 suspicionem
672 2420 708 2450 et
738 2426 758 2449 a
790 2425 871 2457 me,
906 2413 935 2448 si
970 2412 1062 2448 nihil
1093 2410 1216 2456 aliud,
1258 2419 1463 2461 temporum
1494 2412 1589 2448 ratio
1620 2411 1677 2448 fa-

235 2473 307 2511 cile
339 2471 534 2510 amolitur:
569 2481 689 2519 neque
720 2467 854 2505 cadere
885 2468 919 2504 iu
944 2467 1110 2517 Lipsium
1143 2467 1232 2503 sinit
1264 2465 1354 2503 fides
1381 2466 1496 2517 ipsius
1525 2479 1568 2504 ac
1588 2479 1675 2517 pro-

234 2528 353 2573 bitas,
397 2539 467 2577 qua
508 2525 572 2562 ille
612 2538 683 2561 non
725 2524 870 2569 minus,
920 2536 1026 2573 quam
1069 2523 1238 2572 ingenio,
1278 2522 1442 2559 excellit.
1511 2522 1672 2559 Gavisus

235 2597 315 2622 sum
352 2580 610 2627 adolescenti,
654 2579 759 2617 cuius
805 2591 876 2629 ego
912 2579 1099 2616 crescenti
1136 2578 1278 2628 gloriae
1317 2577 1511 2628 plurimum
1546 2577 1670 2623 faveo,

309 2728 353 2763 ἢκ)
374 2726 445 2757 Vid.
470 2728 552 2755 Mur.
574 2725 653 2762 opp.
683 2727 771 2755 Tom.
792 2726 814 2753 Ι.
835 2729 905 2758 pag.
927 2723 998 2751 471.
1019 2721 1090 2751 484.
1110 2724 1172 2752 535
1191 2730 1260 2758 sqq.
1280 2723 1343 2753 636
1363 2729 1431 2758 sqq.
1456 2720 1562 2757 ibique
1583 2722 1671 2750 'rho-

232 2774 376 2847 masffl)
397 2811 537 2841 Primum
556 2810 711 2843 Antverp.
733 2814 760 2836 a.
785 2808 873 2836 1573.
895 2808 1008 2836 deinde
1029 2815 1057 2835 a.
1082 2808 1170 2836 1600.
1195 2808 1283 2837 ¹607.

308 2861 402 2897 ετεωττ)
423 2860 494 2890 vid.
514 2861 592 2894 Epp.
612 2860 693 2887 Mur.
715 2857 755 2886 ad
776 2856 988 2887 Cardanetum
1009 2855 1087 2890 opp.
1110 2858 1197 2886 Tom.
1218 2858 1241 2886 1.
1264 2863 1332 2892 pag.
1355 2855 1426 2884 449.
1447 2855 1519 2884 451.
1539 2853 1601 2883 45⁴
1620 2862 1668 2891 sq.
