<?xml version="1.0" encoding="UTF-8"?>
<!DOCTYPE html PUBLIC "-//W3C//DTD XHTML 1.0 Transitional//EN"
    "http://www.w3.org/TR/xhtml1/DTD/xhtml1-transitional.dtd">
<html xmlns="http://www.w3.org/1999/xhtml" xml:lang="en" lang="en">
 <head>
  <title>
</title>
<meta http-equiv="Content-Type" content="text/html;charset=utf-8" />
  <meta name='ocr-system' content='tesseract 3.04.00' />
  <meta name='ocr-capabilities' content='ocr_page ocr_carea ocr_par ocr_line ocrx_word'/>
</head>
<body>
  <div class='ocr_page' id='page_1' title='image "./operaomniaexmssa03mureuoft/operaomniaexmssa03mureuoft_0503.png"; bbox 0 0 1778 3096; ppageno 0'>
   <div class='ocr_carea' id='block_1_1' title="bbox 513 146 1509 215">
    <p class='ocr_par' dir='ltr' id='par_1_1' title="bbox 513 146 1509 215">
     <span class='ocr_line' id='line_1_1' title="bbox 513 146 1509 215; baseline 0.002 -29"><span class='ocrx_word' id='word_1_1' title='bbox 513 147 614 186; x_wconf 87' lang='lat' dir='ltr'>LIB.</span> <span class='ocrx_word' id='word_1_2' title='bbox 647 146 775 215; x_wconf 37' lang='lat' dir='ltr'>XVII,</span> <span class='ocrx_word' id='word_1_3' title='bbox 834 147 952 188; x_wconf 83' lang='lat' dir='ltr'><strong>CAP.</strong></span> <span class='ocrx_word' id='word_1_4' title='bbox 984 147 1056 186; x_wconf 79' lang='lat' dir='ltr'>XI.</span> <span class='ocrx_word' id='word_1_5' title='bbox 1426 147 1509 188; x_wconf 73' lang='lat'>405</span> 
     </span>
    </p>
   </div>
   <div class='ocr_carea' id='block_1_2' title="bbox 61 255 1505 915">
    <p class='ocr_par' dir='ltr' id='par_1_2' title="bbox 61 255 1505 915">
     <span class='ocr_line' id='line_1_2' title="bbox 67 255 1505 310; baseline -0.001 -14"><span class='ocrx_word' id='word_1_6' title='bbox 67 256 164 310; x_wconf 89' lang='lat' dir='ltr'>quod</span> <span class='ocrx_word' id='word_1_7' title='bbox 201 264 241 295; x_wconf 92' lang='lat' dir='ltr'>ut</span> <span class='ocrx_word' id='word_1_8' title='bbox 277 256 429 309; x_wconf 85' lang='lat' dir='ltr'>probet,</span> <span class='ocrx_word' id='word_1_9' title='bbox 454 257 578 310; x_wconf 29' lang='lat' dir='ltr'>*quasi</span> <span class='ocrx_word' id='word_1_10' title='bbox 616 256 722 295; x_wconf 87' lang='lat' dir='ltr'>valde</span> <span class='ocrx_word' id='word_1_11' title='bbox 763 256 933 304; x_wconf 90' lang='lat' dir='ltr'>dubium,</span> <span class='ocrx_word' id='word_1_12' title='bbox 975 256 1124 296; x_wconf 83' lang='lat' dir='ltr'>adducit</span> <span class='ocrx_word' id='word_1_13' title='bbox 1161 258 1272 295; x_wconf 87' lang='lat' dir='ltr'>etiam</span> <span class='ocrx_word' id='word_1_14' title='bbox 1310 255 1505 307; x_wconf 72' lang='lat' dir='ltr'>Euripidis</span> 
     </span>
     <span class='ocr_line' id='line_1_3' title="bbox 67 308 1498 364; baseline -0.002 -12"><span class='ocrx_word' id='word_1_15' title='bbox 67 327 212 352; x_wconf 79' lang='lat' dir='ltr'>versus.</span> <span class='ocrx_word' id='word_1_16' title='bbox 273 312 409 363; x_wconf 86' lang='lat' dir='ltr'>Atqui,</span> <span class='ocrx_word' id='word_1_17' title='bbox 440 311 470 350; x_wconf 83' lang='grc' dir='ltr'><strong><em>ὠ</em></strong></span> <span class='ocrx_word' id='word_1_18' title='bbox 495 308 754 364; x_wconf 75' lang='grc' dir='ltr'><strong>’γαθέ,.(]υοά</strong></span> <span class='ocrx_word' id='word_1_19' title='bbox 788 319 825 350; x_wconf 87' lang='lat' dir='ltr'>tu</span> <span class='ocrx_word' id='word_1_20' title='bbox 856 312 973 359; x_wconf 91' lang='lat' dir='ltr'>dicis,</span> <span class='ocrx_word' id='word_1_21' title='bbox 1002 312 1039 350; x_wconf 91' lang='lat' dir='ltr'>id</span> <span class='ocrx_word' id='word_1_22' title='bbox 1071 314 1188 364; x_wconf 89' lang='lat' dir='ltr'>ipsum</span> <span class='ocrx_word' id='word_1_23' title='bbox 1217 311 1354 350; x_wconf 86' lang='lat' dir='ltr'>Cicero</span> <span class='ocrx_word' id='word_1_24' title='bbox 1384 311 1498 349; x_wconf 64' lang='lat' dir='ltr'>dicitt</span> 
     </span>
     <span class='ocr_line' id='line_1_4' title="bbox 66 366 1500 419; baseline -0.001 -14"><span class='ocrx_word' id='word_1_25' title='bbox 66 375 194 419; x_wconf 88' lang='lat' dir='ltr'>tuque,</span> <span class='ocrx_word' id='word_1_26' title='bbox 223 366 328 413; x_wconf 88' lang='lat' dir='ltr'>dum,</span> <span class='ocrx_word' id='word_1_27' title='bbox 360 373 398 403; x_wconf 89' lang='lat' dir='ltr'>ut</span> <span class='ocrx_word' id='word_1_28' title='bbox 422 374 655 418; x_wconf 87' lang='lat' dir='ltr'>corruptum,</span> <span class='ocrx_word' id='word_1_29' title='bbox 686 369 735 404; x_wconf 85' lang='lat' dir='ltr'>ita</span> <span class='ocrx_word' id='word_1_30' title='bbox 763 368 947 417; x_wconf 88' lang='lat' dir='ltr'>integrum</span> <span class='ocrx_word' id='word_1_31' title='bbox 978 375 1015 405; x_wconf 88' lang='lat' dir='ltr'>et</span> <span class='ocrx_word' id='word_1_32' title='bbox 1041 369 1130 406; x_wconf 84' lang='lat' dir='ltr'>vitio</span> <span class='ocrx_word' id='word_1_33' title='bbox 1161 374 1350 405; x_wconf 77' lang='lat' dir='ltr'><strong>carentem</strong></span> <span class='ocrx_word' id='word_1_34' title='bbox 1381 366 1500 404; x_wconf 84' lang='lat' dir='ltr'>locum</span> 
     </span>
     <span class='ocr_line' id='line_1_5' title="bbox 67 421 1497 472; baseline -0.001 -12"><span class='ocrx_word' id='word_1_35' title='bbox 67 422 266 460; x_wconf 89' lang='lat' dir='ltr'>emendare</span> <span class='ocrx_word' id='word_1_36' title='bbox 297 422 468 467; x_wconf 84' lang='lat' dir='ltr'>conaris,</span> <span class='ocrx_word' id='word_1_37' title='bbox 511 422 676 460; x_wconf 91' lang='lat' dir='ltr'>ostendis</span> <span class='ocrx_word' id='word_1_38' title='bbox 706 429 743 459; x_wconf 90' lang='lat' dir='ltr'>te</span> <span class='ocrx_word' id='word_1_39' title='bbox 773 422 871 459; x_wconf 91' lang='lat' dir='ltr'>aliud</span> <span class='ocrx_word' id='word_1_40' title='bbox 901 423 1046 472; x_wconf 81' lang='lat' dir='ltr'>egisse,</span> <span class='ocrx_word' id='word_1_41' title='bbox 1089 436 1170 460; x_wconf 88' lang='lat' dir='ltr'>cum</span> <span class='ocrx_word' id='word_1_42' title='bbox 1201 423 1264 460; x_wconf 88' lang='lat' dir='ltr'>illa</span> <span class='ocrx_word' id='word_1_43' title='bbox 1295 421 1497 459; x_wconf 80' lang='lat' dir='ltr'>scriberes,</span> 
     </span>
     <span class='ocr_line' id='line_1_6' title="bbox 64 476 1499 528; baseline -0.001 -13"><span class='ocrx_word' id='word_1_44' title='bbox 64 477 150 515; x_wconf 91' lang='lat' dir='ltr'>Non</span> <span class='ocrx_word' id='word_1_45' title='bbox 180 478 276 515; x_wconf 91' lang='lat' dir='ltr'>enim</span> <span class='ocrx_word' id='word_1_46' title='bbox 308 477 377 514; x_wconf 89' lang='lat' dir='ltr'>hoc</span> <span class='ocrx_word' id='word_1_47' title='bbox 409 477 653 526; x_wconf 80' lang='lat' dir='ltr'>significatur,</span> <span class='ocrx_word' id='word_1_48' title='bbox 674 477 838 514; x_wconf 74' lang='lat' dir='ltr'>confixos</span> <span class='ocrx_word' id='word_1_49' title='bbox 865 489 950 514; x_wconf 91' lang='lat' dir='ltr'>esse</span> <span class='ocrx_word' id='word_1_50' title='bbox 977 477 1022 514; x_wconf 89' lang='lat' dir='ltr'>ab</span> <span class='ocrx_word' id='word_1_51' title='bbox 1041 477 1208 515; x_wconf 82' lang='lat' dir='ltr'>Hercule</span> <span class='ocrx_word' id='word_1_52' title='bbox 1232 484 1272 515; x_wconf 91' lang='lat' dir='ltr'>ut</span> <span class='ocrx_word' id='word_1_53' title='bbox 1291 476 1499 528; x_wconf 84' lang='lat' dir='ltr'>Eurysthei</span> 
     </span>
     <span class='ocr_line' id='line_1_7' title="bbox 66 530 1499 583; baseline 0 -14"><span class='ocrx_word' id='word_1_54' title='bbox 66 533 180 577; x_wconf 86' lang='lat' dir='ltr'>filios,</span> <span class='ocrx_word' id='word_1_55' title='bbox 203 533 253 569; x_wconf 87' lang='lat' dir='ltr'>ita</span> <span class='ocrx_word' id='word_1_56' title='bbox 282 532 393 569; x_wconf 82' lang='lat' dir='ltr'>etiam</span> <span class='ocrx_word' id='word_1_57' title='bbox 422 545 531 569; x_wconf 89' lang='lat' dir='ltr'>suos:</span> <span class='ocrx_word' id='word_1_58' title='bbox 563 531 627 569; x_wconf 87' lang='lat' dir='ltr'>sed</span> <span class='ocrx_word' id='word_1_59' title='bbox 650 533 700 568; x_wconf 88' lang='lat' dir='ltr'>ita</span> <span class='ocrx_word' id='word_1_60' title='bbox 721 532 885 569; x_wconf 80' lang='lat' dir='ltr'>confixos</span> <span class='ocrx_word' id='word_1_61' title='bbox 908 544 1010 577; x_wconf 86' lang='lat' dir='ltr'>suos,</span> <span class='ocrx_word' id='word_1_62' title='bbox 1041 539 1080 569; x_wconf 88' lang='lat' dir='ltr'>ut</span> <span class='ocrx_word' id='word_1_63' title='bbox 1103 534 1135 569; x_wconf 90' lang='lat' dir='ltr'>si</span> <span class='ocrx_word' id='word_1_64' title='bbox 1156 531 1379 583; x_wconf 79' lang='lat' dir='ltr'>Eurysthei,</span> <span class='ocrx_word' id='word_1_65' title='bbox 1401 530 1499 582; x_wconf 91' lang='lat' dir='ltr'>quod</span> 
     </span>
     <span class='ocr_line' id='line_1_8' title="bbox 63 585 1497 638; baseline -0.001 -14"><span class='ocrx_word' id='word_1_66' title='bbox 63 587 125 625; x_wconf 91' lang='lat' dir='ltr'>ille</span> <span class='ocrx_word' id='word_1_67' title='bbox 154 587 344 624; x_wconf 90' lang='lat' dir='ltr'>insaniens</span> <span class='ocrx_word' id='word_1_68' title='bbox 373 587 544 638; x_wconf 83' lang='lat' dir='ltr'>putabat,</span> <span class='ocrx_word' id='word_1_69' title='bbox 577 588 640 624; x_wconf 83' lang='lat' dir='ltr'>filii</span> <span class='ocrx_word' id='word_1_70' title='bbox 672 587 841 624; x_wconf 86' lang='lat' dir='ltr'>fuissent.</span> <span class='ocrx_word' id='word_1_71' title='bbox 900 585 1082 636; x_wconf 87' lang='lat' dir='ltr'>Equidem</span> <span class='ocrx_word' id='word_1_72' title='bbox 1113 587 1144 624; x_wconf 91' lang='lat' dir='ltr'>si</span> <span class='ocrx_word' id='word_1_73' title='bbox 1175 588 1258 637; x_wconf 92' lang='lat' dir='ltr'>quis</span> <span class='ocrx_word' id='word_1_74' title='bbox 1289 587 1358 624; x_wconf 93' lang='lat' dir='ltr'>hoc</span> <span class='ocrx_word' id='word_1_75' title='bbox 1387 585 1497 624; x_wconf 87' lang='lat' dir='ltr'>modo</span> 
     </span>
     <span class='ocr_line' id='line_1_9' title="bbox 63 641 1495 693; baseline -0.001 -14"><span class='ocrx_word' id='word_1_76' title='bbox 63 641 252 693; x_wconf 88' lang='lat' dir='ltr'>loquatur:</span> <span class='ocrx_word' id='word_1_77' title='bbox 290 641 467 680; x_wconf 80' lang='lat' dir='ltr'>Socrates</span> <span class='ocrx_word' id='word_1_78' title='bbox 498 644 631 692; x_wconf 82' lang='lat' dir='ltr'>eapitis</span> <span class='ocrx_word' id='word_1_79' title='bbox 660 641 872 687; x_wconf 85' lang='lat' dir='ltr'>damnatus,</span> <span class='ocrx_word' id='word_1_80' title='bbox 911 648 951 679; x_wconf 89' lang='lat' dir='ltr'>ut</span> <span class='ocrx_word' id='word_1_81' title='bbox 981 642 1156 688; x_wconf 88' lang='lat' dir='ltr'>mulsum,</span> <span class='ocrx_word' id='word_1_82' title='bbox 1190 643 1242 679; x_wconf 87' lang='lat' dir='ltr'>ita</span> <span class='ocrx_word' id='word_1_83' title='bbox 1270 642 1399 679; x_wconf 87' lang='lat' dir='ltr'>hilaris</span> <span class='ocrx_word' id='word_1_84' title='bbox 1430 641 1495 679; x_wconf 85' lang='lat' dir='ltr'>ob-</span> 
     </span>
     <span class='ocr_line' id='line_1_10' title="bbox 63 696 1496 748; baseline -0.001 -14"><span class='ocrx_word' id='word_1_85' title='bbox 63 696 167 734; x_wconf 83' lang='lat' dir='ltr'>duxit</span> <span class='ocrx_word' id='word_1_86' title='bbox 192 710 398 734; x_wconf 90' lang='lat' dir='ltr'>venenum:</span> <span class='ocrx_word' id='word_1_87' title='bbox 440 711 512 735; x_wconf 88' lang='lat' dir='ltr'>non</span> <span class='ocrx_word' id='word_1_88' title='bbox 542 698 592 735; x_wconf 90' lang='lat' dir='ltr'>ita</span> <span class='ocrx_word' id='word_1_89' title='bbox 622 698 828 748; x_wconf 81' lang='lat' dir='ltr'>accipiam,</span> <span class='ocrx_word' id='word_1_90' title='bbox 869 703 908 734; x_wconf 88' lang='lat' dir='ltr'>ut</span> <span class='ocrx_word' id='word_1_91' title='bbox 938 703 976 734; x_wconf 88' lang='lat' dir='ltr'>et</span> <span class='ocrx_word' id='word_1_92' title='bbox 1002 697 1154 734; x_wconf 82' lang='lat' dir='ltr'>mulsum</span> <span class='ocrx_word' id='word_1_93' title='bbox 1195 704 1233 734; x_wconf 92' lang='lat' dir='ltr'>et</span> <span class='ocrx_word' id='word_1_94' title='bbox 1262 709 1444 734; x_wconf 89' lang='lat' dir='ltr'>venenum</span> <span class='ocrx_word' id='word_1_95' title='bbox 1473 709 1496 733; x_wconf 80' lang='lat' dir='ltr'>a</span> 
     </span>
     <span class='ocr_line' id='line_1_11' title="bbox 61 751 1495 802; baseline -0.001 -13"><span class='ocrx_word' id='word_1_96' title='bbox 61 753 218 789; x_wconf 84' lang='lat' dir='ltr'>Socrate</span> <span class='ocrx_word' id='word_1_97' title='bbox 259 760 403 802; x_wconf 87' lang='lat' dir='ltr'>epotum</span> <span class='ocrx_word' id='word_1_98' title='bbox 439 759 583 802; x_wconf 86' lang='lat' dir='ltr'>putem:</span> <span class='ocrx_word' id='word_1_99' title='bbox 634 752 699 789; x_wconf 93' lang='lat' dir='ltr'>sed</span> <span class='ocrx_word' id='word_1_100' title='bbox 734 751 863 789; x_wconf 89' lang='lat' dir='ltr'>eadem</span> <span class='ocrx_word' id='word_1_101' title='bbox 906 751 1094 789; x_wconf 80' lang='lat' dir='ltr'>hilaritate</span> <span class='ocrx_word' id='word_1_102' title='bbox 1131 751 1327 789; x_wconf 82' lang='lat' dir='ltr'>obductum</span> <span class='ocrx_word' id='word_1_103' title='bbox 1367 751 1413 788; x_wconf 89' lang='lat' dir='ltr'>ab</span> <span class='ocrx_word' id='word_1_104' title='bbox 1448 763 1495 788; x_wconf 90' lang='lat' dir='ltr'>eo</span> 
     </span>
     <span class='ocr_line' id='line_1_12' title="bbox 61 805 1496 859; baseline 0 -15"><span class='ocrx_word' id='word_1_105' title='bbox 61 819 265 853; x_wconf 79' lang='lat' dir='ltr'>venenum,</span> <span class='ocrx_word' id='word_1_106' title='bbox 305 819 350 844; x_wconf 86' lang='lat' dir='ltr'>ae</span> <span class='ocrx_word' id='word_1_107' title='bbox 377 807 407 844; x_wconf 92' lang='lat' dir='ltr'>si</span> <span class='ocrx_word' id='word_1_108' title='bbox 441 808 594 844; x_wconf 88' lang='lat' dir='ltr'>mulsum</span> <span class='ocrx_word' id='word_1_109' title='bbox 632 807 779 846; x_wconf 78' lang='lat' dir='ltr'>fuisset.</span> <span class='ocrx_word' id='word_1_110' title='bbox 838 805 914 845; x_wconf 88' lang='lat' dir='ltr'>Sed</span> <span class='ocrx_word' id='word_1_111' title='bbox 944 819 991 845; x_wconf 88' lang='lat' dir='ltr'>ne</span> <span class='ocrx_word' id='word_1_112' title='bbox 1026 807 1155 859; x_wconf 88' lang='lat' dir='ltr'>optimi</span> <span class='ocrx_word' id='word_1_113' title='bbox 1185 805 1331 859; x_wconf 90' lang='lat' dir='ltr'>quidem</span> <span class='ocrx_word' id='word_1_114' title='bbox 1360 806 1496 844; x_wconf 81' lang='lat' dir='ltr'>iacula-</span> 
     </span>
     <span class='ocr_line' id='line_1_13' title="bbox 62 860 633 915; baseline 0.004 -17"><span class='ocrx_word' id='word_1_115' title='bbox 62 868 164 900; x_wconf 84' lang='lat' dir='ltr'>tores</span> <span class='ocrx_word' id='word_1_116' title='bbox 193 875 342 913; x_wconf 86' lang='lat' dir='ltr'>semper</span> <span class='ocrx_word' id='word_1_117' title='bbox 367 861 554 900; x_wconf 87' lang='lat' dir='ltr'>collimant</span> <span class='ocrx_word' id='word_1_118' title='bbox 567 860 633 915; x_wconf 52' lang='grc' dir='ltr'>Ἰ’·’4).</span> 
     </span>
    </p>
   </div>
   <div class='ocr_carea' id='block_1_3' title="bbox 571 992 989 1032">
    <p class='ocr_par' dir='ltr' id='par_1_3' title="bbox 571 992 989 1032">
     <span class='ocr_line' id='line_1_14' title="bbox 571 992 989 1032; baseline -0.002 0"><span class='ocrx_word' id='word_1_119' title='bbox 571 992 853 1032; x_wconf 85' lang='lat' dir='ltr'><strong>CAPUT</strong></span> <span class='ocrx_word' id='word_1_120' title='bbox 908 992 989 1032; x_wconf 88' lang='lat' dir='ltr'>XI.</span> 
     </span>
    </p>
   </div>
   <div class='ocr_carea' id='block_1_4' title="bbox 59 1069 1494 1178">
    <p class='ocr_par' dir='ltr' id='par_1_4' title="bbox 59 1069 1494 1178">
     <span class='ocr_line' id='line_1_15' title="bbox 59 1069 1494 1122; baseline -0.002 -13"><span class='ocrx_word' id='word_1_121' title='bbox 59 1072 196 1120; x_wconf 73' lang='lat' dir='ltr'>Lysiae</span> <span class='ocrx_word' id='word_1_122' title='bbox 223 1071 392 1110; x_wconf 74' lang='lat' dir='ltr'>laudatio</span> <span class='ocrx_word' id='word_1_123' title='bbox 416 1083 558 1117; x_wconf 81' lang='lat' dir='ltr'>eorum,</span> <span class='ocrx_word' id='word_1_124' title='bbox 583 1071 651 1122; x_wconf 80' lang='lat' dir='ltr'>qm‘</span> <span class='ocrx_word' id='word_1_125' title='bbox 670 1071 878 1109; x_wconf 54' lang='lat' dir='ltr'>cormunis</span> <span class='ocrx_word' id='word_1_126' title='bbox 904 1084 1004 1121; x_wconf 82' lang='lat' dir='ltr'>opem</span> <span class='ocrx_word' id='word_1_127' title='bbox 1022 1069 1198 1121; x_wconf 79' lang='lat' dir='ltr'>serentes</span> <span class='ocrx_word' id='word_1_128' title='bbox 1221 1070 1494 1118; x_wconf 72' lang='lat' dir='ltr'>occubuerunt,</span> 
     </span>
     <span class='ocr_line' id='line_1_16' title="bbox 464 1123 1083 1178; baseline -0.002 -13"><span class='ocrx_word' id='word_1_129' title='bbox 464 1127 556 1165; x_wconf 70' lang='lat' dir='ltr'>locis</span> <span class='ocrx_word' id='word_1_130' title='bbox 584 1127 729 1176; x_wconf 73' lang='lat' dir='ltr'>aliquot</span> <span class='ocrx_word' id='word_1_131' title='bbox 757 1127 978 1164; x_wconf 80' lang='lat' dir='ltr'>emendatur</span> <span class='ocrx_word' id='word_1_132' title='bbox 992 1123 1083 1178; x_wconf 38' lang='grc' dir='ltr'>ἢ).</span> 
     </span>
    </p>
   </div>
   <div class='ocr_carea' id='block_1_5' title="bbox 52 1192 1582 2311">
    <p class='ocr_par' dir='ltr' id='par_1_5' title="bbox 52 1192 1582 2311">
     <span class='ocr_line' id='line_1_17' title="bbox 58 1192 1494 1264; baseline 0 -16"><span class='ocrx_word' id='word_1_133' title='bbox 58 1192 114 1249; x_wconf 79' lang='lat' dir='ltr'>Si</span> <span class='ocrx_word' id='word_1_134' title='bbox 145 1219 313 1263; x_wconf 85' lang='lat' dir='ltr'>putarem</span> <span class='ocrx_word' id='word_1_135' title='bbox 345 1213 452 1259; x_wconf 83' lang='lat' dir='ltr'>fore,</span> <span class='ocrx_word' id='word_1_136' title='bbox 491 1220 530 1251; x_wconf 89' lang='lat' dir='ltr'>ut</span> <span class='ocrx_word' id='word_1_137' title='bbox 555 1213 680 1264; x_wconf 89' lang='lat' dir='ltr'>optimi</span> <span class='ocrx_word' id='word_1_138' title='bbox 711 1214 939 1263; x_wconf 86' lang='lat' dir='ltr'>scriptores,</span> <span class='ocrx_word' id='word_1_139' title='bbox 974 1212 1112 1250; x_wconf 89' lang='lat' dir='ltr'>Graeci</span> <span class='ocrx_word' id='word_1_140' title='bbox 1142 1211 1390 1263; x_wconf 84' lang='lat' dir='ltr'>praesertim,</span> <span class='ocrx_word' id='word_1_141' title='bbox 1433 1212 1494 1261; x_wconf 80' lang='lat' dir='ltr'>qni</span> 
     </span>
     <span class='ocr_line' id='line_1_18' title="bbox 55 1265 1498 1320; baseline -0.001 -15"><span class='ocrx_word' id='word_1_142' title='bbox 55 1267 102 1305; x_wconf 85' lang='lat' dir='ltr'>ab</span> <span class='ocrx_word' id='word_1_143' title='bbox 140 1268 288 1318; x_wconf 86' lang='lat' dir='ltr'>optimis</span> <span class='ocrx_word' id='word_1_144' title='bbox 328 1274 367 1305; x_wconf 83' lang='lat' dir='ltr'>et</span> <span class='ocrx_word' id='word_1_145' title='bbox 405 1269 695 1305; x_wconf 78' lang='lat' dir='ltr'>accuratissimis</span> <span class='ocrx_word' id='word_1_146' title='bbox 736 1268 978 1319; x_wconf 75' lang='lat' dir='ltr'>typographis</span> <span class='ocrx_word' id='word_1_147' title='bbox 995 1265 1096 1320; x_wconf 60' lang='lat'>***)</span> <span class='ocrx_word' id='word_1_148' title='bbox 1143 1266 1232 1304; x_wconf 88' lang='lat' dir='ltr'>editi</span> <span class='ocrx_word' id='word_1_149' title='bbox 1277 1267 1347 1302; x_wconf 86' lang='lat' dir='ltr'>iam</span> <span class='ocrx_word' id='word_1_150' title='bbox 1391 1273 1498 1311; x_wconf 80' lang='lat' dir='ltr'>sunt,</span> 
     </span>
     <span class='ocr_line' id='line_1_19' title="bbox 55 1321 1494 1373; baseline -0.001 -14"><span class='ocrx_word' id='word_1_151' title='bbox 55 1323 139 1359; x_wconf 81' lang='lat' dir='ltr'>vivo</span> <span class='ocrx_word' id='word_1_152' title='bbox 169 1321 288 1360; x_wconf 88' lang='lat' dir='ltr'>adhue</span> <span class='ocrx_word' id='word_1_153' title='bbox 327 1329 364 1360; x_wconf 89' lang='lat' dir='ltr'>et</span> <span class='ocrx_word' id='word_1_154' title='bbox 393 1323 557 1373; x_wconf 83' lang='lat' dir='ltr'>spirante</span> <span class='ocrx_word' id='word_1_155' title='bbox 586 1335 644 1359; x_wconf 90' lang='lat' dir='ltr'>me</span> <span class='ocrx_word' id='word_1_156' title='bbox 678 1321 798 1359; x_wconf 92' lang='lat' dir='ltr'>denuo</span> <span class='ocrx_word' id='word_1_157' title='bbox 824 1322 1045 1360; x_wconf 77' lang='lat' dir='ltr'>ederentur:</span> <span class='ocrx_word' id='word_1_158' title='bbox 1089 1322 1178 1359; x_wconf 92' lang='lat' dir='ltr'>nihil</span> <span class='ocrx_word' id='word_1_159' title='bbox 1216 1321 1389 1358; x_wconf 79' lang='lat' dir='ltr'>fortassis</span> <span class='ocrx_word' id='word_1_160' title='bbox 1430 1333 1494 1357; x_wconf 88' lang='lat' dir='ltr'>ne-</span> 
     </span>
     <span class='ocr_line' id='line_1_20' title="bbox 55 1374 1494 1428; baseline -0.001 -13"><span class='ocrx_word' id='word_1_161' title='bbox 55 1388 163 1415; x_wconf 90' lang='lat' dir='ltr'>cesse</span> <span class='ocrx_word' id='word_1_162' title='bbox 194 1377 384 1423; x_wconf 89' lang='lat' dir='ltr'>haberem,</span> <span class='ocrx_word' id='word_1_163' title='bbox 408 1388 501 1428; x_wconf 83' lang='lat' dir='ltr'>qnae</span> <span class='ocrx_word' id='word_1_164' title='bbox 530 1378 564 1415; x_wconf 92' lang='lat' dir='ltr'>iu</span> <span class='ocrx_word' id='word_1_165' title='bbox 589 1378 645 1415; x_wconf 88' lang='lat' dir='ltr'>eis</span> <span class='ocrx_word' id='word_1_166' title='bbox 675 1376 873 1428; x_wconf 78' lang='lat' dir='ltr'>depravata</span> <span class='ocrx_word' id='word_1_167' title='bbox 900 1376 1027 1423; x_wconf 87' lang='lat' dir='ltr'>video,</span> <span class='ocrx_word' id='word_1_168' title='bbox 1051 1375 1234 1428; x_wconf 89' lang='lat' dir='ltr'>quomodo</span> <span class='ocrx_word' id='word_1_169' title='bbox 1263 1374 1494 1413; x_wconf 71' lang='lat' dir='ltr'>emendanda</span> 
     </span>
     <span class='ocr_line' id='line_1_21' title="bbox 54 1429 1494 1483; baseline -0.002 -14"><span class='ocrx_word' id='word_1_170' title='bbox 54 1439 202 1483; x_wconf 85' lang='lat' dir='ltr'>putem,</span> <span class='ocrx_word' id='word_1_171' title='bbox 235 1434 272 1470; x_wconf 90' lang='lat' dir='ltr'>in</span> <span class='ocrx_word' id='word_1_172' title='bbox 305 1432 371 1469; x_wconf 90' lang='lat' dir='ltr'>hos</span> <span class='ocrx_word' id='word_1_173' title='bbox 399 1433 513 1470; x_wconf 90' lang='lat' dir='ltr'>libros</span> <span class='ocrx_word' id='word_1_174' title='bbox 543 1433 712 1470; x_wconf 84' lang='lat' dir='ltr'>referre:</span> <span class='ocrx_word' id='word_1_175' title='bbox 745 1433 906 1483; x_wconf 84' lang='lat' dir='ltr'>satisque</span> <span class='ocrx_word' id='word_1_176' title='bbox 936 1432 1111 1469; x_wconf 87' lang='lat' dir='ltr'>haberem</span> <span class='ocrx_word' id='word_1_177' title='bbox 1142 1445 1186 1469; x_wconf 87' lang='lat' dir='ltr'>ea</span> <span class='ocrx_word' id='word_1_178' title='bbox 1217 1444 1331 1468; x_wconf 80' lang='lat' dir='ltr'>novas</span> <span class='ocrx_word' id='word_1_179' title='bbox 1357 1429 1494 1467; x_wconf 87' lang='lat' dir='ltr'>editio-</span> 
     </span>
     <span class='ocr_line' id='line_1_22' title="bbox 54 1485 1494 1535; baseline -0.001 -10"><span class='ocrx_word' id='word_1_180' title='bbox 54 1501 121 1525; x_wconf 85' lang='lat' dir='ltr'>nes</span> <span class='ocrx_word' id='word_1_181' title='bbox 151 1487 414 1525; x_wconf 88' lang='lat' dir='ltr'>adornautibus</span> <span class='ocrx_word' id='word_1_182' title='bbox 444 1486 622 1524; x_wconf 85' lang='lat' dir='ltr'>indicare.</span> <span class='ocrx_word' id='word_1_183' title='bbox 676 1486 751 1525; x_wconf 88' lang='lat' dir='ltr'>Sed</span> <span class='ocrx_word' id='word_1_184' title='bbox 781 1501 861 1524; x_wconf 90' lang='lat' dir='ltr'>cum</span> <span class='ocrx_word' id='word_1_185' title='bbox 893 1494 929 1524; x_wconf 87' lang='lat' dir='ltr'>et</span> <span class='ocrx_word' id='word_1_186' title='bbox 958 1495 1062 1525; x_wconf 86' lang='lat' dir='ltr'>aetas</span> <span class='ocrx_word' id='word_1_187' title='bbox 1087 1500 1145 1524; x_wconf 90' lang='lat' dir='ltr'>me</span> <span class='ocrx_word' id='word_1_188' title='bbox 1173 1488 1243 1523; x_wconf 88' lang='lat' dir='ltr'>iam</span> <span class='ocrx_word' id='word_1_189' title='bbox 1276 1485 1311 1522; x_wconf 87' lang='lat' dir='ltr'>id</span> <span class='ocrx_word' id='word_1_190' title='bbox 1341 1498 1494 1535; x_wconf 85' lang='lat' dir='ltr'>sperare</span> 
     </span>
     <span class='ocr_line' id='line_1_23' title="bbox 54 1540 1491 1594; baseline -0.003 -14"><span class='ocrx_word' id='word_1_191' title='bbox 54 1542 273 1594; x_wconf 86' lang='lat' dir='ltr'>prohibeat,</span> <span class='ocrx_word' id='word_1_192' title='bbox 304 1549 342 1580; x_wconf 88' lang='lat' dir='ltr'>et</span> <span class='ocrx_word' id='word_1_193' title='bbox 372 1542 577 1580; x_wconf 84' lang='lat' dir='ltr'>litterarum</span> <span class='ocrx_word' id='word_1_194' title='bbox 600 1542 827 1579; x_wconf 84' lang='lat' dir='ltr'>Graecarum</span> <span class='ocrx_word' id='word_1_195' title='bbox 859 1541 993 1588; x_wconf 85' lang='lat' dir='ltr'>studia,</span> <span class='ocrx_word' id='word_1_196' title='bbox 1026 1542 1152 1579; x_wconf 86' lang='lat' dir='ltr'>saltem</span> <span class='ocrx_word' id='word_1_197' title='bbox 1186 1542 1221 1577; x_wconf 91' lang='lat' dir='ltr'>in</span> <span class='ocrx_word' id='word_1_198' title='bbox 1252 1541 1358 1577; x_wconf 86' lang='lat' dir='ltr'>ltalia</span> <span class='ocrx_word' id='word_1_199' title='bbox 1389 1540 1491 1587; x_wconf 85' lang='lat' dir='ltr'>(nam</span> 
     </span>
     <span class='ocr_line' id='line_1_24' title="bbox 54 1595 1582 1648; baseline 0 -14"><span class='ocrx_word' id='word_1_200' title='bbox 54 1598 100 1635; x_wconf 88' lang='lat' dir='ltr'>de</span> <span class='ocrx_word' id='word_1_201' title='bbox 130 1598 213 1634; x_wconf 86' lang='lat' dir='ltr'>aliis</span> <span class='ocrx_word' id='word_1_202' title='bbox 243 1597 415 1648; x_wconf 87' lang='lat' dir='ltr'>gentibus</span> <span class='ocrx_word' id='word_1_203' title='bbox 447 1598 537 1634; x_wconf 87' lang='lat' dir='ltr'>nihil</span> <span class='ocrx_word' id='word_1_204' title='bbox 567 1598 750 1635; x_wconf 83' lang='lat' dir='ltr'>affirmare</span> <span class='ocrx_word' id='word_1_205' title='bbox 774 1597 943 1648; x_wconf 88' lang='lat' dir='ltr'>possum)</span> <span class='ocrx_word' id='word_1_206' title='bbox 970 1598 1019 1633; x_wconf 81' lang='lat' dir='ltr'>ita</span> <span class='ocrx_word' id='word_1_207' title='bbox 1041 1595 1206 1647; x_wconf 88' lang='lat' dir='ltr'>quotidie</span> <span class='ocrx_word' id='word_1_208' title='bbox 1236 1597 1491 1645; x_wconf 79' lang='lat' dir='ltr'>refrigescere</span> <span class='ocrx_word' id='word_1_209' title='bbox 1519 1602 1582 1634; x_wconf 78' lang='lat'>426</span> 
     </span>
     <span class='ocr_line' id='line_1_25' title="bbox 53 1650 1491 1703; baseline -0.001 -14"><span class='ocrx_word' id='word_1_210' title='bbox 53 1652 223 1698; x_wconf 83' lang='lat' dir='ltr'>videam,</span> <span class='ocrx_word' id='word_1_211' title='bbox 263 1659 303 1689; x_wconf 84' lang='lat' dir='ltr'>ut</span> <span class='ocrx_word' id='word_1_212' title='bbox 341 1653 570 1699; x_wconf 76' lang='lat' dir='ltr'>existimem,</span> <span class='ocrx_word' id='word_1_213' title='bbox 609 1665 629 1689; x_wconf 89' lang='lat' dir='ltr'>a</span> <span class='ocrx_word' id='word_1_214' title='bbox 668 1665 762 1689; x_wconf 88' lang='lat' dir='ltr'>nova</span> <span class='ocrx_word' id='word_1_215' title='bbox 801 1652 1065 1703; x_wconf 83' lang='lat' dir='ltr'>praestantium</span> <span class='ocrx_word' id='word_1_216' title='bbox 1107 1652 1284 1689; x_wconf 88' lang='lat' dir='ltr'>librorum</span> <span class='ocrx_word' id='word_1_217' title='bbox 1325 1650 1491 1688; x_wconf 86' lang='lat' dir='ltr'>editione</span> 
     </span>
     <span class='ocr_line' id='line_1_26' title="bbox 52 1706 1489 1758; baseline -0.002 -13"><span class='ocrx_word' id='word_1_218' title='bbox 52 1708 225 1745; x_wconf 82' lang='lat' dir='ltr'>librarios</span> <span class='ocrx_word' id='word_1_219' title='bbox 265 1714 468 1758; x_wconf 89' lang='lat' dir='ltr'>emptorum</span> <span class='ocrx_word' id='word_1_220' title='bbox 508 1708 661 1745; x_wconf 83' lang='lat' dir='ltr'>raritate</span> <span class='ocrx_word' id='word_1_221' title='bbox 701 1706 920 1745; x_wconf 87' lang='lat' dir='ltr'>deterritum</span> <span class='ocrx_word' id='word_1_222' title='bbox 960 1708 1029 1744; x_wconf 90' lang='lat' dir='ltr'>iri:</span> <span class='ocrx_word' id='word_1_223' title='bbox 1071 1720 1143 1744; x_wconf 91' lang='lat' dir='ltr'>non</span> <span class='ocrx_word' id='word_1_224' title='bbox 1179 1713 1267 1757; x_wconf 85' lang='lat' dir='ltr'>puto</span> <span class='ocrx_word' id='word_1_225' title='bbox 1307 1718 1364 1743; x_wconf 91' lang='lat' dir='ltr'>me</span> <span class='ocrx_word' id='word_1_226' title='bbox 1405 1719 1489 1756; x_wconf 88' lang='lat' dir='ltr'>per-</span> 
     </span>
     <span class='ocr_line' id='line_1_27' title="bbox 54 1761 1488 1813; baseline -0.002 -13"><span class='ocrx_word' id='word_1_227' title='bbox 54 1776 179 1813; x_wconf 86' lang='lat' dir='ltr'>peram</span> <span class='ocrx_word' id='word_1_228' title='bbox 220 1763 369 1808; x_wconf 85' lang='lat' dir='ltr'>facere,</span> <span class='ocrx_word' id='word_1_229' title='bbox 418 1763 449 1799; x_wconf 92' lang='lat' dir='ltr'>si</span> <span class='ocrx_word' id='word_1_230' title='bbox 485 1764 657 1813; x_wconf 82' lang='lat' dir='ltr'>optimam</span> <span class='ocrx_word' id='word_1_231' title='bbox 700 1776 881 1813; x_wconf 82' lang='lat' dir='ltr'>quamque</span> <span class='ocrx_word' id='word_1_232' title='bbox 922 1761 1121 1800; x_wconf 89' lang='lat' dir='ltr'>editionem</span> <span class='ocrx_word' id='word_1_233' title='bbox 1161 1775 1243 1798; x_wconf 87' lang='lat' dir='ltr'>cum</span> <span class='ocrx_word' id='word_1_234' title='bbox 1284 1761 1332 1798; x_wconf 90' lang='lat' dir='ltr'>iis</span> <span class='ocrx_word' id='word_1_235' title='bbox 1369 1761 1488 1806; x_wconf 87' lang='lat' dir='ltr'>libris,</span> 
     </span>
     <span class='ocr_line' id='line_1_28' title="bbox 55 1815 1488 1869; baseline -0.002 -14"><span class='ocrx_word' id='word_1_236' title='bbox 55 1818 185 1869; x_wconf 88' lang='lat' dir='ltr'>quibus</span> <span class='ocrx_word' id='word_1_237' title='bbox 228 1817 449 1855; x_wconf 79' lang='lat' dir='ltr'>adolescens</span> <span class='ocrx_word' id='word_1_238' title='bbox 490 1818 644 1863; x_wconf 85' lang='lat' dir='ltr'>utebar,</span> <span class='ocrx_word' id='word_1_239' title='bbox 689 1819 912 1863; x_wconf 87' lang='lat' dir='ltr'>conferens,</span> <span class='ocrx_word' id='word_1_240' title='bbox 951 1818 1012 1854; x_wconf 85' lang='lat' dir='ltr'>ubi</span> <span class='ocrx_word' id='word_1_241' title='bbox 1049 1815 1134 1867; x_wconf 89' lang='lat' dir='ltr'>quid</span> <span class='ocrx_word' id='word_1_242' title='bbox 1165 1830 1185 1854; x_wconf 85' lang='lat' dir='ltr'>a</span> <span class='ocrx_word' id='word_1_243' title='bbox 1227 1829 1285 1853; x_wconf 88' lang='lat' dir='ltr'>me</span> <span class='ocrx_word' id='word_1_244' title='bbox 1325 1823 1488 1853; x_wconf 82' lang='lat' dir='ltr'>notatum</span> 
     </span>
     <span class='ocr_line' id='line_1_29' title="bbox 53 1872 1488 1923; baseline -0.003 -12"><span class='ocrx_word' id='word_1_245' title='bbox 53 1873 188 1920; x_wconf 85' lang='lat' dir='ltr'>video,</span> <span class='ocrx_word' id='word_1_246' title='bbox 233 1872 329 1923; x_wconf 91' lang='lat' dir='ltr'>quod</span> <span class='ocrx_word' id='word_1_247' title='bbox 358 1879 395 1910; x_wconf 88' lang='lat' dir='ltr'>et</span> <span class='ocrx_word' id='word_1_248' title='bbox 423 1873 580 1911; x_wconf 89' lang='lat' dir='ltr'>alicuius</span> <span class='ocrx_word' id='word_1_249' title='bbox 618 1874 791 1910; x_wconf 82' lang='lat' dir='ltr'>momenti</span> <span class='ocrx_word' id='word_1_250' title='bbox 832 1880 868 1910; x_wconf 88' lang='lat' dir='ltr'>et</span> <span class='ocrx_word' id='word_1_251' title='bbox 899 1872 945 1909; x_wconf 88' lang='lat' dir='ltr'>ab</span> <span class='ocrx_word' id='word_1_252' title='bbox 975 1873 1030 1910; x_wconf 91' lang='lat' dir='ltr'>eis</span> <span class='ocrx_word' id='word_1_253' title='bbox 1058 1880 1179 1910; x_wconf 89' lang='lat' dir='ltr'>tamen</span> <span class='ocrx_word' id='word_1_254' title='bbox 1219 1872 1393 1908; x_wconf 89' lang='lat' dir='ltr'>omissum</span> <span class='ocrx_word' id='word_1_255' title='bbox 1425 1872 1488 1916; x_wconf 85' lang='lat' dir='ltr'>sit,</span> 
     </span>
     <span class='ocr_line' id='line_1_30' title="bbox 53 1925 1487 1978; baseline -0.002 -12"><span class='ocrx_word' id='word_1_256' title='bbox 53 1927 394 1966; x_wconf 87' lang='lat' dir='ltr'>communicandum</span> <span class='ocrx_word' id='word_1_257' title='bbox 428 1927 463 1964; x_wconf 89' lang='lat' dir='ltr'>id</span> <span class='ocrx_word' id='word_1_258' title='bbox 488 1941 567 1965; x_wconf 89' lang='lat' dir='ltr'>cum</span> <span class='ocrx_word' id='word_1_259' title='bbox 599 1927 775 1965; x_wconf 83' lang='lat' dir='ltr'>studiosis</span> <span class='ocrx_word' id='word_1_260' title='bbox 805 1934 942 1978; x_wconf 89' lang='lat' dir='ltr'>putem.</span> <span class='ocrx_word' id='word_1_261' title='bbox 988 1926 1124 1978; x_wconf 87' lang='lat' dir='ltr'>Neque</span> <span class='ocrx_word' id='word_1_262' title='bbox 1151 1940 1209 1965; x_wconf 87' lang='lat' dir='ltr'>me</span> <span class='ocrx_word' id='word_1_263' title='bbox 1230 1925 1318 1963; x_wconf 89' lang='lat' dir='ltr'>illud</span> <span class='ocrx_word' id='word_1_264' title='bbox 1349 1933 1487 1971; x_wconf 79' lang='lat' dir='ltr'>movet,</span> 
     </span>
     <span class='ocr_line' id='line_1_31' title="bbox 53 1981 1489 2034; baseline -0.001 -14"><span class='ocrx_word' id='word_1_265' title='bbox 53 1982 149 2034; x_wconf 88' lang='lat' dir='ltr'>quod</span> <span class='ocrx_word' id='word_1_266' title='bbox 181 1984 390 2034; x_wconf 88' lang='lat' dir='ltr'>prospicio,</span> <span class='ocrx_word' id='word_1_267' title='bbox 432 1984 537 2027; x_wconf 83' lang='lat' dir='ltr'>fore,</span> <span class='ocrx_word' id='word_1_268' title='bbox 579 1991 616 2020; x_wconf 85' lang='lat' dir='ltr'>ut</span> <span class='ocrx_word' id='word_1_269' title='bbox 648 1984 753 2020; x_wconf 79' lang='lat' dir='ltr'>liuius</span> <span class='ocrx_word' id='word_1_270' title='bbox 787 1984 938 2033; x_wconf 83' lang='lat' dir='ltr'>generis</span> <span class='ocrx_word' id='word_1_271' title='bbox 979 1984 1119 2034; x_wconf 85' lang='lat' dir='ltr'>scripta</span> <span class='ocrx_word' id='word_1_272' title='bbox 1149 1981 1325 2020; x_wconf 84' lang='lat' dir='ltr'>sordeant</span> <span class='ocrx_word' id='word_1_273' title='bbox 1354 1994 1397 2019; x_wconf 86' lang='lat' dir='ltr'>ac</span> <span class='ocrx_word' id='word_1_274' title='bbox 1426 1995 1489 2019; x_wconf 86' lang='lat' dir='ltr'>ne-</span> 
     </span>
     <span class='ocr_line' id='line_1_32' title="bbox 52 2035 1489 2089; baseline -0.001 -14"><span class='ocrx_word' id='word_1_275' title='bbox 52 2039 255 2089; x_wconf 82' lang='lat' dir='ltr'>gligantur,</span> <span class='ocrx_word' id='word_1_276' title='bbox 289 2039 442 2075; x_wconf 84' lang='lat' dir='ltr'>simulac</span> <span class='ocrx_word' id='word_1_277' title='bbox 471 2039 552 2088; x_wconf 86' lang='lat' dir='ltr'>quis</span> <span class='ocrx_word' id='word_1_278' title='bbox 584 2052 603 2075; x_wconf 91' lang='lat' dir='ltr'>c</span> <span class='ocrx_word' id='word_1_279' title='bbox 634 2039 790 2088; x_wconf 83' lang='lat' dir='ltr'>singulis</span> <span class='ocrx_word' id='word_1_280' title='bbox 819 2038 1000 2088; x_wconf 84' lang='lat' dir='ltr'>capitibus</span> <span class='ocrx_word' id='word_1_281' title='bbox 1029 2051 1144 2088; x_wconf 85' lang='lat' dir='ltr'>pauca</span> <span class='ocrx_word' id='word_1_282' title='bbox 1169 2035 1363 2088; x_wconf 82' lang='lat' dir='ltr'>quaedam,</span> <span class='ocrx_word' id='word_1_283' title='bbox 1394 2049 1489 2086; x_wconf 85' lang='lat' dir='ltr'>quae</span> 
     </span>
     <span class='ocr_line' id='line_1_33' title="bbox 53 2091 1486 2144; baseline -0.002 -13"><span class='ocrx_word' id='word_1_284' title='bbox 53 2095 89 2131; x_wconf 91' lang='lat' dir='ltr'>in</span> <span class='ocrx_word' id='word_1_285' title='bbox 121 2095 191 2131; x_wconf 87' lang='lat' dir='ltr'>hoc</span> <span class='ocrx_word' id='word_1_286' title='bbox 231 2100 292 2131; x_wconf 89' lang='lat' dir='ltr'>aut</span> <span class='ocrx_word' id='word_1_287' title='bbox 327 2094 388 2130; x_wconf 93' lang='lat' dir='ltr'>illo</span> <span class='ocrx_word' id='word_1_288' title='bbox 420 2094 531 2130; x_wconf 87' lang='lat' dir='ltr'>nobili</span> <span class='ocrx_word' id='word_1_289' title='bbox 574 2094 757 2144; x_wconf 74' lang='lat' dir='ltr'>scriptore</span> <span class='ocrx_word' id='word_1_290' title='bbox 787 2092 1050 2139; x_wconf 84' lang='lat' dir='ltr'>emendantur,</span> <span class='ocrx_word' id='word_1_291' title='bbox 1094 2092 1340 2142; x_wconf 83' lang='lat' dir='ltr'>excerpserit.</span> <span class='ocrx_word' id='word_1_292' title='bbox 1398 2091 1486 2129; x_wconf 85' lang='lat' dir='ltr'>Non</span> 
     </span>
     <span class='ocr_line' id='line_1_34' title="bbox 52 2147 1484 2199; baseline -0.002 -13"><span class='ocrx_word' id='word_1_293' title='bbox 52 2149 150 2187; x_wconf 87' lang='lat' dir='ltr'>enim</span> <span class='ocrx_word' id='word_1_294' title='bbox 179 2149 322 2199; x_wconf 83' lang='lat' dir='ltr'>gloriae</span> <span class='ocrx_word' id='word_1_295' title='bbox 352 2161 395 2186; x_wconf 84' lang='lat' dir='ltr'>ac</span> <span class='ocrx_word' id='word_1_296' title='bbox 425 2149 562 2186; x_wconf 89' lang='lat' dir='ltr'>nomini</span> <span class='ocrx_word' id='word_1_297' title='bbox 593 2162 689 2194; x_wconf 87' lang='lat' dir='ltr'>meo,</span> <span class='ocrx_word' id='word_1_298' title='bbox 719 2147 783 2185; x_wconf 88' lang='lat' dir='ltr'>sed</span> <span class='ocrx_word' id='word_1_299' title='bbox 813 2147 1059 2185; x_wconf 90' lang='lat' dir='ltr'>studiosorum</span> <span class='ocrx_word' id='word_1_300' title='bbox 1091 2147 1310 2185; x_wconf 83' lang='lat' dir='ltr'>utilitatibus</span> <span class='ocrx_word' id='word_1_301' title='bbox 1340 2148 1484 2183; x_wconf 76' lang='lat' dir='ltr'>servio:</span> 
     </span>
     <span class='ocr_line' id='line_1_35' title="bbox 52 2200 1485 2255; baseline -0.001 -14"><span class='ocrx_word' id='word_1_302' title='bbox 52 2205 184 2255; x_wconf 89' lang='lat' dir='ltr'>quibus</span> <span class='ocrx_word' id='word_1_303' title='bbox 213 2218 294 2241; x_wconf 89' lang='lat' dir='ltr'>cum</span> <span class='ocrx_word' id='word_1_304' title='bbox 326 2203 363 2240; x_wconf 85' lang='lat' dir='ltr'>hi</span> <span class='ocrx_word' id='word_1_305' title='bbox 394 2204 665 2254; x_wconf 85' lang='lat' dir='ltr'>qualescunque</span> <span class='ocrx_word' id='word_1_306' title='bbox 694 2204 776 2241; x_wconf 92' lang='lat' dir='ltr'>libri</span> <span class='ocrx_word' id='word_1_307' title='bbox 811 2204 881 2241; x_wconf 88' lang='lat' dir='ltr'>mei</span> <span class='ocrx_word' id='word_1_308' title='bbox 910 2204 1018 2241; x_wconf 86' lang='lat' dir='ltr'>utiles</span> <span class='ocrx_word' id='word_1_309' title='bbox 1051 2217 1135 2240; x_wconf 88' lang='lat' dir='ltr'>esse</span> <span class='ocrx_word' id='word_1_310' title='bbox 1165 2203 1368 2247; x_wconf 85' lang='lat' dir='ltr'>desierint,</span> <span class='ocrx_word' id='word_1_311' title='bbox 1401 2200 1485 2239; x_wconf 89' lang='lat' dir='ltr'>dum</span> 
     </span>
     <span class='ocr_line' id='line_1_36' title="bbox 53 2259 1482 2311; baseline -0.002 -15"><span class='ocrx_word' id='word_1_312' title='bbox 53 2260 167 2298; x_wconf 88' lang='lat' dir='ltr'>semel</span> <span class='ocrx_word' id='word_1_313' title='bbox 187 2259 413 2310; x_wconf 85' lang='lat' dir='ltr'>profuerint,</span> <span class='ocrx_word' id='word_1_314' title='bbox 444 2260 636 2311; x_wconf 88' lang='lat' dir='ltr'>quominus</span> <span class='ocrx_word' id='word_1_315' title='bbox 664 2259 701 2296; x_wconf 89' lang='lat' dir='ltr'>in</span> <span class='ocrx_word' id='word_1_316' title='bbox 725 2266 941 2310; x_wconf 86' lang='lat' dir='ltr'>perpetuum</span> <span class='ocrx_word' id='word_1_317' title='bbox 969 2260 1207 2304; x_wconf 84' lang='lat' dir='ltr'>abiiciantur,</span> <span class='ocrx_word' id='word_1_318' title='bbox 1234 2270 1306 2294; x_wconf 91' lang='lat' dir='ltr'>non</span> <span class='ocrx_word' id='word_1_319' title='bbox 1333 2269 1482 2294; x_wconf 84' lang='lat' dir='ltr'>recuso.</span> 
     </span>
    </p>
   </div>
   <div class='ocr_carea' id='block_1_6' title="bbox 51 2382 1482 2495">
    <p class='ocr_par' dir='ltr' id='par_1_6' title="bbox 51 2382 1482 2495">
     <span class='ocr_line' id='line_1_37' title="bbox 124 2382 1482 2420; baseline 0 -9"><span class='ocrx_word' id='word_1_320' title='bbox 124 2385 168 2419; x_wconf 58' lang='lat' dir='ltr'>it)</span> <span class='ocrx_word' id='word_1_321' title='bbox 195 2384 361 2419; x_wconf 78' lang='lat' dir='ltr'>Scioppius</span> <span class='ocrx_word' id='word_1_322' title='bbox 382 2385 509 2413; x_wconf 78' lang='lat' dir='ltr'>Rhetor.</span> <span class='ocrx_word' id='word_1_323' title='bbox 528 2386 641 2413; x_wconf 81' lang='lat' dir='ltr'>Exere.</span> <span class='ocrx_word' id='word_1_324' title='bbox 668 2390 740 2418; x_wconf 82' lang='lat' dir='ltr'>pag.</span> <span class='ocrx_word' id='word_1_325' title='bbox 764 2383 812 2412; x_wconf 77' lang='lat'>17.</span> <span class='ocrx_word' id='word_1_326' title='bbox 853 2382 985 2420; x_wconf 77' lang='lat' dir='ltr'>„Huius</span> <span class='ocrx_word' id='word_1_327' title='bbox 1013 2390 1108 2418; x_wconf 86' lang='lat' dir='ltr'>porro</span> <span class='ocrx_word' id='word_1_328' title='bbox 1134 2382 1262 2417; x_wconf 82' lang='lat' dir='ltr'>generis</span> <span class='ocrx_word' id='word_1_329' title='bbox 1288 2389 1372 2411; x_wconf 86' lang='lat' dir='ltr'>nova</span> <span class='ocrx_word' id='word_1_330' title='bbox 1398 2383 1482 2417; x_wconf 85' lang='lat' dir='ltr'>apud</span> 
     </span>
     <span class='ocr_line' id='line_1_38' title="bbox 51 2421 1482 2457; baseline -0.003 -6"><span class='ocrx_word' id='word_1_331' title='bbox 51 2425 207 2452; x_wconf 83' lang='lat' dir='ltr'>Muretum</span> <span class='ocrx_word' id='word_1_332' title='bbox 228 2426 318 2450; x_wconf 85' lang='lat' dir='ltr'>sunt:</span> <span class='ocrx_word' id='word_1_333' title='bbox 350 2429 389 2449; x_wconf 78' lang='lat' dir='ltr'>ne</span> <span class='ocrx_word' id='word_1_334' title='bbox 408 2423 514 2456; x_wconf 76' lang='lat' dir='ltr'>optimi</span> <span class='ocrx_word' id='word_1_335' title='bbox 532 2423 650 2457; x_wconf 73' lang='lat' dir='ltr'>quidem</span> <span class='ocrx_word' id='word_1_336' title='bbox 675 2422 861 2449; x_wconf 75' lang='lat' dir='ltr'>ioculatores</span> <span class='ocrx_word' id='word_1_337' title='bbox 880 2428 1002 2453; x_wconf 74' lang='lat' dir='ltr'>semper</span> <span class='ocrx_word' id='word_1_338' title='bbox 1020 2422 1192 2457; x_wconf 74' lang='lat' dir='ltr'>collimant,</span> <span class='ocrx_word' id='word_1_339' title='bbox 1223 2427 1279 2455; x_wconf 83' lang='lat' dir='ltr'>pro</span> <span class='ocrx_word' id='word_1_340' title='bbox 1299 2421 1482 2449; x_wconf 73' lang='lat' dir='ltr'>collineant.-</span> 
     </span>
     <span class='ocr_line' id='line_1_39' title="bbox 52 2457 1482 2495; baseline 0 -7"><span class='ocrx_word' id='word_1_341' title='bbox 52 2461 132 2495; x_wconf 81' lang='lat' dir='ltr'>quod</span> <span class='ocrx_word' id='word_1_342' title='bbox 155 2467 215 2488; x_wconf 86' lang='lat' dir='ltr'>non</span> <span class='ocrx_word' id='word_1_343' title='bbox 236 2463 284 2487; x_wconf 71' lang='lat' dir='ltr'>est</span> <span class='ocrx_word' id='word_1_344' title='bbox 305 2459 399 2487; x_wconf 84' lang='lat' dir='ltr'>ferire</span> <span class='ocrx_word' id='word_1_345' title='bbox 420 2460 626 2493; x_wconf 72' lang='lat' dir='ltr'>destinatum,</span> <span class='ocrx_word' id='word_1_346' title='bbox 653 2460 708 2487; x_wconf 82' lang='lat' dir='ltr'>sed</span> <span class='ocrx_word' id='word_1_347' title='bbox 731 2459 866 2491; x_wconf 62' lang='lat' dir='ltr'>dirigere</span> <span class='ocrx_word' id='word_1_348' title='bbox 886 2457 1018 2486; x_wconf 84' lang='lat' dir='ltr'>telum.“</span> <span class='ocrx_word' id='word_1_349' title='bbox 1057 2459 1146 2486; x_wconf 81' lang='lat' dir='ltr'>Haec</span> <span class='ocrx_word' id='word_1_350' title='bbox 1164 2459 1368 2493; x_wconf 70' lang='lat' dir='ltr'>reprehensio</span> <span class='ocrx_word' id='word_1_351' title='bbox 1388 2466 1482 2493; x_wconf 80' lang='lat' dir='ltr'>quam</span> 
     </span>
    </p>
   </div>
   <div class='ocr_carea' id='block_1_7' title="bbox 49 2495 1482 2756">
    <p class='ocr_par' dir='ltr' id='par_1_7' title="bbox 49 2495 1482 2756">
     <span class='ocr_line' id='line_1_40' title="bbox 50 2495 1480 2531; baseline -0.001 -6"><span class='ocrx_word' id='word_1_352' title='bbox 50 2497 155 2525; x_wconf 82' lang='lat' dir='ltr'>inanis</span> <span class='ocrx_word' id='word_1_353' title='bbox 181 2497 239 2531; x_wconf 82' lang='lat' dir='ltr'>sit,</span> <span class='ocrx_word' id='word_1_354' title='bbox 269 2497 458 2529; x_wconf 70' lang='lat' dir='ltr'>intelligitur</span> <span class='ocrx_word' id='word_1_355' title='bbox 479 2505 497 2525; x_wconf 88' lang='lat' dir='ltr'>e</span> <span class='ocrx_word' id='word_1_356' title='bbox 517 2497 668 2526; x_wconf 82' lang='lat' dir='ltr'>Cicerone</span> <span class='ocrx_word' id='word_1_357' title='bbox 688 2497 726 2524; x_wconf 85' lang='lat' dir='ltr'>de</span> <span class='ocrx_word' id='word_1_358' title='bbox 747 2496 851 2524; x_wconf 81' lang='lat' dir='ltr'>Divin.</span> <span class='ocrx_word' id='word_1_359' title='bbox 873 2497 908 2523; x_wconf 29' lang='lat'>11⁴</span> <span class='ocrx_word' id='word_1_360' title='bbox 930 2496 980 2523; x_wconf 80' lang='lat'>59.</span> <span class='ocrx_word' id='word_1_361' title='bbox 1003 2495 1052 2530; x_wconf 69' lang='grc'>[5.</span> <span class='ocrx_word' id='word_1_362' title='bbox 1075 2495 1175 2530; x_wconf 60' lang='lat' dir='ltr'>iem.</span> <span class='ocrx_word' id='word_1_363' title='bbox 1217 2497 1291 2530; x_wconf 78' lang='lat' dir='ltr'>Quis</span> <span class='ocrx_word' id='word_1_364' title='bbox 1319 2496 1365 2523; x_wconf 80' lang='lat' dir='ltr'>es!</span> <span class='ocrx_word' id='word_1_365' title='bbox 1390 2497 1480 2529; x_wconf 79' lang='lat' dir='ltr'>euim,</span> 
     </span>
     <span class='ocr_line' id='line_1_41' title="bbox 50 2532 1481 2570; baseline -0.001 -8"><span class='ocrx_word' id='word_1_366' title='bbox 50 2536 102 2570; x_wconf 76' lang='lat' dir='ltr'>qui</span> <span class='ocrx_word' id='word_1_367' title='bbox 127 2536 221 2562; x_wconf 76' lang='lat' dir='ltr'>tolum</span> <span class='ocrx_word' id='word_1_368' title='bbox 250 2535 328 2562; x_wconf 79' lang='lat' dir='ltr'>diem</span> <span class='ocrx_word' id='word_1_369' title='bbox 354 2536 493 2562; x_wconf 78' lang='lat' dir='ltr'>iaculans</span> <span class='ocrx_word' id='word_1_370' title='bbox 518 2540 578 2561; x_wconf 78' lang='lat' dir='ltr'>non</span> <span class='ocrx_word' id='word_1_371' title='bbox 607 2535 771 2568; x_wconf 75' lang='lat' dir='ltr'>aliqnando</span> <span class='ocrx_word' id='word_1_372' title='bbox 797 2532 949 2561; x_wconf 72' lang='lat' dir='ltr'>colliniec?</span> <span class='ocrx_word' id='word_1_373' title='bbox 994 2535 1047 2561; x_wconf 83' lang='lat' dir='ltr'>Sic</span> <span class='ocrx_word' id='word_1_374' title='bbox 1071 2535 1225 2561; x_wconf 80' lang='lat' dir='ltr'>Ernestus</span> <span class='ocrx_word' id='word_1_375' title='bbox 1253 2540 1270 2561; x_wconf 89' lang='lat' dir='ltr'>e</span> <span class='ocrx_word' id='word_1_376' title='bbox 1295 2533 1386 2561; x_wconf 87' lang='lat' dir='ltr'>libris</span> <span class='ocrx_word' id='word_1_377' title='bbox 1412 2533 1481 2561; x_wconf 83' lang='lat' dir='ltr'>suis</span> 
     </span>
     <span class='ocr_line' id='line_1_42' title="bbox 51 2570 1479 2605; baseline 0 -6"><span class='ocrx_word' id='word_1_378' title='bbox 51 2572 157 2600; x_wconf 84' lang='lat' dir='ltr'>edidit.</span> <span class='ocrx_word' id='word_1_379' title='bbox 204 2571 268 2600; x_wconf 83' lang='lat' dir='ltr'>Alii</span> <span class='ocrx_word' id='word_1_380' title='bbox 297 2573 464 2600; x_wconf 78' lang='lat' dir='ltr'>collineare</span> <span class='ocrx_word' id='word_1_381' title='bbox 493 2570 687 2605; x_wconf 82' lang='lat' dir='ltr'>praeferunt,</span> <span class='ocrx_word' id='word_1_382' title='bbox 720 2575 753 2600; x_wconf 84' lang='lat' dir='ltr'>ut</span> <span class='ocrx_word' id='word_1_383' title='bbox 782 2573 831 2599; x_wconf 78' lang='lat' dir='ltr'>Fr.</span> <span class='ocrx_word' id='word_1_384' title='bbox 860 2570 1057 2604; x_wconf 84' lang='lat' dir='ltr'>Oudendorp.</span> <span class='ocrx_word' id='word_1_385' title='bbox 1084 2571 1124 2598; x_wconf 85' lang='lat' dir='ltr'>ad</span> <span class='ocrx_word' id='word_1_386' title='bbox 1152 2571 1302 2605; x_wconf 87' lang='lat' dir='ltr'>Appulei.</span> <span class='ocrx_word' id='word_1_387' title='bbox 1324 2572 1398 2598; x_wconf 86' lang='lat' dir='ltr'>Met.</span> <span class='ocrx_word' id='word_1_388' title='bbox 1426 2572 1479 2599; x_wconf 87' lang='lat' dir='ltr'>lX.</span> 
     </span>
     <span class='ocr_line' id='line_1_43' title="bbox 49 2607 1482 2644; baseline -0.001 -7"><span class='ocrx_word' id='word_1_389' title='bbox 49 2617 122 2644; x_wconf 66' lang='lat' dir='ltr'>pag.</span> <span class='ocrx_word' id='word_1_390' title='bbox 144 2609 214 2637; x_wconf 79' lang='lat'>675.</span> <span class='ocrx_word' id='word_1_391' title='bbox 255 2611 367 2637; x_wconf 83' lang='lat' dir='ltr'>Utrum</span> <span class='ocrx_word' id='word_1_392' title='bbox 390 2609 495 2636; x_wconf 71' lang='lat' dir='ltr'>verius</span> <span class='ocrx_word' id='word_1_393' title='bbox 515 2610 575 2640; x_wconf 71' lang='lat' dir='ltr'>sit,</span> <span class='ocrx_word' id='word_1_394' title='bbox 600 2609 629 2635; x_wconf 87' lang='lat' dir='ltr'>in</span> <span class='ocrx_word' id='word_1_395' title='bbox 650 2608 718 2641; x_wconf 82' lang='lat' dir='ltr'>pari</span> <span class='ocrx_word' id='word_1_396' title='bbox 738 2612 883 2636; x_wconf 80' lang='lat' dir='ltr'>veterum</span> <span class='ocrx_word' id='word_1_397' title='bbox 902 2608 1049 2636; x_wconf 84' lang='lat' dir='ltr'>librorum</span> <span class='ocrx_word' id='word_1_398' title='bbox 1070 2608 1257 2636; x_wconf 83' lang='lat' dir='ltr'>auctoritate</span> <span class='ocrx_word' id='word_1_399' title='bbox 1276 2615 1366 2636; x_wconf 85' lang='lat' dir='ltr'>nemo</span> <span class='ocrx_word' id='word_1_400' title='bbox 1387 2607 1482 2636; x_wconf 81' lang='lat' dir='ltr'>facile</span> 
     </span>
     <span class='ocr_line' id='line_1_44' title="bbox 49 2645 1480 2680; baseline -0.001 -5"><span class='ocrx_word' id='word_1_401' title='bbox 49 2648 208 2675; x_wconf 71' lang='lat' dir='ltr'>decernat.</span> <span class='ocrx_word' id='word_1_402' title='bbox 229 2648 265 2675; x_wconf 86' lang='lat'>1).</span> <span class='ocrx_word' id='word_1_403' title='bbox 281 2648 318 2675; x_wconf 83' lang='lat' dir='ltr'>R.</span> <span class='ocrx_word' id='word_1_404' title='bbox 339 2663 374 2668; x_wconf 92' lang='lat'><strong>—</strong></span> <span class='ocrx_word' id='word_1_405' title='bbox 395 2646 438 2676; x_wconf 82' lang='lat' dir='ltr'>cf.</span> <span class='ocrx_word' id='word_1_406' title='bbox 459 2647 540 2674; x_wconf 88' lang='lat' dir='ltr'>idem</span> <span class='ocrx_word' id='word_1_407' title='bbox 556 2646 678 2680; x_wconf 82' lang='lat' dir='ltr'>Seiopp.</span> <span class='ocrx_word' id='word_1_408' title='bbox 700 2647 738 2674; x_wconf 89' lang='lat' dir='ltr'>de</span> <span class='ocrx_word' id='word_1_409' title='bbox 751 2646 815 2674; x_wconf 80' lang='lat' dir='ltr'>stit.</span> <span class='ocrx_word' id='word_1_410' title='bbox 829 2645 902 2673; x_wconf 80' lang='lat' dir='ltr'>hist.</span> <span class='ocrx_word' id='word_1_411' title='bbox 920 2652 989 2679; x_wconf 78' lang='lat' dir='ltr'>pag.</span> <span class='ocrx_word' id='word_1_412' title='bbox 1007 2646 1064 2673; x_wconf 80' lang='lat'>137</span> <span class='ocrx_word' id='word_1_413' title='bbox 1078 2653 1125 2680; x_wconf 82' lang='lat' dir='ltr'>sq.</span> <span class='ocrx_word' id='word_1_414' title='bbox 1146 2646 1193 2673; x_wconf 86' lang='lat' dir='ltr'>ed.</span> <span class='ocrx_word' id='word_1_415' title='bbox 1208 2645 1312 2673; x_wconf 80' lang='lat' dir='ltr'>Fabri.</span> <span class='ocrx_word' id='word_1_416' title='bbox 1331 2645 1480 2674; x_wconf 74' lang='lat' dir='ltr'>vorstius</span> 
     </span>
     <span class='ocr_line' id='line_1_45' title="bbox 50 2683 1479 2719; baseline 0.001 -8"><span class='ocrx_word' id='word_1_417' title='bbox 50 2687 89 2712; x_wconf 78' lang='lat' dir='ltr'>de</span> <span class='ocrx_word' id='word_1_418' title='bbox 110 2685 214 2712; x_wconf 76' lang='lat' dir='ltr'>Latin.</span> <span class='ocrx_word' id='word_1_419' title='bbox 236 2692 309 2712; x_wconf 84' lang='lat' dir='ltr'>mer.</span> <span class='ocrx_word' id='word_1_420' title='bbox 330 2691 415 2718; x_wconf 80' lang='lat' dir='ltr'>susp.</span> <span class='ocrx_word' id='word_1_421' title='bbox 437 2690 509 2719; x_wconf 75' lang='lat' dir='ltr'>pag.</span> <span class='ocrx_word' id='word_1_422' title='bbox 530 2685 598 2712; x_wconf 76' lang='lat'>207.</span> <span class='ocrx_word' id='word_1_423' title='bbox 639 2684 701 2711; x_wconf 75' lang='lat' dir='ltr'>Sed</span> <span class='ocrx_word' id='word_1_424' title='bbox 721 2685 880 2711; x_wconf 70' lang='lat' dir='ltr'>columnare</span> <span class='ocrx_word' id='word_1_425' title='bbox 900 2690 982 2710; x_wconf 90' lang='lat' dir='ltr'>nune</span> <span class='ocrx_word' id='word_1_426' title='bbox 1002 2690 1043 2711; x_wconf 85' lang='lat' dir='ltr'>ex</span> <span class='ocrx_word' id='word_1_427' title='bbox 1064 2685 1134 2712; x_wconf 82' lang='lat' dir='ltr'>tota</span> <span class='ocrx_word' id='word_1_428' title='bbox 1153 2683 1314 2711; x_wconf 82' lang='lat' dir='ltr'>latinitate</span> <span class='ocrx_word' id='word_1_429' title='bbox 1334 2683 1479 2713; x_wconf 82' lang='lat' dir='ltr'>eiectum.</span> 
     </span>
     <span class='ocr_line' id='line_1_46' title="bbox 50 2720 1251 2756; baseline -0.003 -4"><span class='ocrx_word' id='word_1_430' title='bbox 50 2723 121 2752; x_wconf 79' lang='lat' dir='ltr'>vid.</span> <span class='ocrx_word' id='word_1_431' title='bbox 143 2724 294 2750; x_wconf 85' lang='lat' dir='ltr'>Goerenz.</span> <span class='ocrx_word' id='word_1_432' title='bbox 315 2722 365 2749; x_wconf 82' lang='lat' dir='ltr'>ad.</span> <span class='ocrx_word' id='word_1_433' title='bbox 389 2722 451 2750; x_wconf 87' lang='lat' dir='ltr'>Cic.</span> <span class='ocrx_word' id='word_1_434' title='bbox 474 2723 512 2749; x_wconf 83' lang='lat' dir='ltr'>de</span> <span class='ocrx_word' id='word_1_435' title='bbox 533 2722 599 2750; x_wconf 77' lang='lat' dir='ltr'>Fin.</span> <span class='ocrx_word' id='word_1_436' title='bbox 618 2720 672 2749; x_wconf 84' lang='lat' dir='ltr'>lib.</span> <span class='ocrx_word' id='word_1_437' title='bbox 691 2723 744 2751; x_wconf 87' lang='lat'>111.</span> <span class='ocrx_word' id='word_1_438' title='bbox 766 2728 834 2756; x_wconf 84' lang='lat' dir='ltr'>cap.</span> <span class='ocrx_word' id='word_1_439' title='bbox 855 2721 884 2750; x_wconf 79' lang='lat'>6.</span> <span class='ocrx_word' id='word_1_440' title='bbox 906 2722 938 2755; x_wconf 74' lang='lat'>§-</span> <span class='ocrx_word' id='word_1_441' title='bbox 960 2721 1010 2749; x_wconf 80' lang='lat'>22.</span> <span class='ocrx_word' id='word_1_442' title='bbox 1030 2728 1102 2756; x_wconf 85' lang='lat' dir='ltr'>pag.</span> <span class='ocrx_word' id='word_1_443' title='bbox 1121 2722 1183 2750; x_wconf 81' lang='grc'>338</span> <span class='ocrx_word' id='word_1_444' title='bbox 1202 2728 1251 2755; x_wconf 76' lang='lat' dir='ltr'>sq.</span> 
     </span>
    </p>
   </div>
   <div class='ocr_carea' id='block_1_8' title="bbox 51 2769 1479 2890">
    <p class='ocr_par' dir='ltr' id='par_1_8' title="bbox 51 2769 1479 2890">
     <span class='ocr_line' id='line_1_47' title="bbox 124 2769 549 2804; baseline 0.005 -9"><span class='ocrx_word' id='word_1_445' title='bbox 124 2769 190 2804; x_wconf 54' lang='grc' dir='ltr'>καί)</span> <span class='ocrx_word' id='word_1_446' title='bbox 210 2769 266 2797; x_wconf 80' lang='lat' dir='ltr'>Ed.</span> <span class='ocrx_word' id='word_1_447' title='bbox 288 2776 333 2803; x_wconf 88' lang='lat' dir='ltr'>pr.</span> <span class='ocrx_word' id='word_1_448' title='bbox 353 2770 549 2798; x_wconf 77' lang='lat' dir='ltr'>enaendalior.</span> 
     </span>
     <span class='ocr_line' id='line_1_48' title="bbox 121 2814 1479 2853; baseline 0.002 -9"><span class='ocrx_word' id='word_1_449' title='bbox 121 2817 215 2852; x_wconf 56' lang='lat' dir='ltr'>mm)</span> <span class='ocrx_word' id='word_1_450' title='bbox 237 2820 270 2846; x_wconf 56' lang='lat' dir='ltr'>ut,</span> <span class='ocrx_word' id='word_1_451' title='bbox 290 2819 470 2853; x_wconf 77' lang='lat' dir='ltr'>stephano,</span> <span class='ocrx_word' id='word_1_452' title='bbox 493 2816 545 2850; x_wconf 77' lang='lat' dir='ltr'>qui</span> <span class='ocrx_word' id='word_1_453' title='bbox 566 2817 665 2847; x_wconf 83' lang='lat' dir='ltr'>Oratt.</span> <span class='ocrx_word' id='word_1_454' title='bbox 684 2817 763 2847; x_wconf 80' lang='lat' dir='ltr'>vett.</span> <span class='ocrx_word' id='word_1_455' title='bbox 782 2818 894 2846; x_wconf 83' lang='lat' dir='ltr'>Graec.</span> <span class='ocrx_word' id='word_1_456' title='bbox 915 2814 1012 2845; x_wconf 83' lang='lat' dir='ltr'>edidit</span> <span class='ocrx_word' id='word_1_457' title='bbox 1033 2821 1054 2844; x_wconf 84' lang='lat' dir='ltr'>a</span> <span class='ocrx_word' id='word_1_458' title='bbox 1072 2815 1163 2845; x_wconf 78' lang='lat'><strong>1575.</strong></span> <span class='ocrx_word' id='word_1_459' title='bbox 1201 2815 1249 2846; x_wconf 75' lang='lat' dir='ltr'>Cf.</span> <span class='ocrx_word' id='word_1_460' title='bbox 1269 2815 1323 2845; x_wconf 84' lang='lat' dir='ltr'>ins.</span> <span class='ocrx_word' id='word_1_461' title='bbox 1342 2823 1410 2852; x_wconf 76' lang='lat' dir='ltr'>cap.</span> <span class='ocrx_word' id='word_1_462' title='bbox 1428 2816 1479 2847; x_wconf 79' lang='grc'>80.</span> 
     </span>
     <span class='ocr_line' id='line_1_49' title="bbox 51 2856 548 2890; baseline -0.004 -5"><span class='ocrx_word' id='word_1_463' title='bbox 51 2856 104 2885; x_wconf 84' lang='lat' dir='ltr'>lib.</span> <span class='ocrx_word' id='word_1_464' title='bbox 125 2857 237 2885; x_wconf 80' lang='lat' dir='ltr'>XVili.</span> <span class='ocrx_word' id='word_1_465' title='bbox 258 2862 327 2890; x_wconf 81' lang='lat' dir='ltr'>cap.</span> <span class='ocrx_word' id='word_1_466' title='bbox 349 2857 397 2884; x_wconf 81' lang='lat' dir='ltr'>ss.</span> <span class='ocrx_word' id='word_1_467' title='bbox 436 2857 548 2884; x_wconf 61' lang='lat' dir='ltr'>Faesi.</span> 
     </span>
    </p>
   </div>
  </div>
 </body>
</html>
