1778 3096
176 1308 235 1338 4⁷1

265 167 348 210 446
834 171 958 210 VAR.
991 171 1143 212 LECT.

267 293 288 319 a
311 279 543 331 philosophis
567 279 796 326 dicerentur,
819 280 864 318 ab
889 281 1057 320 Homero
1083 296 1252 322 manasse
1277 284 1568 324 contenderent:
1596 287 1714 338 ipsam

267 335 525 388 philosophiae
559 336 780 381 linitionem,
815 350 909 387 quae
939 351 959 374 a
988 339 1174 375 nonnullis
1206 352 1331 377 eorum
1363 341 1497 378 tradita
1528 348 1603 388 est,
1633 342 1715 379 Ho-

268 392 444 429 mericam
477 403 563 427 esse
605 390 792 428 dicebant.
853 392 1076 430 Diomedem
1119 394 1214 431 enim
1257 392 1512 448 ἇλληγορικῶς
1550 397 1713 447 philoso-

267 447 378 498 phum
409 446 582 496 intelligi,
614 447 673 483 cui
699 447 872 485 Minerva
907 461 1052 486 omnem
1080 450 1292 498 caliginem,
1325 465 1417 502 quae
1446 453 1620 490 mortales
1649 453 1715 490 he-

267 502 370 540 betat
400 502 525 547 visus,
568 514 615 539 ex
646 503 763 540 oculis
793 505 939 549 aufert,
979 511 1016 541 ut
1049 511 1085 541 et
1115 504 1205 542 deos
1237 513 1276 543 et
1304 505 1473 545 homines
1505 506 1710 561 noscat*).

371 575 509 630 Ἀχλὺν
540 576 578 634 δ]
612 572 662 618 αὗ
689 595 748 619 τοι
776 577 842 620 ἀπ’
879 578 1098 632 ὀφθαλμῶν
1126 580 1233 630 ἕλον,
1261 579 1286 633 ἣ
1316 582 1406 635 πρὶν
1435 584 1562 637 ἐπῆεν,

366 630 487 687 ”Οφρ’
527 635 569 674 εὐ
596 633 786 691 γινώσκῃς
817 633 913 687 ἠμὲν
941 634 1038 676 θεὸν
1066 635 1136 686 ἠδὲ
1164 637 1228 676 καὶ
1255 635 1388 690 ἄνδρα.

267 709 329 748 Ex
351 724 396 749 eo
421 713 535 762 igitur
557 713 639 750 loco
669 715 872 764 sumpsisse
895 714 994 759 illos,
1019 714 1113 765 quod
1140 714 1308 753 dicerent
1322 715 1411 766 ³5⁵⁹¹⁴⁵),
1440 718 1714 768 philosophiam

268 774 308 805 et
333 768 544 806 de've'lcarum
573 776 611 807 et
636 771 886 807 humanarum
917 783 1044 808 rerum
1074 772 1268 809 scienciam
1299 785 1393 809 esse.

762 900 1048 940 CAPUT
1113 902 1215 940 XX.

267 978 485 1027 Sereptores
510 984 669 1021 veteres,
689 992 762 1017 non
785 987 956 1018 recentes
980 980 1131 1030 publice
1153 980 1402 1031 emplz‘eandos
1429 986 1469 1018 et
1487 979 1708 1031 sequendos.

513 1034 742 1082 Qut'ntz'lt‘am‘
758 1035 953 1086 praefatio
985 1036 1077 1074 libre·
1102 1038 1207 1074 seoete'
1231 1037 1466 1074 emendatur.

266 1109 354 1168 Me
386 1140 502 1182 puero
527 1146 659 1184 magna
691 1147 772 1171 cum
802 1148 890 1173 cura
916 1135 1198 1186 exponebantur
1227 1136 1263 1173 in
1294 1135 1431 1172 scholis
1459 1135 1714 1173 Institutiones

267 1189 455 1225 oratoriae
492 1187 547 1228 M.
590 1189 697 1226 Fabii
736 1189 979 1237 Quintiliani,
1026 1192 1191 1229 accurati
1231 1190 1423 1228 admodum
1462 1198 1499 1228 et
1537 1190 1713 1240 exquisiti

267 1242 455 1288 rhetoris,
511 1257 632 1294 neque
670 1246 862 1296 quisquam
907 1247 996 1283 satis
1039 1247 1156 1284 bonus
1195 1245 1342 1284 dicendi
1383 1247 1560 1297 magister
1601 1245 1713 1282 habe-

267 1297 398 1343 batur,
446 1299 506 1349 qui
548 1313 620 1336 non
660 1300 697 1337 in
729 1301 799 1338 illis
838 1302 897 1338 vel
937 1304 1135 1352 praecipue
1174 1301 1363 1339 auditores
1401 1314 1487 1338 suos
1529 1312 1712 1338 exercere

267 1353 400 1390 solitus
441 1361 558 1391 esset.
619 1354 766 1392 Mutata
797 1364 924 1407 postea
955 1358 1049 1394 ratio
1080 1364 1157 1394 est:
1199 1370 1355 1407 cumque
1386 1358 1537 1394 annosis
1569 1356 1642 1393 illis
1676 1362 1714 1393 et

265 1408 345 1458 ipsa
373 1415 559 1446 vetustate
591 1410 815 1447 venerandis
837 1412 1033 1449 arboribus
1064 1412 1243 1462 neglectis
1267 1413 1542 1449 succrevissent
1564 1411 1712 1449 inutiles

265 1464 375 1508 rami,
408 1465 655 1514 iuventusque
681 1465 818 1502 laboris
843 1468 1004 1516 fugitans
1020 1464 1121 1516 ἱῖἓὶΜ)
1154 1467 1313 1503 insulsos
1338 1466 1513 1517 quosdam
1545 1466 1710 1512 libellos,

264 1525 302 1556 et
332 1519 493 1556 omnium
533 1533 648 1570 prope
684 1521 888 1558 liberalium
927 1523 1061 1558 artium
1101 1528 1138 1558 et
1167 1522 1326 1558 omnium
1359 1521 1615 1572 philosophiae
1655 1520 1710 1558 di-

265 1574 464 1624 spendiosa
480 1573 531 1626 †)
566 1576 723 1625 partium
755 1576 975 1627 compendia
1012 1590 1077 1627 pro
1106 1576 1302 1626 pinguibus
1330 1576 1400 1613 illis
1429 1584 1597 1615 veterum
1628 1577 1711 1615 lati-

263 1629 403 1667 fundiis
433 1629 607 1668 adamare
638 1631 850 1682 coepisset,
884 1645 930 1670 ex
960 1632 1022 1669 illo
1053 1630 1211 1670 vidimus
1238 1632 1360 1669 omnia

427 1709 470 1747 In
494 1709 604 1758 peius
631 1722 746 1747 ruere
771 1716 811 1748 et
837 1717 943 1748 retro
972 1709 1151 1760 sublapsa
1181 1708 1440 1762 rfserrz'††).

263 1783 400 1836 Neque
428 1786 537 1823 ullum
569 1786 683 1836 lapsis
715 1800 830 1838 prope
862 1787 974 1825 rebus
1004 1787 1145 1825 certius
1176 1786 1380 1825 remedium
1411 1793 1489 1833 est,
1535 1799 1640 1837 quam
1671 1792 1712 1823 ut

264 1847 370 1878 vetus
395 1841 456 1878 illa
486 1841 714 1879 consuetudo
745 1850 958 1888 revocetur,
983 1850 1034 1888 et,
1066 1843 1228 1894 expulsis
1249 1843 1328 1879 istis
1358 1843 1506 1880 novitiis
1535 1841 1709 1880 indoctae

262 1897 502 1946 arrogantiae
540 1898 750 1947 magistris,
794 1912 814 1936 a
845 1899 979 1949 priscis
1014 1898 1111 1944 illis,
1154 1911 1245 1948 quos
1281 1899 1377 1936 endo
1408 1900 1538 1944 caelo,
1585 1903 1623 1934 ut
1658 1897 1708 1935 ita

263 1951 397 1996 dicam,
421 1953 555 1990 merita
584 1954 762 1992 locarunt
774 1953 908 2007 †††),
935 1966 1022 1992 vera
1047 1961 1085 1991 et
1108 1953 1226 1991 solida
1251 1953 1413 1991 eruditio
1428 1950 1475 2005 9ἵε)
1501 1958 1703 2004 repetatur.

263 2005 373 2053 Quod
415 2008 512 2052 etsi,
563 2015 601 2044 ut
639 2010 773 2046 aetatis
809 2022 912 2047 meae
949 2016 1093 2059 tempus
1133 2017 1215 2055 est,
1261 2010 1345 2046 vivo
1391 2021 1448 2046 me
1487 2015 1705 2046 eventurum

262 2075 418 2112 sperare
457 2076 529 2099 non
571 2063 712 2109 aude0,
763 2065 925 2116 posteris
962 2072 1109 2110 tamen,
1152 2065 1182 2101 si
1215 2063 1300 2115 quid
1339 2065 1411 2102 mei
1448 2063 1495 2101 ad
1534 2064 1706 2114 posteros

259 2118 479 2168 perveniet,
518 2125 760 2156 contestatam
797 2122 1009 2171 opinionem
1041 2132 1157 2157 meam
1186 2120 1412 2170 relinquam:
1458 2132 1579 2170 neque
1606 2131 1706 2156 com-

261 2173 420 2218 mittam,
453 2179 492 2210 ut
517 2186 588 2224 ego
619 2187 763 2225 quoque
794 2189 889 2213 unus
922 2189 968 2213 ex
998 2188 1043 2213 eo
1075 2187 1244 2219 numero,
1275 2175 1336 2225 qui
1363 2181 1583 2212 vetustatem
1616 2186 1705 2210 con-

260 2234 448 2274 temnunt,
500 2228 619 2267 videri
659 2242 805 2280 queam.
883 2230 995 2268 Nune
1037 2231 1117 2267 eius
1163 2242 1268 2280 quem
1314 2230 1499 2267 nominavi
1540 2228 1703 2267 rhetoris

260 2284 531 2334 praefationem
573 2285 610 2322 in
641 2285 773 2323 librum
813 2292 953 2323 sextum
984 2298 1006 2323 a
1035 2284 1251 2336 quibusdam
1283 2285 1501 2322 inveteratis
1531 2284 1705 2322 librario-

260 2352 342 2377 rum
373 2339 566 2377 erroribus
603 2339 793 2378 vindicare
830 2342 1007 2379 conabor.
1066 2339 1250 2391 Deplorat
1285 2347 1408 2378 antem
1443 2340 1480 2377 in
1518 2353 1562 2378 ea
1594 2340 1703 2376 homo

261 2393 528 2433 disertissimus
557 2408 648 2434 sane
678 2395 850 2435 dolenter
877 2409 921 2434 ac
951 2396 1104 2447 copiose
1133 2397 1260 2434 uxoris
1291 2403 1329 2434 et
1358 2395 1512 2434 duorum
1542 2395 1702 2433 filiorum

334 2529 378 2565 *J
398 2530 488 2559 Iliad.
509 2531 546 2560 V.
567 2530 629 2559 527
649 2538 696 2566 sq.

333 2578 403 2613 ³³³⁵)
424 2578 494 2607 Vid.
516 2579 580 2608 Cic.
603 2581 696 2608 'ruso
716 2579 769 2608 lib.
790 2580 842 2609 IV.
864 2586 932 2614 cap.
953 2579 1002 2609 26.
1023 2578 1054 2614 S.
1075 2578 1125 2606 57.
1157 2578 1211 2606 lib.
1233 2578 1272 2607 V.
1292 2583 1359 2611 cap.
1380 2577 1409 2605 3.
1431 2577 1462 2613 s.
1484 2577 1513 2607 7.

334 2625 427 2661 *xz-³2³)
449 2628 614 2656 Structura
635 2628 836 2665 Terentiana,
859 2636 901 2656 ex
921 2630 1046 2657 Phorm.
1069 2629 1120 2656 lV.
1142 2628 1172 2663 3,
1197 2627 1245 2655 18.
1263 2625 1401 2661 fuyitans
1421 2626 1528 2655 litium.
1567 2628 1680 2656 FAESI.

335 2675 381 2712 †)
411 2677 598 2709 Transpone
618 2676 679 2704 sic:
706 2679 841 2711 partium
860 2677 1065 2711 dispendiosa.
1105 2677 1143 2704 D.
1163 2676 1201 2703 R.
1221 2690 1259 2695 —
1298 2673 1361 2701 Sed
1386 2673 1457 2708 ipsa
1481 2682 1547 2702 vox
1573 2676 1700 2709 dispen-

256 2713 492 2780 ξζιῐιιςυὲἑὲἑίιοῑ
523 2713 643 2749 [semel
663 2715 778 2749 tegitur
799 2722 850 2750 ap.
872 2716 992 2744 Colum.
1015 2716 1052 2742 11.
1075 2713 1163 2749 21.],
1194 2714 1224 2741 et
1243 2713 1274 2741 h.
1294 2712 1315 2740 l.
1335 2712 1426 2741 lusus
1454 2718 1572 2742 caussa
1591 2713 1698 2748 posita

332 2797 405 2837 ἢ)
426 2798 513 2834 Virg.
535 2801 652 2835 Georg.
668 2802 692 2830 1.
714 2800 784 2829 200.
825 2800 870 2830 cf.
891 2799 1025 2829 Aeneia.
1045 2801 1083 2828 11.
1107 2799 1176 2830 169.

332 2845 434 2884 †††)
456 2847 526 2876 Vid.
547 2855 645 2883 supra
665 2848 705 2877 ad
725 2848 778 2876 lib.
799 2849 894 2878 xvu.
916 2855 983 2883 cap.
1006 2849 1055 2877 11.

331 2893 374 2930 ³2⁵)
394 2895 464 2924 Vid.
484 2903 582 2932 supra
602 2897 642 2926 ad
661 2897 716 2926 lib.
737 2897 833 2926 xvn.
857 2903 926 2933 cap.
950 2898 997 2926 11.
