1778 3096
528 135 629 173 LlB.
659 134 751 173 XV.
812 133 931 173 CAP.
962 133 1034 172 IX.
1424 129 1502 173 341

62 261 155 300 quae
185 261 255 285 non
282 246 393 284 multo
422 243 647 282 antecedunt
676 257 758 281 enm
782 257 889 294 quem
921 255 1083 293 put-gare
1111 241 1335 280 instituimus
1365 241 1500 287 locum,

63 303 227 341 maculae
258 301 433 352 quaedam
464 299 648 337 eluantur.
694 300 851 346 Quaerit
881 300 995 348 igitur·
1017 297 1170 343 Cicero,
1203 297 1362 335 liceatne
1387 297 1503 334 inter-

63 358 147 396 dum
178 359 258 396 viro
294 356 388 393 bono
419 355 529 392 alium
562 354 714 392 laedere
744 354 861 404 deque
892 354 988 390 illius
1022 352 1224 391 commodis
1257 351 1395 403 aliquid
1434 350 1500 389 de-

62 414 226 451 trahere.
296 410 354 448 Ae
396 411 551 460 primum
602 409 690 447 illud
727 410 833 460 quasi
876 409 1100 459 principium
1140 409 1262 459 ponit,
1317 407 1498 445 humanae

61 466 250 506 societatis
275 466 518 503 arctissimum
550 466 731 502 vinculum
754 476 861 501 esse:
893 465 1015 512 magis
1045 464 1238 502 arbitrari
1262 476 1342 501 esse
1363 469 1499 501 contra

61 531 257 566 naturam,
289 522 468 558 hominem
497 522 640 557 lmrm‘m'
665 521 867 557 detrahere
900 520 964 556 sui
985 520 1169 555 commodi
1194 530 1355 563 caussa,
1386 529 1498 569 qaam

59 579 180 615 omnia
209 577 440 614 incommoda
478 575 606 612 subire
644 576 706 613 vel
731 581 916 618 eaeterna,
954 574 1018 610 vel
1053 576 1250 623 corporis,
1292 574 1352 611 vel
1384 575 1497 610 ettam

58 634 173 683 ipsius
202 633 338 675 αιιίιηί,
380 639 586 668 servantem
618 631 797 667 iustitiam
815 626 878 679 ᾗ).
937 627 994 665 Ita
1028 629 1125 665 enim
1158 629 1266 678 plane
1299 626 1497 677 legendum

58 694 136 731 est,
177 700 272 731 non,
305 693 344 723 ut
373 686 506 735 vulgo,
549 699 644 736 quae
675 691 809 723 vacent
834 684 992 721 iustitia.
1051 682 1175 721 Vetus
1213 683 1398 733 scriptura
1431 681 1497 718 de-

57 748 207 792 pravata
227 748 297 785 est,
323 747 492 779 ceuatcnt
511 742 707 778 iustitiam.
753 737 903 776 Deinde
920 738 1046 789 paucis
1067 738 1274 775 interiectis
1293 735 1492 786 addit**):

60 797 185 847 Quid?
214 798 251 835 si
276 797 480 840 Phalarin,
514 797 702 832 crudelem
732 801 931 844 tyr-annum
961 800 1001 832 ec
1027 795 1240 838 immanem,
1272 794 1330 830 vir·
1359 792 1491 837 bonus,

54 866 100 890 ne
126 853 204 903 epse
223 852 381 904 frigore
408 850 648 900 conficiatur,
672 851 805 888 vestitu
834 850 999 899 spoliare
1022 850 1159 899 possit,
1191 861 1314 886 nonne
1331 847 1493 897 faeiat?
1517 855 1580 896 356

56 907 130 944 Hic
158 907 244 944 libri
280 907 351 944 mei
379 913 528 944 veteres
561 905 718 949 habent,
753 918 800 942 ne
830 906 908 954 ipse
936 905 1067 954 algore
1088 910 1228 954 pereat
1241 902 1354 954 ΜΨ).
1414 900 1494 940 Sed

52 969 208 1013 utroque
240 962 345 999 modo
376 961 505 998 eadem
539 961 722 998 sententia
751 959 922 998 efficitur.
983 958 1132 996 Deinde
1162 965 1275 996 totam
1305 957 1494 1009 quaestio—

19 1020 136 1055 ‘nem
174 1016 337 1055 adbibita
375 1015 612 1053 distinctione
651 1015 813 1066 explicat
849 1014 906 1051 his
934 1014 1062 1052 verbis
1077 1013 1153 1066 ἦ).
1194 1015 1292 1052 Nam
1329 1014 1367 1050 si
1401 1013 1494 1063 quid

52 1074 196 1110 homini
220 1073 271 1110 ad
297 1073 439 1110 nullum
463 1078 611 1122 partem
642 1072 729 1109 utili
756 1071 934 1108 utilitatis
962 1077 1052 1107 tuae
1080 1081 1215 1107 caussa
1253 1069 1487 1113 detraxeris,

52 1129 252 1166 inhumane
276 1127 427 1178 feceris
465 1133 670 1176 contraque
708 1133 872 1164 naturae
904 1126 1034 1175 legem.
1096 1123 1241 1171 Quibus
1276 1123 1402 1160 verbis
1442 1135 1491 1160 ne

52 1182 188 1219 homini
228 1181 372 1232 quidem
413 1181 519 1232 plane
556 1181 675 1218 inutili
715 1180 901 1230 significat
941 1178 1139 1230 quidquam
1178 1179 1384 1228 sapientem
1423 1175 1490 1214 de-

51 1237 201 1275 trahere
236 1237 377 1274 debere
415 1236 583 1272 utilitatis
620 1248 709 1273 suae
739 1248 886 1272 caussa.
945 1235 998 1271 At
1026 1234 1111 1279 ille,
1153 1246 1260 1283 quem
1291 1231 1395 1278 dico,
1436 1232 1490 1269 ita

49 1291 190 1330 edidit:
227 1294 323 1331 Nam
352 1292 389 1328 si
413 1291 504 1341 quzil
531 1292 691 1335 homini,
733 1290 840 1327 homo
869 1289 921 1326 ad
943 1289 1085 1326 nullam
1110 1301 1189 1325 rem
1218 1288 1341 1333 utilis,
1383 1288 1489 1324 utili·

49 1349 139 1386 tatis
178 1354 263 1386 tuae
301 1359 437 1384 caussa
476 1346 708 1383 detraxeris.
770 1344 911 1394 inepte.
973 1343 1149 1380 instituta
1179 1343 1277 1380 enim
1318 1342 1487 1393 quaestio

49 1410 107 1440 est
137 1402 205 1440 hoc
236 1401 367 1445 modo,
404 1402 501 1439 Nam
529 1401 678 1450 sapiens
708 1400 852 1437 nomini
877 1399 929 1436 acl
953 1399 1095 1436 nullam
1124 1411 1203 1436 rem
1233 1399 1323 1436 utili
1344 1398 1489 1448 aliquid

48 1458 251 1509 aliquando
283 1457 482 1494 detrahere
516 1456 661 1505 possit,
699 1468 772 1492 non
802 1461 947 1492 autem:
986 1455 1084 1492 Num
1113 1454 1220 1491 homo
1256 1453 1308 1491 ad
1343 1454 1487 1491 nullum

49 1526 126 1550 rem
148 1514 264 1550 utilis,
314 1512 369 1549 Ita
392 1510 487 1548 enim
514 1510 619 1559 paulo
650 1516 736 1547 ante
760 1509 964 1559 quaesitum
984 1515 1087 1546 erat:
1118 1510 1256 1546 Nonne
1281 1509 1404 1557 ligitur
1423 1519 1487 1544 sa—

43 1569 166 1618 piens,
197 1569 235 1604 si
249 1566 359 1618 fame
384 1567 461 1616 ipse
488 1565 726 1614 conficiatur,
756 1564 957 1602 abstulerit
980 1564 1101 1601 cibum
1128 1565 1245 1600 alteri
1269 1563 1414 1600 lzomini
1436 1563 1489 1599 ad

46 1624 187 1660 nullam
224 1635 301 1659 rem
341 1621 454 1659 utili?
509 1619 635 1668 Negat
675 1620 789 1668 igitur
829 1617 992 1664 Cicem,
1035 1616 1072 1655 id
1109 1618 1275 1655 utilitatis
1316 1618 1485 1668 privatae

47 1690 182 1714 caussa
214 1677 343 1714 licere.
403 1674 551 1712 Deinde
580 1673 705 1711 addit:
750 1675 817 1712 Sin
848 1681 971 1712 autern
1003 1674 1035 1710 is
1063 1679 1103 1710 tu
1129 1674 1205 1718 sis,
1240 1674 1308 1723 qai
1331 1674 1486 1710 multam

48 1734 248 1770 utilitatem
276 1731 507 1782 reipublicae
540 1736 651 1778 atque
682 1731 868 1766 nominum
895 1729 1089 1774 societati,
1130 1729 1168 1765 si
1191 1729 1228 1766 in
1258 1730 1335 1766 vita
1362 1740 1486 1765 rema-

46 1801 153 1834 neas,
185 1787 340 1839 adset're
364 1787 508 1836 possis.-
537 1786 574 1821 st
600 1786 689 1835 quid
717 1784 761 1821 ob
790 1797 870 1821 eam
901 1796 1073 1821 caussam
1106 1785 1224 1821 alteri
1249 1783 1482 1828 detraxeris,

48 1856 120 1881 non
151 1845 203 1881 sit
230 1841 595 1893 reprehendendam.
655 1839 707 1877 Ob
733 1852 812 1877 cam
843 1852 1032 1884 caussam,
1061 1837 1098 1875 id
1121 1845 1191 1883 est,
1217 1851 1288 1875 non
1313 1839 1360 1876 ob
1385 1845 1484 1875 tuam

48 1898 268 1944 utilitatem,
297 1895 362 1934 sed
393 1895 590 1946 publicam.
653 1894 853 1945 Sequitur:
886 1895 954 1932 Sin
986 1901 1110 1931 autem
1140 1895 1180 1931 td
1206 1907 1279 1931 non
1308 1895 1359 1931 sit
1386 1894 1483 1930 eius-

47 1955 170 1991 modi.-
209 1966 314 1991 suum
345 1953 477 2001 cuique
506 1952 770 1988 incommodant
789 1950 995 2001 serendam
1032 1956 1088 1986 est
1111 1950 1260 1999 potius,
1300 1961 1409 1999 quam
1438 1949 1483 1985 dc

46 2010 204 2047 alterius
238 2007 436 2046 commodis
472 2006 754 2044 detrahendum.
816 2004 931 2042 Libet·
963 2011 1086 2041 autem
1115 2013 1242 2049 vetus,
1283 2017 1354 2054 quo
1386 2016 1482 2040 nunc

47 2070 154 2109 utor,
188 2067 237 2100 ita
268 2062 398 2099 habet:
437 2063 507 2099 Sin
536 2068 659 2098 autem
690 2061 722 2098 is
750 2074 823 2098 non
852 2061 905 2098 sis
934 2060 1129 2097 eiusmodi.
1188 2057 1295 2096 Unde
1329 2059 1481 2108 colligo,

47 2119 238 2156 librarium
267 2118 384 2168 primo
414 2129 480 2167 pet*
508 2129 693 2161 errorem,
720 2129 800 2153 cum
828 2115 1044 2165 seris-sisset
1070 2115 1146 2160 sin,
1176 2113 1337 2152 rediisse
1361 2113 1483 2150 denuo

47 2173 94 2211 ad
123 2174 294 2225 superius
329 2171 556 2218 membrum,
602 2172 706 2209 euius
737 2171 958 2222 principium
990 2176 1097 2216 erat,
1135 2170 1193 2207 sin
1222 2176 1345 2207 autem
1381 2170 1412 2206 is
1443 2175 1484 2207 tu

46 2231 122 2267 sis.-
154 2227 290 2268 deinde
319 2240 449 2265 errore
470 2226 728 2265 animadverso
757 2240 828 2264 non
854 2226 1038 2263 delevisse
1069 2223 1214 2276 quidem
1237 2224 1326 2262 duas
1350 2236 1480 2269 voces,

48 2297 137 2336 quas
170 2285 308 2322 frustra
346 2284 573 2333 repetierat,
617 2289 740 2321 autem
770 2283 820 2330 ts,
865 2280 930 2318 sed
965 2288 1094 2318 cetera
1123 2288 1370 2330 persecutum.
1432 2278 1484 2316 Ut

49 2339 97 2376 sit
125 2353 214 2377 vera
250 2339 384 2376 lectio:
426 2339 483 2376 sin
523 2352 595 2376 non
627 2339 679 2376 sis
711 2335 1006 2389 eiusmodi††).
1066 2335 1244 2373 Solebant
1282 2335 1379 2372 enim
1417 2334 1485 2371 ho-

49 2395 167 2432 mines
196 2394 372 2446 imperiti,
405 2394 466 2444 qui
493 2407 643 2432 avorum
669 2401 733 2431 aut
761 2405 982 2444 proavorum
1012 2398 1223 2429 nostrorum
1255 2390 1484 2442 temporibus

104 2499 167 2537 ἐκ)
196 2509 264 2536 cap.
284 2502 312 2531 6.
333 2503 366 2538 S.
386 2503 436 2532 28,
477 2502 678 2532 Gernnardus
699 2509 740 2531 ex
767 2509 828 2530 uno
857 2501 938 2529 libro
968 2501 1138 2536 eodemque
1167 2499 1376 2536 interpolato:
1405 2507 1483 2535 quae

48 2543 157 2570 vacent
174 2541 332 2575 iniustitia,
355 2541 506 2569 Beierus:
528 2547 606 2576 qnae
623 2542 730 2568 vacent
749 2540 893 2573 iustiliae,
915 2539 1067 2567 Orellius:
1090 2545 1168 2573 quae
1186 2545 1249 2567 non
1267 2540 1375 2567 vacent
1393 2539 1482 2565 iusti-

48 2581 102 2614 tia,
125 2581 155 2606 ut
177 2577 318 2605 dieantur
335 2578 539 2612 incommoda,
564 2577 676 2612 quibus
696 2578 855 2612 susceptis
874 2581 980 2605 tamen
1001 2577 1121 2605 iustitia
1136 2579 1264 2606 maneat
1282 2577 1481 2613 intemerata,

50 2618 106 2646 vel
126 2616 158 2643 in
178 2616 290 2650 quibus
311 2617 423 2646 bonam
442 2620 547 2645 tamen
567 2620 598 2644 et
619 2615 851 2645 immaculatam
870 2622 984 2644 serves
1004 2614 1239 2644 conscientiam.

125 2664 192 2699 stt-222)
214 2664 247 2699 S.
267 2663 316 2692 29.

123 2713 214 2748 aasz)
235 2714 323 2741 llaec
351 2719 371 2741 a
390 2713 568 2741 correctore
592 2710 734 2747 profecta
753 2719 825 2740 esse
855 2713 944 2747 putat
965 2710 1102 2741 Orellius
1122 2711 1163 2740 ad
1184 2711 1364 2741 evItandam
1390 2717 1485 2746 repe-

50 2753 191 2785 titionem
213 2749 301 2779 veibi
321 2751 509 2787 conficiatur.

124 2799 170 2838 γ)
192 2799 224 2834 S.
244 2797 296 2827 30.
336 2798 474 2826 Oreltius
493 2798 532 2825 ab
552 2797 671 2826 homine
690 2804 747 2833 pro
767 2797 888 2827 Ιιοηιὶηἱ.

127 2848 200 2888 ἡ)
220 2846 304 2878 Nihil
323 2847 480 2877 mutatum
501 2845 540 2874 ab
561 2845 742 2876 editoribus.
