1726 3106
210 147 292 189 226
773 145 901 187 VAR.
934 145 1088 186 LECT.

212 257 433 304 indefessis,
466 257 512 295 ad
540 255 729 295 libidinem
762 269 866 295 suam
895 255 1115 308 explendam
1141 257 1399 296 abuterentur.
1445 255 1560 308 quue
1589 259 1659 296 hoe

212 315 323 354 etiam
353 320 520 364 tempore
546 320 714 350 metuens
744 312 914 350 immanis
943 320 981 350 et
1013 312 1172 351 barbara
1197 327 1289 363 gens
1319 314 1544 358 Turenum,
1578 314 1659 364 qui—

212 369 281 408 bus
309 368 504 406 Eunuchis
531 369 585 406 uti
611 367 657 405 ad
687 369 880 406 mulierum
906 381 1053 405 suarum
1083 368 1288 406 custodiam
1319 369 1468 414 volunt,
1502 369 1558 405 eis
1587 381 1659 406 non

213 432 331 462 testes
360 423 492 469 modo,
534 421 601 460 sed
631 430 668 460 et
695 423 872 472 caudam,
903 430 941 460 ut
971 424 1023 460 ait
1052 423 1232 462 Horatius
1245 422 1313 474 *),
1357 424 1518 460 salacem
1557 424 1660 461 ferro

214 479 407 517 demetere
440 479 654 529 plerumque
686 479 818 516 solent.
879 478 1023 517 Multae
1052 480 1148 516 enim
1180 480 1316 530 alioqui
1351 480 1517 516 facerent
1544 477 1659 524 idem,

214 532 313 586 quod
343 534 502 572 Gelliam
533 532 714 584 quandam
746 535 873 572 facere
903 534 1048 572 solitam
1084 536 1137 572 ait
1165 534 1351 572 Martialis
1364 533 1453 586 iffi).
1516 533 1660 571 Verum

215 597 338 630 autem
369 602 470 635 esse,
503 588 599 640 quod
631 589 740 627 modo
771 589 962 635 dicebam,
993 596 1032 627 et
1061 590 1228 641 exempla
1258 589 1463 635 declarant,
1497 597 1536 627 ut
1564 589 1664 627 Pha-

214 645 337 684 vorini
366 642 712 696 philosoplifflffl),
745 646 806 696 qui
838 645 1031 683 cunuchus
1061 659 1142 683 cum
1174 653 1289 692 esset,
1320 647 1355 683 iu
1384 646 1569 684 adulterio
1601 643 1665 681 de-

216 701 427 752 prehensus
456 700 615 738 dicitur:
661 707 699 737 et
730 701 942 749 gravissimi
973 713 1017 738 ae
1049 701 1273 738 sanctissimi
1305 702 1501 752 scriptoris
1531 699 1665 737 Basilii

217 757 412 793 confirmat
439 756 660 800 auctoritas,
691 755 752 805 qui
783 756 852 793 hac
884 755 930 793 de
961 769 1002 793 re
1033 757 1080 792 ita
1114 756 1247 793 scribit
1276 757 1310 793 in
1335 753 1577 806 Ἀσκητικοῖς
1591 754 1664 807 †)·

222 807 324 858 Τοὺς
349 807 421 878 γὰρ
451 806 542 876 μετὰ
568 813 622 864 τῷ
653 806 906 878 ἀνδρωθῆναι
932 807 1029 864 πρὸς
1053 811 1261 850 συνουσίαν
1284 808 1331 850 τὰ
1357 808 1570 878 παιδογόνα
1600 824 1666 861 μο-

217 866 304 933 ρία,
332 863 424 913 τοὺς
451 851 637 915 διδύμους
665 862 943 917 ἀποτεμόντας,
977 865 1072 916 φασὶ
1101 863 1325 919 δοιμύτεοόν
1351 882 1390 906 τε
1418 867 1484 906 καὶ
1512 864 1667 932 ἄσχετον

216 918 316 975 πρὸς
345 919 412 969 τὰς
433 921 641 967 συνουσίας
661 921 925 988 οἰστροῦσθαι,
947 921 1012 960 καὶ
1032 919 1104 961 οὐκ
1131 922 1382 974 οἰστροῦσθαι
1412 919 1543 974 μόνον,
1573 918 1667 960 αλλὰ

217 977 305 1026 καὶ,
352 993 404 1024 ως
443 973 575 1024 αὐτοῖς
611 977 735 1025 δοκεῖ,
782 974 999 1024 ἀκινδύνως
1039 977 1219 1029 φθείρειν
1264 975 1333 1024 τὰς
1369 974 1667 1030 προςτυχούσας.

218 1034 345 1084 Atque
388 1033 458 1070 hoe
489 1033 608 1084 ipsum
645 1033 756 1084 plane
798 1033 962 1085 satyrice
1002 1034 1219 1085 exsequitur
1255 1033 1444 1072 Iuvenalis
1487 1034 1544 1071 his
1585 1045 1669 1072 ver-

218 1047 323 1127 ..ils
342 1086 451 1141 ††)=

329 1167 447 1212 Sunt,
477 1178 573 1217 quas
597 1167 765 1204 eunuchi
789 1165 955 1205 imbelles
984 1178 1030 1204 ac
1058 1167 1185 1204 mollia
1211 1179 1358 1219 semper

333 1223 470 1260 Oscula
501 1222 688 1260 delectent
716 1229 755 1260 et
782 1223 996 1272 desperatio
1024 1221 1186 1260 barbae:

333 1277 385 1315 Et
414 1278 514 1327 quod
542 1277 714 1315 abortivo
743 1290 816 1315 non
844 1286 903 1315 est
932 1290 1049 1327 opus:
1089 1278 1157 1315 illa
1185 1278 1357 1327 voluptas

332 1333 485 1370 Summa
517 1339 660 1379 tamen,
690 1333 791 1383 quod
820 1333 894 1370 iam
925 1333 1050 1370 calida
1080 1339 1117 1370 et
1146 1339 1297 1369 matura
1326 1333 1477 1371 iuventa

135 1391 197 1423 237
331 1388 495 1436 Inguina
526 1389 734 1425 traduntur
759 1389 934 1432 medicis,
970 1389 1043 1424 iam
1069 1389 1220 1437 pectine
1248 1389 1376 1437 nigro.

333 1443 440 1492 Ergo
470 1450 728 1493 eat-spectatos,
759 1456 805 1481 ac
830 1445 950 1480 iussos
978 1456 1153 1480 crescere
1176 1444 1338 1492 primum

339 1499 567 1544 Testiculos,
595 1505 794 1548 postquam
824 1504 1027 1548 coeperunt
1053 1510 1131 1534 esse
1160 1497 1330 1545 bilibres,

339 1553 517 1591 Tonsoris
547 1554 683 1591 damno
711 1559 855 1592 tantum
883 1554 989 1605 rapit
1016 1553 1257 1592 Heliodorus.

724 1718 1009 1759 CAPUT
1065 1719 1171 1758 XII.

276 1796 475 1848 Euripidis
500 1810 617 1844 unus,
655 1799 846 1837 Ciceronis
875 1812 925 1835 ea*
955 1800 1140 1850 Epistolis
1168 1799 1221 1837 ad
1248 1798 1419 1837 Atticum
1449 1797 1522 1835 duo
1551 1796 1628 1835 loci

847 1855 1048 1893 emendati.

227 1942 432 2002 ERUDITE
465 1978 571 2012 sane,
604 1973 644 2004 ut
670 1966 787 2013 solet,
819 1966 1031 2005 emendavit
1057 1969 1127 2006 iam
1159 1965 1302 2018 pridem
1332 1966 1451 2004 locum
1482 1963 1675 2017 Euripidis

229 2032 277 2056 ex
316 2020 522 2072 Hippolyto
560 2030 737 2060 coronato
774 2022 1012 2062 doctissimus
1051 2024 1183 2070 homo,
1227 2022 1423 2062 Victorius
1438 2019 1572 2075 †††.)
1631 2021 1675 2059 In

228 2087 300 2125 quo
329 2088 410 2113 cum
439 2076 550 2126 vulgo
582 2077 729 2127 legatur
742 2076 808 2131 ἦε),

395 2148 569 2206 Πότερον
597 2150 665 2194 ὑπ’
697 2151 812 2206 ἄτης,
840 2151 868 2207 ἢ
896 2158 1036 2195 θανεῖν
1063 2152 1299 2208 πειρωμένης

303 2285 348 2320 e)
368 2285 462 2315 satir.
482 2287 505 2315 1.
527 2287 556 2323 2,
578 2286 628 2316 45.

304 2334 343 2359 vta.
338 2334 499 2369 JEpigr
518 2336 571 2364 v1.
591 2335 643 2364 67.

306 2387 344 2411 ³32:
345 2386 399 2422 ἡ)
422 2389 576 2416 Graecum
605 2395 719 2418 nomen
744 2385 964 2434 ᾤαβωρῖνος
991 2389 1109 2418 rectius
1137 2396 1206 2417 cum
1228 2388 1330 2418 Gellio
1349 2388 1463 2417 latine
1484 2387 1671 2423 exprimitur

227 2424 411 2453 Favorinus.
449 2426 528 2452 Rem
549 2430 677 2455 narrant
693 2428 908 2457 Philostratus
927 2429 987 2457 xit.
1008 2428 1150 2461 Sophist.
1170 2427 1214 2455 1111
1243 2429 1264 2454 1.
1280 2434 1347 2460 cap
1369 2428 1395 2454 8
1415 2429 1446 2461 5-
1464 2428 1489 2455 1
1511 2434 1581 2460 pag
1599 2427 1670 2456 489-

228 2462 277 2489 ed.
300 2462 403 2490 Olear
424 2463 583 2491 lucianus
604 2466 743 2493 Eunuch.
765 2473 833 2500 cap.
856 2467 883 2494 7
915 2464 1670 2500 Τοιιι.1ι.ρκς.356.ει1.11ε112.(3141110111-

228 2499 293 2534 gini
313 2500 421 2533 Antiq.
442 2501 583 2530 lection.
603 2502 656 2530 lib.
678 2504 757 2532 ΧΙΧ.
781 2511 849 2538 cap.
872 2505 920 2532 12.

304 2545 349 2584 †)
371 2548 405 2574 ln
424 2548 503 2575 libro
524 2548 563 2576 de
585 2556 662 2578 vera
683 2550 886 2586 virginitate,
921 2551 973 2586 qui
995 2551 1077 2579 inter
1096 2550 1247 2580 Ascetica
1268 2549 1401 2579 refertur
1422 2550 1452 2578 in
1473 2550 1547 2579 edit.
1568 2550 1667 2579 Basil.

230 2584 320 2612 1551.
343 2592 413 2618 pag
434 2586 504 2614 639
527 2603 562 2608 -
526 2588 670 2616 -.Τ(1η1
691 2590 714 2616 1.
737 2596 806 2623 pag.
828 2573 900 2619 676.
930 2591 977 2635 ed.
1000 2589 1101 2617 Paris,
1126 2590 1215 2617 1638.
1254 2589 1315 2616 Sed
1338 2589 1368 2616 iu
1391 2592 1523 2623 utraque
1550 2590 1666 2617 rectius

227 2631 376 2658 scribitur
402 2621 494 2668 μετὰ
517 2622 556 2656 τὸ
584 2623 824 2668 ἀνδρωθῆναι
848 2650 898 2662 ...
925 2628 966 2660 τά
992 2628 1132 2670 naulo)
1135 2623 1201 2660 όνα
1225 2629 1362 2672 μοοία,
1384 2624 1563 2671 μόνους
1584 2638 1669 2665 τοις

228 2665 409 2714 διδυιιους
433 2680 465 2702 κ.
488 2680 519 2703 τ.
546 2670 577 2703 λ.
624 2676 670 2707 Cf
694 2679 735 2706 10.
756 2677 893 2707 Brodaei
913 2678 1047 2707 Miscell.
1068 2679 1122 2707 lib.
1144 2679 1195 2706 lV.
1216 2685 1283 2713 cap.
1306 2679 1354 2706 2¹.
1395 2680 1505 2707 FAnsi.

302 2723 326 2762 ἦ·
331 2723 375 2761 l)
397 2724 491 2753 satir.
512 2725 564 2753 Π.
584 2726 648 2755 365
667 2733 734 2761 sqq.
757 2726 809 2754 ubi
828 2734 911 2755 nunc
930 2728 1086 2762 1egimus:
1107 2727 1208 2755 calma
1227 2728 1350 2755 viatura
1368 2728 1499 2755 iuventa.

302 2771 402 2810 Ηυξ)
424 2773 498 2801 Var.
519 2774 619 2802 Lectt.
640 2774 694 2802 lib.
715 2776 795 2803 xm.
816 2781 886 2810 cap.
908 2775 956 2804 17.

223 2820 343 2891 ωθῐέἓ)
354 2828 396 2887 axa.
413 2821 485 2888 ξπῗ.
517 2822 634 2852 Mureti
654 2826 750 2859 atque
766 2823 897 2853 Victorii
913 2826 1087 2853 commenta
1107 2823 1188 2854 satis
1208 2824 1288 2853 bene
1303 2823 1552 2861 exagitaverunt
1568 2821 1669 2853 inter—
