1778 3096
311 603 393 660 M.
439 600 822 660 ΑΝΤΟΝΙΙ
865 600 1221 662 ΜΠΒΕΤΙ

44 743 699 817 VARIARUM
767 743 1490 819 LECTIONUM

468 894 827 940 LIBER
906 895 1057 941 XIX0

571 1120 864 1161 CAPUT
918 1122 950 1162 I.

191 1202 248 1239 De
275 1199 425 1239 Baccho
454 1198 627 1237 bimatre.
687 1200 885 1238 Martialis
913 1213 1044 1238 versus
1072 1201 1336 1252 reprehensus.

41 1277 310 1336 Monnacms
342 1299 504 1335 fortasse
536 1310 642 1348 quam
673 1297 807 1335 iustius
834 1298 954 1335 irrisit
985 1297 1173 1336 Martialis
1198 1301 1342 1350 poe'tam
1373 1311 1489 1350 quen—

43 1354 149 1400 dam,
184 1355 245 1404 qui
274 1354 399 1391 Iovem
441 1366 513 1389 non
543 1359 685 1403 patrem
721 1351 856 1400 modo,
898 1351 965 1391 sed
996 1360 1033 1391 et
1063 1361 1217 1392 matrem
1248 1353 1391 1392 Bacchi
1422 1368 1488 1391 vo-

42 1417 213 1447 caverat:
258 1408 355 1460 quod
398 1407 528 1446 eadem
568 1408 712 1445 ratione
750 1407 900 1446 Semele
938 1422 1105 1460 quoque,
1152 1417 1192 1447 ut
1229 1410 1302 1461 ipsi
1339 1408 1487 1461 quidem

43 1463 211 1511 videtur,
243 1471 350 1515 pater
377 1463 521 1501 Bacchi
552 1464 678 1501 vocari
708 1470 843 1514 queat:

131 1543 208 1592 Qui
225 1543 374 1592 potuit,
405 1538 609 1590 inquit*)‚
642 1547 799 1578 matrem
828 1541 975 1578 Bacchi
999 1541 1141 1579 dimisse
1175 1543 1394 1589 Tonantem,

180 1598 251 1636 Ille
276 1603 401 1647 potest
427 1597 599 1635 Semelen
630 1596 779 1641 dicere,
809 1597 960 1642 Prisce,
987 1603 1152 1646 patrem.

42 1673 176 1725 Neque
205 1675 302 1711 enim
332 1671 462 1711 eadem
493 1673 589 1710 ratio
621 1678 693 1710 est.
743 1671 840 1710 Nam
872 1672 988 1722 patris
1018 1671 1165 1722 quidem
1195 1674 1383 1724 proprium
1413 1680 1484 1721 est,

44 1742 229 1781 generare
259 1730 296 1766 in
327 1729 423 1774 alio,
463 1735 504 1765 ut
533 1740 580 1765 ex
610 1727 815 1765 Aristotele
828 1725 904 1779 *ἢ
945 1726 1164 1765 didicimus:
1211 1728 1308 1779 quod
1337 1728 1486 1767 Semele

44 1797 164 1835 neque
196 1785 360 1829 fecerat,
395 1796 514 1833 neque
545 1784 672 1821 facere
703 1789 898 1832 potuerat:
941 1783 1069 1820 matris
1096 1790 1240 1830 autem,
1272 1784 1488 1822 conclusum

44 1841 158 1878 fetum
183 1839 390 1877 visceribus
417 1839 495 1876 suis
528 1839 656 1876 fovere
686 1844 724 1876 et
753 1851 820 1875 suo
846 1845 1013 1889 tempore
1037 1851 1195 1888 parere:
1228 1852 1321 1890 quae
1345 1840 1484 1886 omnia,

43 1903 84 1933 ut
110 1894 256 1947 quidem
287 1907 328 1932 se
361 1894 472 1931 habet
499 1893 649 1939 sabula,
688 1894 930 1944 praestiterat
957 1892 1115 1944 Iupiter.
1176 1894 1304 1945 Itaque
1333 1895 1486 1945 elegan-

42 1958 103 1989 ter
137 1950 464 2001 ingeniosissimus
501 1951 607 1999 poeta
638 1947 794 1986 Ovidius
831 1949 929 1986 inter
966 1956 1092 1985 cetera
1125 1949 1311 1998 epitheta,
1353 1950 1485 2000 quibus

43 2005 233 2044 Bacchum
272 2012 404 2050 ornat,
455 2017 538 2042 eum
576 2004 685 2042 etiam
726 2004 921 2042 bz‘matrem
957 2002 1206 2053 vocat***):
1259 2003 1354 2056 quod
1394 2004 1486 2042 duas

44 2068 183 2099 matres
215 2059 401 2105 habuerit,
425 2060 600 2098 Semelen
627 2066 665 2096 et
685 2059 834 2097 Iovem:
869 2057 964 2096 unde
989 2065 1027 2096 et
1050 2058 1186 2097 Graeci
1215 2072 1297 2097 eum
1322 2060 1488 2111 δίθυρον

45 2117 247 2155 nominant.
293 2115 408 2152 Extat
430 2122 468 2152 et
494 2115 701 2153 versiculus
725 2114 868 2152 veteris
897 2113 1086 2152 cuiusdam
1110 2118 1240 2165 poe'tae
1261 2115 1400 2153 Graeci
1416 2115 1485 2167 †),

44 2172 106 2223 qui
136 2171 182 2209 ob
211 2169 247 2208 id
276 2177 313 2208 et
344 2170 543 2208 masculum
563 2170 663 2207 Iovis
692 2177 854 2215 uterum,
883 2176 922 2208 et
944 2169 1062 2221 ipsum
1091 2169 1216 2209 Iovem
1241 2169 1379 2208 Bacchi
1410 2177 1487 2208 tum

44 2234 188 2278 patrem
218 2233 293 2263 tum
323 2233 476 2264 matrem
506 2226 623 2263 fuisse
654 2226 728 2263 ait:

141 2299 299 2356 ’Ἀρσενι
326 2301 458 2356 γαστρὶ
485 2299 638 2353 λόχευσε
665 2298 790 2354 πατὴρ
819 2300 885 2341 καὶ
911 2297 1050 2342 πότνια
1078 2298 1214 2354 μήτηρ.

45 2381 179 2433 Neque
211 2381 283 2418 alia
314 2380 458 2418 ratione
484 2378 710 2418 Heraclides
739 2379 921 2418 Ponticus
937 2378 1020 2433 ††)
1053 2378 1212 2418 eundem
1243 2378 1369 2417 Iovem
1399 2377 1487 2417 Pal-

120 2514 163 2550 ξε)
184 2514 291 2549 Epigr.
313 2515 351 2544 V.
372 2515 423 2545 72.
462 2516 525 2544 Pro
546 2515 656 2543 Prisce
673 2513 790 2548 legitur
809 2511 905 2548 Rufe.

120 2562 189 2597 *th
210 2562 292 2591 nist.
312 2563 419 2592 Anim.
440 2564 493 2592 lib.
514 2565 537 2592 1.
557 2570 627 2599 cap.
646 2564 676 2592 3.
698 2562 738 2592 de
758 2562 905 2591 uenerat.
926 2559 1033 2590 Anim.
1052 2560 1105 2590 lib.
1125 2561 1150 2591 1.
1169 2567 1238 2598 cap.
1259 2561 1311 2591 2⁰.

120 2610 215 2645 *²422ss
235 2612 363 2640 Metam.
382 2612 436 2641 IV.
456 2612 504 2640 12.

728 2660 747 2673 ..-

121 2661 168 2700 ἦ)
196 2662 315 2699 Nonni,
344 2661 527 2696 Dionysiae.
556 2661 609 2690 lib.
629 2662 654 2690 Ι.
676 2668 706 2689 ν.
733 2671 758 2689 ι.
784 2659 835 2689 ubi
863 2654 988 2701 λόχευε
1018 2660 1115 2695 vulgo
1143 2659 1300 2691 scribitur.
1345 2660 1489 2690 Graefius

47 2707 149 2746 ‚,fort.
171 2701 356 2747 λόχευσε.“
401 2708 450 2735 De
469 2714 505 2735 re
530 2706 569 2736 ef.
591 2707 741 2736 Creuzer.
762 2705 905 2740 symbol.
925 2709 956 2735 et
975 2707 1075 2741 myth.
1102 2707 1188 2736 Tem.
1210 2709 1264 2737 111.
1286 2715 1358 2744 pag.
1378 2708 1419 2737 97
1440 2715 1489 2743 sq.

45 2751 94 2780 ed.
115 2756 179 2778 sec.

120 2796 194 2836 Η)
214 2797 356 2831 Allegor.
373 2797 499 2824 Homer.
514 2802 582 2828 can.
600 2796 650 2824 21.
670 2803 741 2832 pag.
760 2796 810 2825 73.
830 2795 879 2824 ed.
897 2797 1022 2825 Sehow.
1044 2795 1096 2831 (in
1114 2795 1205 2825 Galei
1226 2797 1339 2831 opusc.
1361 2799 1491 2832 mythol.

45 2837 105 2865 cet.
132 2835 312 2863 Amstelod.
336 2835 426 2863 1688.
456 2840 526 2868 naz.
548 2833 652 2869 438).
698 2835 762 2863 Sed
789 2834 919 2864 libellus
938 2834 1000 2863 iste
1020 2840 1102 2864 nunc
1120 2835 1285 2865 Heraclidi
1313 2837 1367 2866 vel
1386 2837 1493 2872 potius

45 2872 205 2904 Heraclito
229 2872 438 2900 Granamalz'eo
457 2871 615 2900 tribuitur.

99 2928 227 2956 Μυκη.
250 2925 324 2955 Orr.
343 2925 423 2954 Von.
442 2925 497 2954 111.
518 2922 900 2959 (Reus-xfflnffomdl.)
1174 2908 1230 2951 29

1516 610 1580 641 473
