1726 3106
506 123 607 164 LIB.
640 123 753 166 VIII.
811 122 930 164 CAP.
964 122 1073 164 VIII.
1432 120 1511 163 173

78 237 218 277 ctorius
258 237 316 275 sui
352 247 394 274 se
432 233 647 274 dissimilem
677 234 874 288 praebuitL
921 232 1139 284 Legendum
1168 238 1290 271 autem
1319 231 1370 270 ibi
1398 237 1457 270 est
1484 228 1512 283 ἦ

79 293 251 341 ἐναντία,
288 304 385 335 υου,
425 297 465 327 ut
500 291 610 340 vulgo
648 291 812 340 legitur,
847 290 873 343 ᾑ
909 289 1072 329 ἐναντία.
1131 288 1242 336 Quod
1281 301 1351 338 ego
1377 300 1458 324 cum
1487 300 1511 326 a

77 350 196 400 primo
234 347 447 384 coniectura
478 352 614 382 tantum
647 347 763 382 fretus
793 344 1040 382 iudicassem:
1081 346 1206 395 reperi
1238 350 1364 394 postea
1396 342 1510 379 libros

79 410 118 442 et
153 403 292 442 calamo
326 406 470 437 notatos
511 408 549 437 et
577 401 676 451 typis
706 399 939 450 descriptos,
983 400 1043 450 qui
1075 399 1284 449 opinionem
1315 398 1511 435 confirma-

77 465 162 497 rent
195 469 327 494 meam.
385 453 528 502 Quodsi
567 469 640 493 una
681 454 883 505 eademque
921 455 1074 504 specie,
1111 461 1174 491 aut
1211 455 1322 491 etiam
1355 464 1510 490 numero

75 526 138 552 res
174 517 393 563 potestatem
431 509 615 548 efficiendi
652 510 838 548 contraria
873 510 909 546 in
949 522 990 546 se
1029 510 1222 546 continere
1261 508 1431 546 dicatur:
1470 505 1512 544 id

75 578 235 606 necesse
265 567 338 604 erit
365 566 583 615 contingere
613 573 675 602 aut
704 579 776 603 non
805 565 839 602 in
870 563 1000 601 eodem
1018 560 1280 618 ὖποκειμένῳε
1312 570 1375 600 aut
1394 561 1510 614 quod,

75 623 110 661 si
145 621 243 659 idem
275 622 348 667 sit,
395 634 467 657 non
500 622 548 657 sit
575 627 697 658 tamen
727 620 896 657 affectum
910 616 950 665 ᾗ)
983 617 1112 656 eodem
1145 618 1278 655 modo:
1329 625 1392 655 aut
1421 631 1511 656 con-

74 677 190 715 traria
227 675 291 713 illa
330 689 401 713 non
440 675 569 713 eadem
612 676 754 712 ratione
781 675 1006 719 efficientur,
1045 680 1108 711 aut
1136 687 1208 711 non
1241 672 1370 710 eodem
1404 672 1510 723 quasi

72 728 334 770 instru‘mento.
396 730 445 768 Ut
485 730 579 767 idem
615 731 713 781 ignis
752 729 1020 779 etxadstringit
1058 735 1095 766 et
1125 727 1304 766 resolvit:
1351 727 1415 765 sed
1444 726 1512 765 ad-

73 787 223 836 stringit
259 786 419 823 fortasse
454 786 619 823 corium:
667 798 790 823 ceram
826 791 888 822 aut
916 785 1075 835 glaciem
1105 784 1217 821 laxat.
1277 781 1416 820 Aestas
1447 796 1512 833 ap-

71 842 274 895 petentiam
303 853 426 878 rerum
457 853 700 878 venerearum
733 847 769 878 et
794 846 929 890 auget,
960 847 998 878 et
1027 840 1180 876 minuit:
1213 837 1279 876 sed
1312 838 1442 875 minuit
1470 838 1511 875 in

73 898 191 936 viris:
231 902 343 946 auget
384 896 421 933 in
460 896 623 934 feminis.
682 895 857 934 Ebrietas
895 895 958 932 alii
989 895 1244 944 garrulitatem
1273 893 1404 939 affert,
1447 892 1511 930 alii

72 952 282 990 silentium:
337 949 530 989 doctrinae
569 951 675 1001 copia
711 951 775 988 alii
819 949 1108 995 confidentiam,
1148 949 1212 987 alii
1256 948 1508 986 timiditatem.

72 1007 181 1046 Fieri
219 1007 331 1043 etiam
368 1012 516 1056 potest,
553 1013 594 1043 ut
633 1007 682 1043 sit
717 1005 815 1043 idem
853 1002 1128 1055 ὑποκείμενονε
1175 1003 1242 1042 sed
1279 1017 1350 1041 non
1377 1001 1509 1041 eodem

73 1062 182 1100 modo
220 1062 417 1099 affectum:
460 1067 499 1097 ut
535 1061 609 1099 vini
648 1067 708 1098 aut
737 1061 885 1099 veneris
917 1074 1004 1097 usus
1033 1060 1096 1097 uni
1127 1058 1321 1110 eidemque
1351 1059 1507 1104 bomini,

71 1117 139 1155 sed
166 1116 275 1153 aliter
300 1123 409 1165 atque
434 1115 544 1153 aliter
574 1115 728 1161 affecto,
766 1115 874 1153 modo
905 1115 1064 1153 salubris
1103 1122 1181 1161 est,
1224 1113 1330 1151 modo
1360 1115 1507 1151 noxius.

71 1170 216 1219 Quodsi
247 1177 284 1208 et
315 1169 412 1207 idem
443 1171 505 1215 sit,
538 1177 574 1208 et
603 1170 730 1208 eodem
761 1170 869 1208 modo
899 1171 1094 1208 affectum:
1129 1169 1327 1220 oportebit,
1358 1176 1397 1206 ut
1415 1167 1508 1215 dixi,

71 1226 259 1265 contraria
291 1225 355 1262 illa
386 1231 448 1262 aut
477 1238 548 1262 non
580 1225 710 1263 eodem
741 1225 862 1271 modo,
893 1232 956 1262 aut
986 1238 1058 1262 non
1090 1225 1220 1263 eodem
1245 1224 1349 1274 quasi
1372 1223 1510 1261 instru-

70 1288 193 1320 mento
223 1280 332 1318 effici.
392 1279 491 1317 Nam
527 1279 696 1317 diuturna
724 1281 818 1318 nivis
851 1281 1095 1318 contrectatio
1126 1287 1162 1318 et
1193 1281 1312 1329 frigus
1342 1279 1451 1316 affert
1472 1285 1511 1316 et

70 1337 260 1375 calorem:
301 1333 367 1373 sed
399 1336 552 1372 alterum
579 1334 724 1386 quidem
754 1349 820 1386 per
849 1348 913 1381 se,
953 1335 1110 1373 alterum
1141 1348 1208 1386 per
1238 1333 1417 1385 quandam
1445 1330 1512 1373 ἂν·

67 1391 332 1444 τιπερίστασιν.
387 1390 527 1429 Vinum
560 1397 597 1427 et
625 1390 836 1436 humectat,
867 1398 904 1428 et
934 1391 1121 1428 exsiccat:
1161 1389 1225 1428 sed
1256 1390 1411 1427 alterum
1443 1402 1512 1440 per

70 1460 142 1493 se,
183 1446 339 1483 alterum
376 1442 474 1484 κατὰ
511 1443 759 1497 συμβεβηκός.
817 1446 881 1484 Sic
920 1454 1093 1484 senectus
1132 1445 1336 1483 adveniens
1367 1451 1405 1482 et
1435 1445 1511 1482 sic-

69 1503 192 1540 ciores
233 1508 271 1537 et
310 1500 535 1538 humidiores
566 1501 668 1538 facit.
727 1502 780 1538 At
810 1500 907 1539 idem
936 1501 1101 1539 medicus
1134 1500 1292 1538 eundem
1323 1500 1510 1537 hominem

70 1565 108 1595 et
138 1556 352 1594 interficere
381 1562 518 1605 potest,
553 1562 590 1592 et
621 1568 779 1594 sanare:
814 1570 884 1593 non
920 1563 1041 1594 tamen
1073 1555 1204 1593 eodem
1235 1556 1341 1606 plane
1372 1556 1509 1592 instru-

70 1618 222 1656 mento,
262 1609 329 1648 sed
369 1609 440 1647 hoc
476 1609 667 1657 remedio,
711 1609 798 1648 illud
836 1624 996 1649 veneno.
1066 1611 1118 1649 Et
1158 1610 1255 1648 idem
1296 1617 1509 1660 geometres

68 1673 194 1718 potest
230 1667 268 1703 in
306 1663 437 1703 eodem
478 1664 648 1702 auditore
686 1672 724 1703 et
759 1666 953 1703 scientiam
998 1673 1035 1703 et
1063 1667 1310 1716 ignorantiam
1340 1666 1506 1711 efficere,

71 1721 140 1760 sed
182 1721 282 1758 illam
322 1719 668 1765 demonstratione,
725 1720 820 1758 hanc
858 1721 1118 1772 paralogismo.
1187 1721 1294 1758 Haec
1337 1720 1425 1757 mihi
1461 1719 1508 1757 de

68 1777 173 1815 hisce
203 1776 313 1813 rebus
339 1775 516 1826 cogitanti
546 1782 726 1812 venerant
757 1777 793 1813 in
824 1784 1007 1822 mentem3
1040 1789 1132 1826 quae
1163 1788 1244 1813 cum
1277 1774 1370 1812 haud
1401 1788 1508 1825 pror-

69 1845 133 1870 sus
161 1827 385 1882 ἆφιλόσοφα
413 1830 654 1878 viderentur,
685 1831 823 1882 placuit
849 1832 1004 1870 aliorum
1034 1831 1173 1871 iudicio
1203 1831 1451 1869 committere.

525 1962 814 2002 CAPUT
868 1963 995 2004 VIII.

360 2042 475 2081 Alc'ecs
503 2042 605 2080 locus
633 2056 683 2080 ez·
709 2043 836 2080 eodem
863 2043 960 2081 libro
986 2043 1210 2094 caeplc'catus.

67 2121 199 2179 Innsr
230 2139 467 2178 obscuritatis
497 2140 635 2192 aliquid
663 2142 774 2179 etiam
804 2142 841 2179 in
872 2143 919 2180 iis
946 2141 1094 2189 verbis,
1126 2154 1220 2192 quae
1248 2141 1417 2193 proxime
1442 2154 1508 2179 an-

68 2195 246 2236 tecedunt
275 2209 386 2242 eum,
424 2209 531 2247 quem
563 2195 669 2234 modo
698 2196 916 2235 adduximus
932 2195 1034 2249 ἤέἑιό),
1067 2211 1088 2235 e
1117 2197 1335 2235 Rhetoricis
1367 2198 1504 2235 locum.

66 2251 135 2290 Ait
172 2251 267 2289 enim
298 2250 550 2289 Aristoteles:
589 2253 629 2290 Si
670 2266 781 2290 unum
821 2254 1093 2291 contrariorum
1129 2265 1207 2290 eam
1242 2259 1409 2290 naturam
1442 2252 1508 2289 ha-

68 2307 178 2352 heat,
211 2312 251 2344 ut
277 2313 339 2344 aut
369 2319 480 2353 esse,
513 2314 576 2344 aut
599 2308 715 2345 fuisse
744 2309 883 2358 possit:
916 2321 1025 2359 posse
1057 2307 1094 2345 id
1121 2308 1367 2358 probabiliter
1393 2308 1508 2345 etiam

69 2361 115 2399 de
145 2362 263 2399 altero
292 2361 433 2411 colligi.
494 2361 603 2409 Quod
633 2362 780 2413 quidem
807 2376 933 2402 verum
963 2376 1048 2401 esse
1079 2376 1151 2401 non
1182 2363 1383 2408 videbitur,
1417 2363 1506 2409 nisi,

69 2415 251 2467 quomodo
300 2416 360 2454 hic
390 2418 593 2467 accipiatur
631 2415 816 2467 δυνατὸν,
866 2419 1068 2469 intelligas.
1139 2417 1255 2469 quue
1294 2417 1508 2455 victorium

69 2472 170 2509 nullo
204 2470 311 2509 modo
343 2473 513 2522 attigisse
536 2473 650 2510 miror
663 2471 780 2525 Ἴὲἧιωῖἱζ).
840 2475 1021 2513 Δυνατοῦ
1044 2475 1141 2511 enim
1161 2486 1294 2511 nomen
1318 2472 1506 2510 interdum

69 2527 121 2564 ita
148 2526 221 2564 late
250 2533 372 2578 patet,
404 2534 443 2565 ut
469 2528 712 2579 amplectatur
738 2536 777 2567 et
807 2528 867 2577 id,
899 2529 995 2580 quod
1025 2529 1242 2568 necessario
1271 2528 1331 2568 vel
1361 2528 1416 2574 fit,
1447 2527 1507 2565 vel

142 2658 188 2693 -:::-)
208 2657 321 2686 W'olfii
340 2657 439 2686 editio
459 2659 555 2687 habet
574 2657 723 2693 effectum.

144 2705 213 2741 -222--211-)
234 2706 314 2735 Vide
334 2706 374 2735 ad
394 2706 446 2734 lib.
468 2708 521 2735 111.
543 2713 609 2741 cap.
629 2707 659 2736 6.

143 2753 238 2787 *za-2:23
260 2754 339 2783 Vide
367 2754 461 2782 huius
482 2753 554 2782 edit.
575 2761 644 2788 pag.
666 2755 739 2785 364.
778 2755 877 2784 Miror
896 2756 1004 2785 autem
1024 2756 1180 2785 muretum
1209 2755 1241 2785 in
1260 2755 1506 2792 interpretandis

71 2798 181 2841 verbis
209 2790 256 2825 ἂν
290 2790 335 2834 δὴ
368 2791 407 2825 τὸ
432 2791 597 2825 ἐναντίον
622 2785 651 2839 ff
671 2792 830 2827 δυνατὸν
855 2791 876 2835 ἢ
900 2789 994 2827 εἶναι
1016 2790 1037 2836 ἢ
1061 2797 1234 2839 γενέσθαι
1269 2808 1337 2830 cum
1366 2801 1506 2831 Victorio

70 2843 109 2864 eo
129 2843 199 2872 ipso
218 2836 310 2867 modo
331 2843 458 2875 errare,
481 2844 573 2872 quem
593 2837 676 2868 inira
693 2839 760 2868 ΧΠ.
783 2839 831 2868 13.
852 2838 885 2870 in
905 2838 1043 2870 victorio
1064 2839 1279 2875 reprehendit.
1318 2841 1429 2870 Fansn

1538 1064 1602 1096 182
