1726 3106
129 621 171 652 79

460 607 543 665 Μ.
595 608 972 668 ANTONII
1019 609 1383 667 MURETI

878 721 967 757 AD

197 807 971 881 HIPPOLYTUM
1040 808 1643 882 ESTENSEM

477 932 513 963 S·
550 933 592 960 R.
631 934 672 961 E.
713 932 981 962 CARDINALEM
1019 935 1371 963 ILLUSTRISSIMUM

365 1050 853 1102 VARIARUM
916 1053 1472 1105 LECTIONUM

529 1157 800 1198 LIBER
876 1159 1310 1210 QUARTUS.

726 1377 758 1416 C
788 1376 825 1416 A
854 1377 888 1416 P
915 1378 952 1417 U
980 1379 1015 1417 T
1082 1379 1116 1418 Ι.

233 1453 406 1491 Historia
432 1452 479 1491 de
505 1454 674 1493 Pindaro
695 1459 835 1506 poe‘la,
868 1458 1025 1494 multato
1057 1468 1080 1494 α
1109 1457 1208 1502 suis,
1242 1461 1378 1494 ornato
1408 1454 1456 1493 ab
1486 1454 1609 1493 Athe-

818 1512 1024 1550 mensibus.

197 1586 448 1646 PAUSANIAS
486 1608 523 1646 in
555 1607 694 1648 Atticis
710 1607 756 1662 ὴίζ)
791 1618 939 1656 narrat,
981 1609 1262 1655 Athenienses,
1301 1607 1397 1660 quod
1426 1621 1448 1646 a
1478 1605 1644 1646 Pindaro

198 1665 238 1701 in
276 1663 433 1714 quodam
468 1671 609 1701 asmate
623 1663 696 1714 Η)
737 1665 872 1703 laudati
903 1672 1062 1713 essent,
1102 1665 1194 1702 tanti
1238 1665 1377 1702 fecisse
1408 1663 1519 1714 ampli
1548 1663 1646 1700 illius

199 1731 245 1757 ac
280 1717 632 1772 grandiloqui***)
672 1723 803 1772 poetae
833 1722 1110 1767 testimonium,
1154 1727 1193 1758 ut
1228 1727 1265 1757 et
1297 1719 1393 1757 dona
1423 1720 1458 1757 ei
1488 1718 1646 1769 plurima

200 1775 248 1812 ob
286 1773 322 1810 id
348 1775 538 1820 miserint,
576 1783 613 1813 et
648 1783 804 1814 statuam
835 1777 870 1814 in
904 1778 1055 1815 civitate
1085 1789 1151 1813 sua
1182 1776 1394 1812 statuerint.
1453 1773 1542 1811 Non
1574 1774 1644 1824 igi-

198 1836 261 1867 tur
295 1830 426 1867 mirum
463 1836 546 1875 est,
585 1831 616 1867 si
652 1832 728 1869 illis
768 1832 997 1883 temporibus
1036 1832 1138 1869 multi
1175 1844 1219 1868 ac
1247 1836 1478 1881 praestantes
1508 1831 1641 1879 po‘e‘tae

197 1885 376 1931 fuerun13
419 1899 527 1931 cum,
559 1887 620 1935 qui
652 1899 697 1924 ea
726 1888 900 1925 facultate
929 1886 1183 1932 excellebant,
1217 1893 1253 1923 et
1283 1886 1450 1922 maximis
1483 1884 1646 1921 muneri-

196 1939 267 1978 bus
297 1939 588 1978 honestarentur
618 1949 655 1979 et
683 1942 886 1980 honoribus
915 1943 1153 1993 amplissimis
1178 1948 1443 1979 mactarentur.
1505 1939 1645 1977 Aetate

199 2002 332 2034 nostra
360 1996 499 2033 vocalis
528 1996 591 2033 ille
621 1998 704 2034 olim
736 1998 931 2036 Musarum
961 1998 1098 2036 chorus
1126 1997 1331 2042 conticuitg,
1362 2007 1530 2047 quaeque
1558 2007 1646 2032 ava·

199 2050 289 2088 ritia
322 2051 508 2100 marsupia
536 2054 741 2101 potentium
771 2053 976 2106 clusit†),
1009 2052 1138 2090 eadem
1170 2064 1283 2089 venas
1314 2051 1505 2088 Heliconii
1530 2051 1647 2100 liquo-

199 2106 255 2143 ris
290 2105 484 2144 obstruxit.
551 2106 629 2144 Sed
667 2107 763 2158 quod
802 2108 847 2146 de
885 2107 1050 2146 Pindaro
1085 2107 1304 2158 perstringit
1338 2105 1573 2151 Pausanias,
1610 2102 1647 2142 id

200 2161 323 2199 fusius
359 2159 536 2198 edisserit
578 2163 615 2199 in
656 2162 813 2213 quadam
851 2163 1009 2214 epistola
1044 2161 1257 2200 Aeschines
1277 2160 1378 2213 ††).
1448 2160 1517 2198 Ait
1546 2160 1646 2198 enim

201 2216 328 2261 illum,
370 2229 453 2254 cum
484 2215 771 2255 Atheniensium
805 2218 934 2256 urbem
965 2216 1261 2255 commendasset
1290 2217 1347 2253 his
1377 2215 1526 2261 verbis,
1565 2213 1648 2253 αἵτε

201 2269 362 2323 λιπαραὶ
396 2270 463 2310 καὶ
502 2268 671 2323 ἀοίδιμοι
696 2270 878 2320 Ἑλλάδος
905 2269 1043 2326 ἔρεισμ’
1069 2269 1261 2320 Ἀθᾶναι,
1292 2272 1481 2309 multatum
1507 2283 1593 2308 esse
1625 2282 1649 2307 a

207 2326 352 2363 civibus
384 2327 489 2373 suis,
539 2341 654 2378 aegre
683 2328 914 2375 ferentibus,
951 2329 1083 2366 alienis
1111 2341 1193 2365 eum
1223 2328 1369 2378 potius,
1412 2339 1518 2377 quam
1551 2325 1644 2371 suis,

202 2381 302 2419 illam
339 2388 476 2419 tantam
517 2382 662 2421 laudem
693 2383 857 2422 dedisse.
919 2383 1027 2433 Quod
1061 2382 1122 2420 ubi
1154 2384 1345 2420 rescivere
1373 2381 1645 2426 Athenienses,

205 2437 404 2474 confestim
445 2437 627 2476 miserunt
665 2440 702 2476 ei
740 2438 886 2490 duplum
915 2441 996 2477 eius
1026 2439 1230 2490 pecuniae,
1274 2451 1381 2488 quam
1412 2437 1548 2474 multae
1579 2448 1646 2472 no-

206 2492 306 2530 mine
336 2499 417 2530 erat
445 2501 622 2532 exactus:
663 2495 856 2547 ipsumque
884 2507 1004 2533 aenea
1034 2501 1156 2532 statua
1186 2499 1380 2532 ornarunt.
1437 2491 1497 2530 Ea
1526 2497 1646 2529 statua

282 2628 307 2653 ³3<-
345 2627 399 2655 lib.
418 2629 442 2656 1.
462 2633 498 2655 ca
524 2649 531 2655 .
552 2628 582 2656 8.

282 2626 351 2710 ³:³3³)
372 2677 441 2703 Non
461 2634 521 2704 estp
530 2674 693 2713 Latinum,
715 2676 772 2705 sed
793 2678 948 2705 Graecum
969 2675 1167 2704 vocabulum.
1205 2673 1329 2703 tinam.

207 2724 377 2797 cap-³15)
402 2724 587 2791 &eschylus
618 2725 679 2753 hoc
711 2724 838 2754 nomine
872 2726 1002 2753 notatur
1036 2730 1057 2752 a
1094 2721 1303 2758 Quinctiliauo
1339 2722 1415 2750 lust.
1443 2720 1495 2749 Or.
1524 2718 1580 2750 lib.
1607 2719 1643 2748 X.

283 2807 330 2846 †)
351 2810 471 2839 Similis
489 2812 579 2841 locus
599 2811 650 2842 est
669 2817 720 2847 ap.
742 2809 807 2842 Cic.
827 2809 867 2840 de
888 2809 946 2840 Off.
964 2809 1018 2840 tib.
1040 2811 1079 2840 11.
1097 2816 1168 2847 cap.
1189 2809 1238 2841 15.
1258 2810 1341 2839 extr.
1379 2806 1503 2837 tinam.

284 2855 358 2895 ἦ)
378 2858 478 2895 Epist.
498 2859 529 2890 4.
