1726 3106
564 127 664 166 LIB.
694 127 763 167 IV.
822 125 942 166 CAP.
974 126 1024 164 11.
1471 125 1525 168 75

84 240 274 279 visebatur
300 236 502 278 Aeschinis
530 243 655 275 aetate
683 242 771 275 ante
799 236 942 286 regiam
973 236 1178 286 porticum:
1220 234 1357 274 sedens
1384 233 1526 273 Pinda-
1553 239 1597 270 80

86 309 150 334 rus
174 309 255 334 cum
280 295 390 346 pallio
418 299 456 332 et
485 290 709 339 diademate,
741 291 860 344 lyram
889 296 1023 329 teneus
1055 299 1094 330 et
1123 304 1236 343 supra
1266 303 1389 342 genua
1417 303 1526 342 aper·

86 357 164 389 tum
192 351 341 389 librum.

603 486 889 526 CAPUT
944 485 1007 524 ΙΙ.

91 578 200 629 Quod
218 577 450 616 Aristoteles
475 577 595 614 sensit
620 576 666 613 de
696 576 764 621 z'z‘s,
805 587 866 624 qm
895 586 936 611 se
964 574 1064 624 ipsos
1092 574 1375 626 interficerent,
1413 574 1529 614 Euri-

476 632 582 682 pedis
612 630 821 669 testi'monzo
852 628 1128 679 corfitmatum.

90 719 199 779 CUM
228 740 338 791 vulgo
367 737 601 786 crederetur,
633 739 704 778 viri
735 738 843 776 fortis
876 750 975 787 esse,
1006 744 1159 775 mortem
1190 738 1261 775 sibi
1290 738 1532 776 consciscere

90 797 241 848 potius,
285 809 392 846 quam
422 808 536 846 grave
575 793 722 844 aliquod
751 800 789 832 et
816 793 990 831 acerbum
1022 794 1154 830 malum
1189 794 1333 846 perpeti
1348 792 1426 845 *)
1471 806 1533 830 sa-

89 853 239 902 pienter
268 849 531 888 animadvertit
565 849 794 887 Aristoteles
811 847 908 899 iffi),
942 849 1070 886 falsam
1100 861 1184 885 6556
1213 849 1312 886 illam
1344 848 1532 885 hominum

90 907 328 957 opinionem.
372 918 509 956 eosque
536 906 597 956 qui
629 905 679 942 ita
708 905 898 950 facerent,
931 917 1003 940 non
1031 902 1137 940 modo
1164 903 1309 949 fortes,
1342 902 1409 941 sed
1426 901 1531 954 ww)

91 962 248 1012 ignavos
288 961 466 1012 parvique
504 967 543 998 et
581 959 718 997 abiecti
756 960 868 996 animi
908 958 1097 996 habendos
1128 959 1393 1010 pronuntiavit.
1453 957 1535 995 Do-

92 1024 181 1055 cent
209 1016 334 1061 enim,
366 1028 408 1053 se
438 1014 496 1060 id,
539 1016 635 1065 quod
660 1014 827 1064 fugiunt,
860 1014 961 1051 ferre
994 1027 1064 1051 non
1098 1026 1234 1063 posse,
1273 1026 1393 1064 neque
1423 1025 1535 1064 pares

91 1084 178 1110 6556
218 1072 253 1109 ei
292 1071 397 1108 casui
433 1068 676 1115 sustinendo,
720 1076 872 1119 propter
912 1081 1017 1118 quem
1063 1069 1173 1105 vitam
1203 1069 1432 1119 relinquunt.
1492 1066 1537 1105 Id

91 1133 215 1165 autem
252 1125 499 1163 effeminatam
533 1125 654 1174 potius
691 1124 802 1161 animi
838 1123 1054 1168 mollitiem,
1100 1136 1206 1173 quam
1246 1122 1537 1173 magnitudinem

91 1182 226 1231 arguit.
286 1179 499 1230 Disputavit
533 1178 662 1216 eadem
701 1177 747 1215 de
779 1190 820 1215 re
850 1176 1065 1215 doctissime
1095 1190 1138 1215 ac
1170 1178 1449 1228 sapientissime
1482 1177 1538 1215 di-

92 1249 159 1274 vus
192 1235 370 1273 Aurelius
400 1234 632 1283 Augustinus
671 1232 736 1270 lib.
769 1232 799 1270 1.
818 1231 868 1284 †)
912 1231 957 1269 de
989 1233 1153 1269 Civitate
1184 1232 1291 1278 Dei,
1339 1233 1536 1284 multisque

94 1291 301 1329 rationibus
340 1288 526 1335 ostendit,
571 1288 812 1333 Lucretiam,
864 1286 1045 1325 Catonem
1092 1294 1314 1339 ceterosque
1353 1287 1536 1325 eiusmodi

95 1346 232 1384 frustra
271 1345 308 1382 in
348 1344 515 1381 historiis
556 1356 577 1380 a
617 1342 833 1380 fortitudine
872 1342 1030 1379 landari.
1091 1342 1260 1393 Longius
1299 1343 1409 1380 etiam
1450 1356 1537 1393 pro-

94 1413 262 1470 gressus
287 1399 581 1444 demonstravit,
622 1399 754 1435 nullam
796 1410 881 1435 esse
927 1410 1035 1447 posse
1066 1397 1163 1435 bono
1193 1411 1236 1435 ae
1267 1398 1425 1448 sapienti
1456 1398 1537 1435 viro

94 1451 308 1509 ἐξαγωγήν,
338 1461 376 1492 ut
406 1453 526 1491 Stoici
555 1453 825 1503 loquebantur,
870 1448 1038 1505 εὔλογον
1097 1452 1174 1491 Sed
1203 1460 1240 1491 et
1268 1452 1470 1504 Euripides
1498 1451 1539 1490 id

95 1518 183 1549 ante
224 1511 428 1548 docuerat.
472 1509 531 1559 qui
561 1508 765 1545 Herculem
798 1507 915 1558 primo
946 1509 1034 1546 ficit
1063 1508 1364 1546 succumbentem
1395 1509 1539 1558 magni-

97 1565 218 1604 tudini
246 1566 327 1603 eius
357 1563 524 1608 d0101is,
567 1576 673 1614 quem
704 1563 898 1600 hauriebat
934 1576 954 1600 e
983 1563 1097 1601 caede
1128 1564 1255 1601 uxoris
1285 1570 1324 1601 et
1360 1563 1536 1609 liberum,

91 1634 205 1672 quam
244 1621 424 1671 ipsemet,
471 1619 597 1655 furore
635 1617 811 1655 divinitus
841 1618 1006 1655 immisso
1039 1626 1254 1669 correptus,
1297 1627 1539 1669 perpetrave-

98 1684 178 1714 rat:
217 1682 255 1713 et
294 1674 341 1712 ob
379 1673 418 1711 id
455 1686 475 1710 6
514 1674 590 1710 vita
620 1672 818 1710 discedere
850 1672 1110 1711 meditantem:
1156 1673 1290 1711 deinde
1322 1673 1539 1711 redeuntem

97 1731 145 1770 ad
181 1744 247 1776 se,
284 1737 321 1767 et
357 1735 556 1766 mutantem
592 1729 809 1773 consilium,
850 1735 1067 1775 verentem,
1108 1741 1155 1766 ne
1196 1728 1233 1765 id
1269 1729 1338 1765 sibi
1369 1730 1541 1779 ignaviae

98 1785 399 1829 adscriberetur,
442 1784 472 1820 si
513 1784 632 1821 lucem
668 1783 916 1833 relinqueret,
960 1790 1131 1834 tanquam
1167 1782 1393 1834 aegritudini
1422 1785 1542 1835 impar

99 1840 293 1880 ferendae.
353 1838 580 1876 Aristoteles
619 1839 669 1875 ita
702 1838 722 1875 h
728 1851 770 1875 ie
809 1837 854 1875 de
887 1851 928 1875 16
967 1839 1099 1876 sciibit
1141 1838 1206 1877 lib.
1215 1814 1305 1876 e³111.
1367 1840 1542 1905 Nmpuoc-

98 1895 324 1963 χεὶωνῷῒγ
368 1890 420 1932 Τὸ
457 1890 494 1931 δ’
537 1889 802 1944 ἀποθνήσκειν
845 1890 1037 1946 φεύγοντα
1072 1893 1208 1933 πενίαν
1235 1890 1261 1944 ἢ
1289 1892 1407 1944 ἔρωτα
1439 1890 1466 1945 ἥ
1506 1909 1542 1933 τι

99 1949 272 2016 λυπηοὸν
300 1946 372 1988 οὐκ
400 1945 594 2001 ἆνδοείου,
624 1945 716 1987 ἀλλὰ
738 1951 880 1998 μᾶλλον
910 1949 1062 1987 δειλοῦ
1091 1948 1256 2000 μαλακία
1284 1946 1368 2015 γὰρ
1384 1945 1426 1988 τὸ
1450 1945 1543 2000 φεύ-

99 2022 180 2072 γειν
214 2002 260 2045 τὰ
288 2004 472 2043 ἐπίπονα·
512 2002 579 2041 καὶ
607 2000 676 2054 οὐχ
704 2001 763 2042 ότι
790 2000 908 2042 καλὸν
934 2000 1133 2055 υπομένει,
1172 2001 1265 2044 ἀλλὰ
1294 2019 1448 2059 φευγων
1475 2019 1543 2044 κα-

100 2058 182 2102 κόν.
237 2059 433 2111 Euripidis
462 2066 584 2096 autem
616 2071 748 2097 versus
779 2058 816 2096 hi
846 2058 1080 2112 sunt†††).

175 2233 218 2268 ἐξ)
238 2234 390 2262 Veterum
411 2232 598 2267 scriptorum
616 2232 705 2260 locos
731 2233 792 2260 hue
812 2232 1010 2267 pertinentes
1031 2231 1199 2267 diligenter
1214 2231 1342 2267 collegit
1360 2228 1544 2262 Robeekius

102 2273 290 2301 Exercitatt.
312 2271 423 2305 philos.
445 2271 483 2298 de
504 2274 605 2298 morte
627 2270 818 2298 voluntaria.
846 2271 962 2299 Rintet.
985 2271 1076 2299 1736.
1115 2272 1253 2299 Exercit.
1274 2271 1424 2299 secunda.
1453 2272 1544 2299 Mar-

101 2311 190 2343 burg.
213 2310 303 2337 1752.
342 2307 389 2337 Cf.
410 2308 597 2336 Ammonius
612 2307 771 2336 Lem-buch
790 2309 847 2336 der
866 2309 983 2337 christl.
1004 2309 1189 2337 &utentem-e
1209 2311 1241 2344 §—
1259 2309 1318 2338 117
1336 2316 1383 2344 sq.
1399 2310 1487 2338 Toni.
1504 2310 1543 2338 11.

102 2354 173 2382 pag.
195 2347 256 2376 266
274 2353 342 2380 sqq.
364 2347 436 2374 273.
456 2346 503 2374 ed.
524 2347 578 2374 alt.

177 2406 245 2441 {⁴:2¹0
265 2405 365 2434 Ethic.
386 2404 502 2433 Nicom.
522 2404 577 2432 lib.
597 2406 650 2433 111.
671 2411 740 2439 cap.
762 2405 811 2433 1¹.
832 2403 901 2435 init.

177 2465 269 2501 *az-*J
289 2465 359 2494 Vid.
381 2466 487 2494 annot.
512 2465 552 2494 ad
571 2465 624 2494 lin.
644 2466 682 2494 X.
704 2471 773 2500 cap.
795 2464 824 2493 7.

180 2524 225 2562 ἦ)
246 2532 313 2559 cap.
332 2524 372 2553 20
392 2532 461 2559 sqq.

180 2583 252 2622 ἠγ]
274 2590 341 2618 cap.
365 2584 400 2612 11
424 2583 492 2614 init.

180 2641 280 2687 ἢῆ)
301 2644 426 2671 Hercul
447 2643 661 2673 fur.v.1347
681 2650 749 2678 sqq.
771 2643 862 2673 1338.
882 2650 925 2673 ex
945 2643 1019 2673 edit.
1039 2644 1231 2682 flammini,
1260 2644 1313 2680 qui
1341 2652 1382 2674 ex
1404 2646 1490 2675 Stob.
1511 2648 1544 2675 et

106 2683 196 2711 MSS.
222 2683 270 2712 sic
289 2680 454 2710 constituit
473 2689 588 2710 versus
609 2684 805 2716 postremos:

327 2752 390 2778 τις
415 2739 605 2795 ξυμφορὰς
627 2739 717 2795 γὰρ
723 2738 812 2779 &cuc
837 2739 904 2774 οὐκ
927 2739 1129 2779 ἐπίσταται,

328 2783 463 2826 (ὶνητὸς
486 2785 680 2840 πεφυκώς,
707 2797 750 2820 ον
773 2785 913 2839 τρόπον
931 2783 1067 2828 χοειόν,
1093 2786 1240 2830 ’[ἐρειν,

335 2829 418 2865 οὐδ’
447 2828 581 2878 ἀνδρὸς
603 2828 650 2867 ἂν
672 2828 817 2867 δύναιθ’
842 2828 1046 2875 ὑποστῆναι
1067 2833 1179 2875 βέλος.
