1778 3096
292 136 345 176 20
826 137 953 174 VAP..
990 137 1142 175 LECT.

265 246 433 293 scribas,
466 259 584 298 eaque
616 246 715 283 inter
744 259 785 284 se
817 247 1024 296 coniungas
1057 247 1129 286 hoc
1156 247 1264 286 modo
1294 260 1377 295 En,
1417 244 1550 286 deletis
1580 253 1708 298 postea

266 303 494 340 1=u¹uisversis
526 302 696 347 lineolis,
728 315 879 351 quarum
912 303 1028 339 altera
1059 303 1093 339 in
1127 316 1283 350 summo,
1314 306 1430 342 altera
1461 304 1498 340 in
1530 304 1602 340 imo
1635 309 1707 348 est,

267 357 422 395 habebis
440 357 492 394 11.
543 355 619 393 Sed
650 364 687 393 et
712 357 745 393 O
776 357 991 408 productum
1020 359 1067 394 ita
1098 359 1296 408 signabant
1322 371 1377 399 ω.
1409 357 1507 396 unde
1536 358 1708 395 ell'ectum

267 421 326 450 cst
355 412 400 449 ad
433 411 621 449 scribendi
650 412 877 450 celeritatem
909 412 996 450 illud
1029 426 1099 464 quo
1131 413 1241 451 hodie
1270 415 1407 452 utimur
1434 430 1474 453 ω.
1522 413 1561 450 Υ
1586 419 1709 451 autem

267 476 303 506 ct
331 468 373 505 ,Ω
404 481 491 511 non,
523 474 562 504 ut
593 466 716 514 hodie,
747 468 905 519 Ypsilon
938 475 974 505 ct
1005 470 1166 517 omega,
1199 468 1264 506 sed
1294 470 1515 520 simpliciter
1542 468 1580 504 Y
1609 475 1648 505 et
1675 467 1710 504 Ο

267 522 520 561 nominabant.
582 522 690 560 Plato
721 524 757 561 in
789 523 943 589 Cr11310
959 522 1028 590 *):
1068 527 1143 563 τῶν
1171 523 1361 575 στοιχείων
1390 521 1509 564 οἶσθα
1538 521 1597 563 ότι
1624 519 1711 562 ὀνό-

266 593 366 629 ματα
395 575 568 631 λέγομεν,
599 575 681 616 ἀλλ’
715 576 787 618 οὐκ
817 575 915 618 αὐτὰ
941 594 988 617 rec
1017 583 1201 630 στοιχεῖα,
1231 576 1331 630 πλὴν
1358 576 1565 631 τεττάρων,
1599 580 1670 618 τοῦ
1694 592 1711 617 ε

266 633 333 673 καὶ
363 637 432 672 τοῦ
458 649 483 672 υ
511 635 576 673 καὶ
604 637 672 672 τοῦ
702 649 722 673 ο
759 633 823 673 καὶ
851 637 920 673 τοῦ
947 650 988 673 ω.
1026 639 1106 681 τοῖς
1132 632 1168 674 δ’
1204 631 1331 681 αλλοις
1359 632 1552 685 φωνηεσσί
1580 648 1619 672 τε
1646 631 1713 672 καὶ

267 686 441 739 ἀφώνοις
470 685 588 728 οἶσθα
616 686 673 728 ότι
699 688 956 742 περιτιθέντες
983 686 1075 728 ἄλλα
1103 687 1303 743 γράμματα
1331 689 1505 743 λέγομεν,
1542 686 1713 740 ὀνόματα

267 748 480 792 ποιοῦντες.
552 744 722 794 Longum
761 753 865 782 esset
904 753 1016 782 totum
1061 746 1179 782 locuni
1219 745 1460 783 adscribere:
1509 745 1612 796 plura
1650 745 1713 795 qui

268 802 417 846 volent,
459 800 505 837 ab
537 801 617 850 ipso
647 807 787 851 petant.
849 800 890 838 In
925 800 1054 837 eodem
1094 800 1243 850 (litlogo
1273 799 1442 852 aitfflff),
1485 798 1661 850 quosdam
1690 811 1712 836 e

268 856 461 895 veteribus
500 855 641 893 dixisse
681 853 842 922 ἑμέραν,
875 869 968 906 quae
1005 863 1134 906 postea
1163 853 1285 909 ημέρα
1315 862 1447 893 vocata
1482 856 1544 892 sit.
1591 851 1715 906 ’Έρος

269 924 412 962 quoque
441 912 529 957 suit,
571 911 632 961 qui
669 919 799 962 postea
821 908 973 961 Έρως,
1009 914 1061 978 τῷ
1090 927 1161 977 γαρ
1194 926 1235 960 ο,
1275 912 1415 961 inquit,
1458 907 1543 950 ἀντὶ
1575 912 1645 950 τοῦ
1682 925 1714 948 ω

267 964 477 1019 ἐχρώμεθα.
535 964 588 1003 Et
619 967 658 1003 in
693 966 825 1005 eodem
839 964 968 1018 *Μὴ
1011 964 1059 1005 οὗ
1086 982 1157 1020 γαρ
1193 983 1217 1018 η
1246 964 1466 1019 ἐχρώμεθα,
1502 961 1596 1004 ἀλλὰ
1625 979 1642 1005 ε
1668 961 1713 1004 τὸ

267 1020 444 1062 παλαιόν.
502 1020 579 1060 Sed
611 1028 648 1059 ct
684 1029 770 1060 ante
805 1029 992 1072 repertum
1025 1038 1056 1061 ω
1097 1022 1314 1060 sciibebmt
1347 1026 1407 1062 τοῖ
1439 1024 1530 1061 λαοῖ
1563 1033 1632 1072 pro
1659 1022 1714 1074 τῷ

267 1081 370 1132 λαῷ,
409 1080 474 1116 τοῖ
503 1073 610 1129 λόγοι
646 1090 712 1141 pro
751 1080 804 1131 τῷ
838 1074 960 1132 λόγῳ,
1004 1085 1040 1115 et
1079 1085 1208 1115 cetera
1241 1076 1370 1115 eodem
1411 1075 1534 1115 modo,
1600 1075 1712 1114 Unde

266 1108 370 1184 apud,
398 1132 617 1183 Euripidem
646 1133 682 1169 in
702 1119 922 1170 Phoenissis
937 1132 987 1185 †)
1019 1136 1085 1172 σοῖ
1108 1149 1170 1172 νιν
1198 1129 1349 1186 έκγόνοι
1375 1146 1442 1184 pro
1472 1134 1526 1185 σῷ
1553 1127 1712 1186 ἐκγόνω,

267 1187 365 1240 quod
396 1189 458 1240 qui
483 1201 555 1225 non
585 1188 857 1238 intelligebant,
889 1190 1061 1226 fecerunt
1089 1189 1149 1227 σοί
1178 1204 1239 1228 νιν
1263 1188 1423 1241 ἔκγονοι.
1469 1187 1562 1225 Cum
1588 1194 1712 1225 autem

267 1243 366 1295 quod
397 1256 494 1281 nunc
523 1242 681 1294 Epsilon
713 1243 874 1289 dicitur,
906 1243 942 1281 id
972 1251 1145 1289 veterem,
1181 1252 1218 1281 ut
1247 1243 1349 1290 dixi,
1382 1256 1424 1281 ΕΙ
1454 1242 1709 1281 nominarent:

266 1300 404 1338 factum
435 1305 508 1344 est,
536 1305 576 1335 ut
600 1299 723 1336 littera
751 1299 813 1335 illa
843 1299 878 1335 in
910 1299 1045 1349 templo
1072 1299 1258 1350 Apollinis
1285 1298 1461 1349 Delphici
1489 1304 1712 1336 consecrata

268 1354 393 1392 multis
433 1353 661 1391 eruditorum
699 1354 885 1390 hominum
920 1353 1229 1404 disputationibus
1267 1354 1454 1392 celebrata
1499 1354 1570 1391 sit:
1617 1365 1711 1404 quac

270 1409 448 1460 cognosci
470 1415 622 1470 possunt
645 1422 692 1446 ex
707 1408 900 1446 Plutarchi
924 1409 1018 1446 libro
1038 1409 1126 1461 περὶ
1140 1413 1209 1449 τοῦ
1231 1422 1254 1447 Ε
1274 1413 1342 1449 τοῦ
1363 1409 1403 1449 έν
1422 1407 1681 1473 AEMPOTSl‘l‘)
1698 1424 1710 1445 .·

268 1478 380 1503 unam
420 1464 519 1501 enim
556 1464 715 1501 litteram
746 1465 889 1509 fuisse,
930 1471 968 1501 et
997 1467 1234 1515 apellissinie
1265 1478 1312 1502 ex
1345 1478 1390 1502 eo
1421 1466 1502 1515 ipso
1532 1464 1627 1501 libro
1659 1463 1714 1500 in-

269 1520 471 1569 telligitur,
503 1525 543 1557 et
569 1531 589 1556 e
617 1517 774 1569 quodam
805 1517 971 1557 eiusdem
999 1521 1196 1571 seliptoris
1226 1520 1309 1558 loco
1337 1521 1375 1557 in
1404 1520 1500 1557 libro
1527 1533 1614 1571 πεοι
1636 1520 1715 1557 τῶν

269 1570 542 1614 ἐκλελοιπότων
569 1574 802 1641 χρηστηρίων
818 1573 959 1641 †††),
997 1575 1060 1612 ubi
1091 1576 1141 1612 ita
1177 1576 1334 1626 legitur:
1377 1575 1412 1614 εἰ
1438 1573 1478 1614 δε
1512 1571 1580 1613 τὸν
1615 1569 1714 1613 θεὸν

268 1627 516 1682 ἐκβιβάζομεν
543 1626 629 1676 ἑνὸς
655 1627 817 1681 κόσμου,
850 1627 916 1668 διὰ
941 1629 979 1668 τί
1005 1629 1116 1669 πέντε
1143 1627 1262 1681 μόνον
1284 1633 1483 1682 ποιοῦμεν,
1512 1627 1559 1669 οὗ
1586 1625 1711 1669 πλειό-

269 1702 349 1725 νων
379 1680 625 1751 δημιουργὸν,
648 1684 714 1724 καὶ
739 1685 797 1732 τίς
819 1684 896 1724 ε’στι
917 1688 986 1724 τοῦ
1016 1683 1188 1736 ἀριθμοῦ
1209 1682 1348 1725 τούτου
1373 1683 1470 1738 πρὸς
1494 1682 1537 1725 τὸ
1559 1688 1713 1749 πλῆθος

269 1739 394 1794 λόγος,
418 1739 531 1791 ἣδιον
559 1737 607 1779 ἄν
634 1755 699 1791 μοι
724 1741 827 1780 δοκῶ
853 1745 1008 1792 μαθεῖν,
1031 1739 1058 1793 ἡ
1083 1745 1189 1792 τῆςε
1174 1741 1347 1781 ἐνταῦθα
1375 1745 1443 1781 τοῦ
1471 1753 1495 1779 Ε
1524 1736 1711 1792 καθιερω-

269 1808 366 1843 σεως
393 1793 463 1847 τὴν
492 1791 678 1836 διάνοιαν.
729 1796 895 1847 Cumque
926 1797 1028 1842 item‚
1061 1796 1157 1847 quod
1188 1810 1283 1835 nunc
1312 1810 1487 1835 vocamus
1513 1796 1709 1840 Omicron,

270 1853 343 1903 ipsi
375 1858 553 1890 vocarent
584 1851 683 1897 OY,
719 1865 764 1890 ea
793 1852 863 1889 fuit
890 1866 962 1890 una
991 1853 1137 1918 littera,
1176 1866 1271 1904 quae
1301 1852 1594 1890 Lacedaemonii
1623 1850 1713 1888 Phi-

270 1908 372 1958 lippo
403 1908 485 1958 regi
519 1906 812 1958 responderunt:
855 1921 928 1945 non
944 1905 990 1960 ᾗ)
1022 1902 1072 1953 θ’,
1108 1915 1148 1945 ut
1176 1907 1322 1959 quidam
1353 1909 1479 1959 inepte
1509 1907 1709 1951 somniant,

272 1976 367 2013 quae
403 1970 490 2000 nota
519 1975 638 2012 nuper
666 1963 816 2001 inventa
848 1977 920 2000 non
958 1963 1085 2001 littera
1114 1970 1195 2009 est,
1237 1963 1301 2001 sed
1332 1962 1390 2010 Ο,
1432 1964 1537 2001 cuius
1576 1974 1711 2001 nomen

271 2017 431 2069 negandi
461 2019 533 2057 vim
560 2017 734 2057 hahebat.
793 2016 845 2055 Et
872 2019 922 2057 ita
952 2018 1217 2069 intelligendus
1248 2019 1441 2057 Ausonius
1454 2017 1554 2071 **):

468 2097 550 2134 Una
566 2094 653 2145 ficit
681 2102 845 2143 tantum,
877 2109 951 2147 qna
982 2097 1212 2147 respondere
1240 2103 1437 2146 negantes,

459 2152 632 2197 Littera,
647 2202 649 2204 ι
665 2159 705 2188 et
728 2154 829 2189 irato
858 2153 949 2201 regi
967 2153 1151 2202 placuere
1180 2159 1379 2201 negantes.

183 2233 247 2264 443
270 2226 324 2266 Et
349 2228 561 2266 rectissime
590 2229 628 2266 in
658 2226 783 2267 divina
809 2227 1040 2279 Apocalypsi
1054 2225 1178 2282 **³³‘),
1210 2228 1294 2280 Ego
1322 2242 1403 2267 sum
1432 2225 1555 2278 Alpha
1581 2232 1618 2264 et
1649 2223 1708 2262 0:

346 2342 390 2378 *j
400 2349 482 2382 pag.
502 2342 573 2372 393.
594 2343 633 2372 D.
654 2343 700 2370 st.
740 2339 839 2370 scrib.
859 2333 1029 2382 φωνηεσί
1049 2349 1098 2372 τε.
1136 2343 1237 2373 Paulo
1256 2343 1331 2378 post
1350 2340 1533 2372 Ruhnkenii
1561 2340 1637 2370 edit.
1658 2338 1709 2368 vi-

270 2385 353 2416 tiose
375 2383 485 2416 οἶσθα
506 2381 563 2416 ὅτε
583 2394 640 2421 pro
660 2381 725 2417 ὅτι.

344 2437 412 2472 ιιῑει)
434 2444 506 2473 pag.
526 2438 598 2467 418.
619 2438 654 2468 C.
674 2440 705 2467 et
724 2443 797 2472 pag.
817 2435 889 2467 421).
909 2437 947 2467 Β.
966 2438 1012 2467 St.

343 2486 437 2522 *zi-*J
459 2494 530 2522 pag.
550 2487 622 2517 426.
641 2488 678 2516 Β.
700 2489 744 2515 st.

296 2530 299 2537 ’
345 2538 392 2578 †J
414 2546 444 2568 v.
464 2540 536 2569 682.
575 2542 665 2570 Nunc
683 2540 804 2575 legitur
827 2537 890 2570 σοί
906 2547 965 2570 νιν
984 2534 1141 2581 ἔκγονοι.

345 2593 419 2633 ††]
439 2601 512 2630 pag.
533 2594 605 2624 384.
644 2596 734 2624 Nunc
760 2593 845 2638 περὶ
866 2593 931 2626 τοῦ
954 2595 1009 2625 ΕΙ
1031 2595 1223 2626 inscribitur.

372 2649 446 2688 ι’ῒ)
466 2649 686 2685 pag.426.1³*
724 2650 821 2681 Editt.
839 2651 954 2681 melius
973 2649 1081 2682 πέντε
1103 2644 1254 2693 μόνων,
1281 2651 1312 2681 et
1333 2648 1462 2679 deinde:
1482 2644 1546 2679 τοῦ
1570 2646 1623 2678 ΕΙ
1642 2657 1707 2679 κα-

264 2689 479 2739 θιερωσεως.
517 2698 630 2724 FAESI.

338 2747 382 2782 ³¹⁶)
402 2746 546 2781 Negandi
565 2743 752 2779 particulam
771 2752 834 2775 non
853 2745 974 2776 adflidit
993 2747 1139 2776 FaesiuS.

338 2795 409 2830 >«²³20
431 2795 531 2830 Epist.
552 2794 648 2823 XXV.
669 2794 721 2823 36.
741 2795 794 2823 ubi
814 2799 900 2825 recte
919 2795 1050 2831 legitur:
1073 2803 1133 2831 qua
1152 2793 1342 2828 respondere
1360 2792 1553 2821 Lacones.

334 2849 428 2884 zat-*J
448 2854 517 2885 cap.
540 2849 568 2877 1.
588 2854 619 2877 v.
639 2848 668 2877 8.
697 2854 766 2885 cap.
786 2849 835 2878 21.
857 2855 888 2878 v.
908 2848 938 2879 6.
964 2854 1032 2884 cap.
1054 2848 1105 2878 22.
1127 2854 1155 2877 v.
1178 2848 1226 2877 13.
1268 2847 1389 2876 Graece
1407 2844 1444 2874 A
1466 2842 1528 2875 καὶ
1552 2841 1600 2876 Ω.
