1778 3096
518 139 618 178 LIB.
650 139 799 179 XVIII.
857 140 975 181 CAP.
1006 141 1037 179 Ι.
1413 136 1490 180 421

55 251 137 289 nam
166 262 315 301 parvum
345 247 491 299 quidem
523 260 545 286 ο
575 250 756 288 vocabant
784 262 856 295 ογ,
887 250 1037 287 ultimae
1066 255 1186 286 autem
1217 240 1363 285 litferac
1392 246 1490 286 idem

53 318 186 344 nomen
217 312 255 342 et
282 310 446 355 potestas
477 312 572 342 erat.
620 306 749 354 ltaque
780 305 870 343 nihil
896 317 1057 343 necesse
1086 310 1143 341 est
1171 303 1309 340 Latine
1338 303 1491 353 loquen-

53 362 151 398 tibus
186 359 324 397 addere
354 358 442 396 illud
482 373 604 409 meo-a.
664 359 775 397 Libet
805 360 864 398 hic
901 359 1118 397 adscribere
1156 359 1270 396 verba
1297 356 1487 395 Eustathii

52 429 73 454 e
104 416 285 466 principio
309 413 612 452 Commentmii
603 429 638 452 ιι]
670 416 833 465 quintum
864 415 1000 452 Iliados
1015 412 1086 464 ᾖ),
1119 414 1250 464 quibus
1279 414 1373 451 haec
1400 426 1489 450 con-

51 472 264 509 sinuantur:
302 466 439 508 Ἰστέον
475 468 515 508 δὲ
552 468 610 509 ότι
649 467 690 508 τὸ
728 484 745 508 ε
783 474 964 519 στοιχεῖον
995 467 1054 508 Εἶ
1085 469 1211 535 ἔλεγον
1247 468 1288 508 οἵ
1318 468 1487 516 παλαιοὶ,

49 523 316 577 προςτιθέντες
343 520 384 563 τὸ
414 540 447 572 ι,
490 524 555 563 ’ἵνα
583 527 629 580 τῇ
665 521 729 563 διὰ
759 523 978 577 διφθόγγου
1015 521 1161 563 ἐκτάσει
1196 521 1384 563 δύνωνται
1423 538 1488 562 πε-

49 583 190 631 ρισπᾶν
215 578 280 618 καὶ
308 576 423 627 αὐτὸ,
465 577 573 618 καθὰ
611 579 675 619 καὶ
704 576 818 618 τᾶλλα
847 584 1019 630 στοιχεῖα.
1060 582 1235 618 τοιοῦτον
1262 578 1302 618 δὲ
1331 581 1488 618 ποιοῦσι

49 635 115 675 καὶ
143 634 204 673 ἐπὶ
231 637 300 673 τοῦ
329 637 466 687 μικροῦ
501 633 573 672 O*
578 632 646 687 '³³‘·)
687 634 752 673 καὶ
781 633 901 674 ἐκεῖνο
927 632 999 688 γὰο
1027 632 1091 673 διὰ
1119 630 1187 685 τὴν
1215 631 1336 685 αὐτὴν
1361 634 1488 672 αἰτίαν

53 688 111 729 Οὐ
133 689 316 743 λέγουσιν.
360 690 430 726 His
451 689 495 727 de
525 690 635 727 rebus
657 696 781 727 extant
803 703 933 727 versus
958 690 1101 728 Calli-10
1130 689 1226 740 apud
1248 691 1484 727 Athenaeum

48 746 143 784 libro
171 745 315 782 decimo
329 742 453 796 5ssquss),
496 744 561 782 scd
593 745 810 782 mirabiliter
839 744 1051 796 depravati,
1087 758 1179 795 quos
1208 752 1247 781 ut
1276 746 1408 794 partim
1439 757 1485 781 ex

47 801 169 839 veteri
200 800 352 845 codice,
397 801 528 850 partim
565 801 675 837 ctiam
712 801 926 837 coniectura
967 800 1098 837 ductus
1130 799 1310 850 legendos
1342 808 1482 851 putem,

47 868 250 906 exponam,
290 856 323 892 si
351 857 454 905 prius
484 855 651 893 breviter
679 867 806 892 eorum
834 857 1056 893 sententiam
1087 868 1310 906 exposuero.
1371 854 1484 892 Indu-

46 912 144 948 citur
174 911 306 948 mulier
340 911 432 947 alias
470 911 644 948 mulieres
675 910 961 948 Grammaticam
993 911 1157 956 docens,
1194 923 1287 962 quae
1325 911 1482 960 primum

45 965 192 1017 quidem
221 978 285 1003 eas
314 972 464 1011 monet,
505 966 657 1016 primam
687 966 853 1003 vocalem
884 966 1085 1004 vocandam
1112 978 1198 1003 esse
1226 967 1381 1016 Alpha:
1422 977 1483 1002 se-

46 1020 202 1059 cundam
241 1027 363 1058 autem
398 1033 441 1058 Ει
475 1027 638 1067 tanturn,
678 1028 715 1058 at
743 1022 887 1059 tertiam
919 1035 991 1059 non
1028 1021 1249 1072 simpliciter
1278 1019 1481 1058 vocandam

47 1088 90 1121 Ε,
122 1075 190 1114 sed
214 1075 303 1114 Eta.
362 1076 458 1114 Tum
491 1077 699 1126 interrogat
730 1089 808 1114 eam
837 1090 908 1114 una
939 1090 985 1114 ex
1014 1076 1278 1127 discipularum
1308 1088 1479 1121 numero,

44 1144 129 1169 num
159 1138 288 1182 quarta
319 1144 463 1182 quoque
493 1131 633 1169 vocalis
661 1133 713 1169 ita
741 1133 961 1182 simpliciter
987 1131 1151 1170 vocanda
1180 1132 1249 1177 sit,
1281 1138 1321 1168 ut
1349 1136 1479 1168 sonat:

44 1187 104 1224 cui
136 1185 351 1236 *respondet
388 1188 588 1237 magistra,
629 1200 701 1224 non
736 1200 803 1224 suo
845 1194 982 1225 tantum
1022 1201 1113 1224 sono
1142 1185 1370 1231 vocandam,
1415 1184 1482 1223 sed

42 1242 141 1280 lota.
201 1241 437 1291 interrogata
476 1255 604 1279 rursus
646 1241 692 1279 de
731 1243 857 1292 quinta
897 1241 1121 1292 respondet,
1162 1254 1242 1278 eam
1278 1239 1481 1278 vocandam

43 1309 127 1334 esse
155 1308 224 1342 OY,
254 1303 291 1333 at
321 1303 464 1333 sextam
494 1297 620 1334 vocari
648 1303 787 1333 tantum
811 1297 863 1343 Y,
895 1304 933 1334 et
962 1297 1122 1334 ultimam
1151 1297 1213 1344 Ω,
1243 1303 1280 1333 et
1309 1296 1364 1332 sic
1394 1309 1480 1333 esse

43 1358 184 1403 septem
214 1351 379 1397 vocales,
408 1350 475 1388 sed
505 1351 541 1388 in
571 1352 699 1389 metris
729 1358 890 1389 tantum:
924 1365 1005 1388 nam
1038 1366 1055 1390 ε
1084 1358 1123 1389 et
1151 1367 1190 1401 η,
1220 1365 1240 1390 ο
1268 1358 1305 1389 et
1329 1367 1359 1390 ω
1387 1358 1481 1388 tem-

43 1419 134 1458 pore
164 1413 301 1444 tantum
335 1405 534 1451 differunt,
578 1407 770 1457 ceteroqui
802 1413 886 1444 sunt
924 1406 1095 1445 eaedem.
1152 1405 1269 1444 Addit
1301 1405 1478 1456 denique,

42 1474 146 1507 eam,
177 1474 258 1499 cum
288 1461 380 1499 haec
412 1462 526 1499 semel
554 1461 660 1507 dixit,
693 1460 815 1499 denuo
843 1469 1031 1512 repetere,
1064 1469 1103 1500 ut
1129 1462 1248 1512 magis
1278 1461 1317 1499 in
1346 1461 1479 1500 animis

42 1516 307 1568 discipularum
336 1516 551 1567 infigantur.
610 1516 755 1554 Versus
786 1517 824 1554 hi
854 1524 961 1554 sunt·

97 1595 259 1633 ΑΛΦΑ
286 1596 456 1646 πρῶτον,
486 1586 516 1632 ὦ
543 1597 739 1656 γυναῖκες,
767 1595 834 1631 ΕΙ
854 1589 896 1633 τὸ
919 1590 1100 1661 δεύτερον
1126 1590 1246 1661 μόνον

91 1647 188 1704 Χρὴ
216 1648 347 1702 λέγειν.
408 1648 543 1716 Τρίτον
571 1647 612 1687 δὲ
641 1645 772 1703 μόνον
789 1645 836 1687 οὐ
839 1645 933 1714 χρὴ
958 1648 1097 1716 λέγειν,
1125 1645 1204 1687 ἀλλ’
1239 1645 1333 1686 ΗΤ’
1368 1646 1476 1700 ἐρεῖς.

92 1705 188 1756 ’Apa
215 1703 329 1755 φήσω
355 1703 420 1742 καὶ
447 1701 489 1743 τὸ
518 1702 693 1755 τέταρτον
722 1704 771 1743 αὐ
800 1700 939 1754 μόνους
979 1701 1083 1753 Οὐκ,
1116 1705 1255 1743 ΙΩΤΑ
1278 1707 1384 1756 γοῦν.

101 1760 148 1799 Τί
175 1757 216 1799 δὲ
244 1756 287 1799 τὸ
313 1758 502 1809 πέμπτονς
533 1758 735 1809 Πέμπτον,
772 1761 861 1806 ΟΥ,
894 1757 936 1798 τὸ
967 1757 1001 1798 δ’
1034 1759 1143 1799 ἕκτον
1179 1763 1215 1799 Υ
1236 1758 1356 1811 μόνον
1383 1758 1475 1813 λέγε.

95 1815 291 1854 Λοίσθιον
319 1815 360 1852 ,Ω
385 1818 461 1853 τῶν
489 1811 582 1853 ἔπτὰ
608 1818 770 1863 φωνῶν,
798 1811 891 1853 ἑπτὰ
919 1811 957 1854 δ’
987 1814 1027 1854 ἐν
1054 1815 1201 1869 μέτροις
1227 1813 1356 1866 μόνον.

96 1869 176 1909 Καὶ
202 1873 314 1910 τοῦτο
337 1866 457 1918 λέξασ’
477 1868 550 1922 ἦ),
586 1884 664 1908 arce
690 1869 750 1917 δὶς
775 1869 883 1909 ταυτὶ
909 1873 1022 1910 λαλεῖ.

40 1948 213 1999 Quinque
254 1961 383 1986 versus
420 1955 504 1986 sunt
538 1947 744 1995 trochaici,
784 1947 917 2000 quibus
953 1962 1047 1987 unus
1088 1949 1259 1988 senarius
1295 1948 1473 1987 iambicus

38 2004 289 2054 subiungitur.

112 2149 156 2184 {q
177 2155 247 2184 pag.
267 2149 340 2187 511,
360 2149 390 2178 6.
410 2148 448 2178 cf.
468 2155 540 2184 pag.
562 2148 653 2187 1001,
676 2148 724 2178 19.

112 2211 183 2296 52³)
202 2212 384 2241 Ruhnkenii
403 2212 479 2243 edit.
499 2219 534 2250 3,
555 2212 668 2241 deinde
692 2207 744 2243 Οὔ
763 2212 795 2241 in
814 2213 926 2242 eadem
946 2212 1107 2242 omissum.

152 2273 298 2308 ‘=“·<·.)pag
318 2275 388 2304 453.
409 2277 444 2305 F.
482 2277 621 2311 Versus,
652 2276 683 2304 in
712 2276 824 2311 quibus
854 2276 937 2305 iusto
965 2279 1058 2312 plura
1082 2276 1218 2306 mutavit
1237 2278 1397 2314 muretus,
1427 2284 1469 2304 ex

44 2312 79 2340 G.
99 2278 249 2341 Diiidorfii
271 2312 457 2342 recensione
476 2315 633 2342 scribendi
653 2318 726 2343 sunt
746 2316 806 2342 hoc
826 2316 937 2342 modo:

251 2356 369 2412 ’Ἀλφα
391 2359 530 2407 μόνον,
555 2356 582 2396 ὦ
605 2365 792 2407 γυναῖκες,
820 2359 854 2396 εἶ
876 2373 913 2396 τε
932 2360 1109 2418 δεύτερον

258 2418 378 2460 μονον
401 2409 520 2459 λέγειν
543 2408 634 2463 χρὴ,
663 2409 725 2441 καὶ
748 2410 869 2463 τρίτον
890 2405 1009 2454 μόνον
1031 2407 1063 2451 γ’
1091 2409 1195 2453 ἐρεῖς,

258 2444 307 2493 ἦτ’
336 2451 406 2484 ἆοα
430 2451 537 2497 ᾳήσω
562 2453 600 2486 τὸ
613 2452 792 2507 τέταρτόν
815 2451 842 2486 τ’
869 2455 914 2487 αὐ
936 2451 1056 2506 μόνον

258 2496 366 2539 ἰῶτα,
391 2500 561 2540 πέμπτον
587 2510 649 2536 ου,
676 2498 715 2531 τό
742 2497 773 2531 9·’
804 2497 908 2532 ἕκτον
930 2513 952 2533 υ
967 2511 1096 2551 μονον

259 2521 366 2584 λέγιέ
375 2541 399 2567 ²·
417 2542 442 2568 ³3<
466 2544 631 2577 λοίσθιον
655 2542 696 2576 δὲ
721 2545 835 2599 φωνῶ
861 2554 919 2576 σοι
941 2541 980 2576 τὸ
1004 2544 1031 2576 ώ

259 2587 332 2619 τῶν
357 2586 449 2621 ἑπτὰ
476 2591 631 2643 φωνῶν,
655 2587 742 2622 ἑπτά
769 2587 800 2621 d’
826 2589 866 2623 ἐν
888 2590 1032 2641 μέτροις
1052 2585 1126 2635 μόι
1130 2603 1181 2626 ον

259 2633 320 2664 καὶ
345 2644 447 2666 τουτο
473 2631 602 2674 λέξασ,
629 2629 702 2666 εἶτα
730 2631 774 2677 δὴ
800 2645 912 2680 σαυιῃ
939 2631 1047 2668 λάλει.

41 2684 87 2716 cf.
109 2685 340 2720 ἰ’γηι·1ιὶῑῐ.ειᾱ
360 2690 489 2718 naues.
509 2689 644 2718 miscell.
664 2688 744 2719 critt.
764 2697 836 2726 pag.
857 2690 927 2720 350.
949 2691 1041 2727 (pag.
1061 2691 1132 2722 292.
1152 2692 1199 2721 ed.
1222 2692 1341 2728 Lina).

115 2750 162 2788 νὲ)
183 2751 364 2781 Ruhnkenii
383 2751 457 2781 edit.
476 2751 594 2782 vitiose
615 2749 726 2787 λέξας.
