1726 3106
126 1104 191 1137 126

205 115 287 160 120
765 116 893 157 VAR.
925 115 1078 157 LECT.

211 226 477 267 scriberemus.
545 224 696 265 Versus
743 225 782 264 hi
822 233 935 274 sunt,
984 226 1116 279 quibus
1154 226 1279 267 Erotii
1317 228 1530 268 meretricis
1568 241 1652 268 cum

210 284 377 336 parasito
403 282 585 321 Peniculo
625 288 664 319 et
701 295 782 319 eum
810 282 1147 323 Menaechmorum
1182 284 1337 322 fratrum
1379 284 1498 323 altero
1537 284 1654 323 collo-

213 339 337 390 quium
363 337 545 390 quoddam
575 337 786 376 continetur
800 337 866 391 ³3).

215 414 293 454 En.
351 416 489 454 Anime
509 415 575 462 mi,
605 416 860 462 Menaechme,
889 416 1007 454 salve.
1051 414 1124 453 PE.
1161 417 1259 468 Quid
1283 417 1387 468 ego?
1416 415 1495 455 ER.
1525 417 1655 456 Extra

877 484 1069 509 numerum
1099 484 1138 509 es
1167 473 1271 510 mz‘lzz‘.

214 523 290 562 PE.
349 526 460 563 Istud
488 525 584 563 idem
614 527 700 564 alies
728 527 941 577 aserz‘pte‘vzls·
955 526 1059 576 fieri
1081 528 1133 564 ad
1160 528 1342 577 legionem
1367 528 1478 566 solet.

215 579 306 618 ΜΕ.
350 581 434 629 Ego
464 582 549 621 z'ste‘e
572 582 667 619 milei
690 582 800 619 hodie
832 583 1020 632 apparari
1041 582 1139 619 iussi
1162 583 1264 632 apud
1290 589 1326 621 te
1351 583 1545 633 proelium,

345 636 465 674 Hodie
494 636 685 687 utfieret.
744 639 787 675 In
817 650 859 674 eo
887 644 1044 687 uterque
1067 637 1208 687 proz'le'o
1232 638 1461 688 potabimus.

214 711 301 750 Hoc
337 713 399 762 qui
440 726 513 751 non
556 713 844 759 intellexerant,
888 714 1013 764 priore
1051 712 1134 751 loco
1180 713 1435 753 discesserunt
1477 728 1499 752 a
1526 720 1656 752 vetere

216 768 401 818 scriptura
435 775 473 806 et
511 769 681 807 fecerunt
712 770 927 819 proelium,
970 770 1182 819 posteriore
1221 778 1342 808 autem
1377 783 1484 807 unam
1525 782 1656 807 vocem

216 821 500 874 discerpserunt
545 825 582 860 in
626 822 716 860 duas
759 830 797 861 et
832 824 1066 874 scripserunt
1098 836 1170 876 pro
1206 827 1288 865 Illo.
1366 824 1476 873 Quod
1508 825 1569 876 qui
1608 823 1655 862 ad

215 877 402 916 Troianas
442 891 585 930 pugnas
624 876 942 929 retulerunt**)‚
983 879 1054 916 etsi
1092 879 1146 916 eis
1178 879 1372 930 plurimum
1400 880 1547 926 tribuo,
1592 878 1659 917 ad-

217 931 301 971 duci
329 940 469 981 tamen,
500 940 540 972 ut
567 933 658 988 ipsis
689 934 890 981 assentiar,
921 933 991 972 hac
1019 933 1166 986 quidem
1198 936 1234 973 in
1269 943 1374 987 parte
1396 948 1470 973 non
1490 947 1656 987 possum.

744 1087 1029 1128 CAPUT
1083 1089 1138 1130 V.

217 1177 396 1216 nominos
407 1203 421 1223 ,
468 1178 548 1216 m‘si
586 1177 858 1229 cupiditatibus
900 1180 980 1217 suis
1024 1180 1229 1230 imperent,
1277 1191 1323 1217 ne
1359 1179 1478 1217 servis
1515 1178 1662 1230 quidem

718 1235 797 1272 suis
826 1235 1013 1285 imperare
1034 1247 1162 1286 posse.

219 1315 394 1382 QUIBUS
430 1337 468 1375 in
506 1335 676 1375 domibus
715 1344 778 1375 aut
814 1339 1082 1389 paterfamilias
1121 1345 1185 1376 aut
1223 1337 1501 1376 materfamilias
1532 1337 1665 1390 nequi·-

218 1401 280 1432 ter
311 1392 586 1443 libidinoseque
623 1393 746 1439 vivat,
790 1393 826 1430 in
869 1394 924 1432 eis
965 1407 1095 1432 servos
1125 1408 1198 1432 non
1231 1407 1316 1432 esse
1346 1406 1499 1439 servos,
1543 1406 1664 1444 neque

219 1449 404 1487 communi
442 1447 656 1486 conditione
687 1449 879 1486 servitutis
908 1450 989 1495 uti,
1035 1448 1100 1486 sed
1130 1450 1306 1493 liberius,
1344 1449 1542 1494 licentius,
1587 1447 1665 1485 dis-

219 1505 374 1542 solutius
404 1503 547 1549 vivere,
581 1510 619 1541 et
645 1503 859 1554 quotidiana
894 1503 1004 1542 docet
1028 1505 1259 1556 experientia
1271 1503 1401 1555 ***)‚
1434 1510 1472 1541 et
1493 1503 1551 1541 M.
1572 1503 1661 1541 Tul·

218 1560 290 1598 lius
319 1560 356 1596 in
388 1557 569 1597 Coeliana
600 1557 822 1596 defensione
841 1558 890 1611 †)
922 1560 1143 1609 gravissime
1172 1573 1216 1596 ac
1245 1558 1520 1610 sapientissime
1552 1557 1661 1597 dixit.

220 1614 333 1653 Servi
368 1615 491 1659 enim,
532 1620 573 1651 ut
610 1612 746 1651 alicubi
780 1614 1008 1651 salsissimus
1039 1614 1383 1665 urbanissimusque
1412 1613 1573 1663 scriptor
1599 1627 1666 1665 po-

220 1671 295 1709 suit
326 1668 517 1707 Lucianus
537 1667 645 1721 ††·)‚
689 1669 850 1706 omnium
890 1669 1031 1707 conscii
1069 1676 1181 1716 sunt,
1221 1682 1315 1720 quae
1356 1682 1377 1706 a
1415 1668 1573 1706 dominis
1602 1676 1667 1706 aut

218 1725 376 1778 pulchre
419 1731 482 1762 aut
518 1725 678 1774 turpiter
717 1724 822 1762 fiunt.
884 1724 1075 1772 Quocirca
1116 1726 1178 1776 qui
1209 1738 1253 1762 ea
1281 1724 1479 1775 designant
1506 1725 1663 1774 flagitia,

221 1793 315 1833 quae
350 1780 469 1818 latere
505 1785 616 1830 atque
653 1779 833 1817 occultari
876 1779 1071 1830 expediat,
1110 1781 1160 1826 ii,
1196 1787 1335 1818 tantum
1376 1780 1485 1817 abest
1519 1786 1559 1816 ut
1588 1792 1666 1817 me-

220 1843 375 1875 tuantur
411 1848 433 1873 a
460 1836 603 1881 servis,
646 1835 795 1885 ipsimet
823 1842 989 1873 metuunt
1015 1848 1172 1873 servos:
1211 1842 1337 1887 utpote
1368 1847 1459 1885 quos
1489 1847 1667 1873 necessa-

220 1893 280 1931 rio
316 1891 479 1929 habeant
517 1888 688 1928 assiduos
727 1903 876 1929 suorum
917 1891 1123 1930 facinorum
1139 1889 1254 1943 †††)
1292 1897 1422 1928 testes.
1481 1889 1567 1928 Hoc
1593 1891 1667 1941 igi—

220 1954 284 1985 tur
315 1952 535 1996 argumento
564 1958 653 1983 usus
685 1952 743 1982 est
767 1945 922 1992 Cicero,
955 1954 995 1984 ut
1025 1945 1194 1992 doceret,
1224 1945 1428 1984 verisimile
1456 1959 1529 1984 non
1561 1958 1664 1992 esse,

221 2001 283 2042 M.
317 2001 487 2041 Coelium
526 2013 608 2038 cum
639 1999 793 2038 Clodiae
829 2002 948 2039 servis
985 2002 1179 2039 consilium
1215 2000 1261 2039 de
1299 2013 1445 2039 veneno
1478 2001 1515 2039 ei
1554 2014 1666 2052 prae-

222 2056 347 2096 hendo
391 2056 701 2094 communicasse.
779 2055 918 2108 Lysias
936 2053 982 2106 ἧς)
1032 2069 1178 2108 quoque
1223 2057 1259 2093 in
1303 2055 1506 2102 Oratione,
1557 2069 1666 2107 quam

223 2112 379 2167 scripsit
407 2111 459 2157 ei,
489 2111 552 2161 qui
579 2123 724 2150 sacram
756 2110 876 2150 oleam
904 2110 1085 2151 incidisse
1115 2108 1446 2164 arguebatur**)‚
1477 2111 1549 2149 hoe
1582 2112 1665 2163 ipso

297 2269 342 2306 αξ]
362 2269 558 2300 Menaechm.
577 2269 602 2299 1.
621 2268 652 2298 3.
673 2268 742 2299 init.

297 2319 367 2354 ωε)
387 2320 454 2349 loa.
474 2317 691 2348 camerarium
711 2315 876 2352 significat.
914 2318 1027 2347 ΕΑΒ-,ει

297 2366 391 2402 {ste-222]
411 2367 499 2396 Voce
518 2366 713 2400 experientia
731 2365 878 2395 similiter
897 2365 999 2394 utitur
1018 2366 1098 2394 Mur.
1119 2363 1202 2393 infra
1221 2363 1274 2394 lib.
1294 2364 1376 2393 xm.
1398 2363 1474 2400 cap.
1495 2365 1544 2396 12.
1585 2364 1666 2397 Vide

223 2404 350 2440 sozom».
376 2405 415 2433 de
435 2404 500 2434 stil.
525 2403 636 2432 histor.
656 2410 729 2437 pag.
751 2403 822 2432 130.
844 2403 891 2431 ed.
913 2402 1025 2437 Fabri,
1047 2402 1100 2437 qui
1121 2404 1202 2431 Mur.
1222 2402 1372 2432 defendit.
1412 2405 1521 2431 Fassi.
1543 2418 1579 2424 -
1618 2403 1666 2433 cf.

222 2442 351 2473 Krebsii
371 2442 537 2471 Antibarb.
568 2447 641 2475 pag,
661 2442 732 2470 212.
772 2441 866 2474 Apud
889 2440 954 2470 Cic.
979 2441 1071 2474 legas
1099 2440 1138 2468 de
1156 2440 1232 2470 Div.
1258 2440 1314 2471 lib.
1333 2443 1373 2470 11.
1392 2447 1461 2477 cap.
1484 2441 1533 2470 12.
1563 2441 1596 2477 S.
1616 2442 1668 2471 28.

222 2489 261 2512 ea
280 2481 402 2517 coym‘ta
422 2486 489 2508 esse
507 2479 724 2512 haruspicibus
742 2479 957 2507 observatione
976 2479 1133 2508 diuturna.

301 2528 348 2571 -Η
368 2535 437 2563 cap.
459 2528 509 2557 23.
531 2526 562 2562 ὃ.
584 2527 637 2555 57.

300 2574 375 2616 ††)
395 2575 487 2606 Asin.
509 2576 597 2604 Tom.
618 2576 656 2603 ΙΙ.
677 2581 750 2610 pag.
769 2575 842 2603 573.
863 2575 912 2604 ed.
932 2574 1038 2604 Reitz.

299 2624 402 2665 †††]
423 2623 539 2653 Latina
559 2625 753 2653 consuetudo
774 2625 915 2658 postulat
933 2624 1138 2659 fluentorum,
1158 2623 1195 2652 ut
1215 2623 1301 2652 recte
1321 2622 1548 2653 animadvertit
1567 2622 1666 2652 Lam-

223 2664 317 2694 binus
344 2665 377 2693 in
404 2663 542 2698 epistola
568 2663 700 2691 laudata
729 2669 800 2696 pag.
820 2661 890 2690 399.
921 2662 959 2690 D.
984 2663 1021 2690 R.
1042 2677 1079 2683 —-
1126 2661 1210 2690 Add.
1239 2662 1422 2691 Doederiin.
1451 2663 1520 2690 Lat.
1549 2662 1667 2696 Synon.

224 2705 314 2734 Tom.
335 2704 373 2731 11.
394 2707 466 2737 pag.
487 2699 545 2729 141
568 2707 636 2735 sqq.
667 2700 807 2728 ochsner
826 2699 867 2727 ad
887 2698 951 2728 Cic.
972 2699 1080 2734 Eclog.
1100 2705 1171 2734 pag.
1193 2699 1254 2729 268
1274 2701 1306 2728 et
1325 2700 1396 2729 378.
1416 2699 1465 2728 ed.
1485 2701 1515 2728 3.

299 2750 344 2785 κε)
364 2749 446 2780 Vide
465 2748 650 2778 Lambinum
669 2749 691 2778 1.
712 2755 738 2776 c.
764 2749 801 2776 D.
822 2748 860 2776 R.
879 2762 916 2768 —
954 2747 1128 2778 Lambinus
1147 2746 1199 2785 {ihi
1226 2747 1383 2786 ostendit,
1411 2747 1543 2784 Lysiam
1563 2747 1594 2777 et
1613 2745 1669 2777 Ci-

224 2795 372 2818 ceronem
391 2794 454 2816 non
473 2787 585 2816 eodem
604 2793 682 2815 usos
703 2792 776 2814 esse
796 2787 996 2819 argumento.

300 2836 370 2872 tvos)
392 2836 480 2865 orat.
501 2836 570 2866 Vll.
591 2841 663 2871 pag.
685 2834 757 2864 274.
777 2833 889 2864 Reisk.
