1778 3096
489 140 588 180 LIB.
620 141 735 182 XVI.
797 140 914 180 CAP.
946 140 1018 181 XI.
1391 142 1471 184 373

35 259 252 305 sequuntur.
320 250 381 288 De
422 249 483 288 illa
527 257 646 289 autem
687 250 746 290 M.
786 251 896 289 Bruti
933 258 1077 297 statua,
1128 265 1222 303 quae
1260 249 1466 290 Mediolani

33 309 240 353 viseretur,
280 303 480 343 iucundum
522 307 673 355 cognitu
709 306 880 356 quiddam
919 314 978 344 est
1014 306 1109 357 apud
1146 307 1386 345 Plutarchum
1428 308 1466 345 in

31 360 236 456 kautolffz),
262 361 299 398 in
326 367 508 400 extremm
559 361 740 400 Tantulus
768 362 914 400 libellus
943 375 1051 400 unam
1071 375 1186 415 prope
1215 362 1307 401 mihi
1335 362 1464 401 horam

33 431 54 456 a
82 425 167 456 stul
188 444 198 454 .

540 504 821 545 CAPUT
875 504 957 544 XI.

79 584 215 624 Notati
238 584 277 621 in
308 588 530 621 transcursu
556 597 708 621 errores
736 585 882 634 aliquot
907 584 1123 629 cuiusdam,
1156 587 1225 635 qui
1248 586 1411 624 libellum

313 638 417 675 illam
445 639 623 677 Suetonii
652 640 924 677 Commentario
953 640 1185 690 eoeplanam‘t.

29 715 138 774 CUM
168 736 364 786 superiora
391 737 646 787 scripsissem,
687 738 790 775 venit
817 736 862 775 ad
898 751 956 776 me
986 738 1238 776 amoenissimi
1269 737 1378 775 homo
1408 737 1464 775 in-

29 791 152 842 genii,
182 790 401 829 Alexander
429 792 605 842 Riparius
619 791 726 844 **),
767 793 849 843 qui,
891 806 972 831 cum
1002 806 1046 831 ea
1078 807 1146 844 pro
1177 800 1304 831 nostra
1333 793 1465 831 arctis·

29 848 121 884 sima
159 847 408 884 familiaritate
444 847 621 898 legisset,
665 848 842 894 Vereor,
882 849 1022 899 inquit,
1064 861 1110 886 ne
1150 855 1226 886 tota
1266 848 1333 885 tihi
1371 848 1464 885 haec

29 902 149 952 opella
164 899 265 953 9ἴθ’θθῖε)
301 902 471 952 perierit.
529 902 667 948 Levis,
705 903 874 953 inquam,
915 904 1029 941 fuerit
1067 904 1223 942 iactura.
1281 901 1358 940 Sed
1399 915 1466 940 cur

28 957 82 1002 id,
114 969 270 1007 quaeso,
299 957 476 995 vereris?
530 956 592 995 An
621 965 674 1002 tu,
705 958 838 1008 inquit,
871 960 1014 1003 nescis,
1044 971 1066 995 a
1096 965 1224 997 vetere
1255 958 1317 995 illo
1345 958 1466 994 amico

30 1019 93 1049 tuo
107 1011 158 1063 †)
198 1019 236 1050 et
270 1011 367 1050 hunc
396 1012 579 1058 libellum,
622 1019 660 1050 et
687 1013 798 1050 alium
828 1014 1036 1063 argumenti
1067 1013 1213 1065 quidem
1244 1013 1464 1057 consimilis,

30 1066 196 1104 eiusdem
223 1073 344 1105 autem
368 1068 547 1114 auctoris,
571 1068 643 1105 iam
673 1068 813 1118 pridem
843 1068 1057 1106 emendatos
1089 1067 1303 1119 prodiisse?
1344 1068 1466 1115 Quem

30 1129 95 1168 tu,
128 1122 291 1172 inquam,
325 1123 479 1159 amicum
509 1123 597 1159 mihi
628 1130 791 1161 veterem
823 1124 1019 1162 nominas?
1048 1137 1186 1174 quaeso
1216 1131 1270 1170 te,
1304 1123 1466 1161 etiamne

29 1177 62 1214 is
91 1177 128 1213 in
160 1176 256 1214 hunc
285 1176 418 1214 librum
459 1176 597 1228 aliquid
628 1178 804 1230 scripsit?
860 1179 976 1216 Immo
1011 1192 1127 1224 vero,
1169 1179 1311 1228 inquit,
1350 1176 1464 1223 domi,

29 1239 71 1268 ut
98 1238 207 1282 puto,
248 1234 548 1270 commentarium
580 1233 696 1282 ipsius
725 1233 868 1279 habeo,
910 1247 1114 1284 quanquam
1144 1233 1316 1270 fortassis
1345 1232 1467 1282 aliqua

29 1287 102 1324 iam
138 1292 243 1337 parte
281 1287 460 1324 lacerum.
518 1287 655 1332 Mitte,
699 1300 858 1338 quaeso,
899 1289 959 1338 qui
996 1288 1143 1325 afferat.
1202 1287 1270 1326 Ille
1313 1299 1465 1338 puerum

30 1341 227 1380 confestim
254 1341 309 1379 ire
339 1354 383 1378 ac
411 1340 537 1379 redire
566 1343 688 1380 iussit.
747 1343 802 1388 lt„
829 1341 942 1388 redit,
973 1342 1082 1380 affert
1112 1349 1189 1380 tres
1219 1348 1283 1380 aut
1311 1348 1469 1392 quatuor

28 1397 242 1434 conscissas
273 1396 435 1435 chartas,
492 1396 620 1447 Itaque
656 1396 872 1434 mittendum
913 1396 959 1435 ad
999 1398 1175 1435 librarios
1214 1398 1296 1436 fuit.
1356 1395 1469 1446 Apud

30 1464 122 1503 quos
154 1452 217 1489 vix
252 1450 400 1489 tandem
431 1459 621 1502 repertum
655 1453 980 1498 commentarium,
1023 1466 1226 1504 quanquam
1258 1466 1330 1490 non
1359 1450 1467 1489 valde

29 1506 263 1552 metuebam,
293 1519 339 1544 ne
368 1506 561 1557 quidquam
590 1519 740 1553 eorum,
778 1520 872 1557 quae
899 1520 921 1545 a
950 1520 1008 1545 me
1038 1515 1162 1545 notata
1190 1514 1321 1553 erant,
1357 1519 1469 1543 occu-

30 1569 181 1614 passet,
227 1568 404 1599 excutere
443 1568 565 1599 tamen
603 1562 722 1600 libuit.
782 1562 923 1600 Eorum
970 1576 1086 1613 pauca
1122 1562 1301 1613 quaedam
1337 1568 1468 1598 notare

30 1617 194 1668 placuit:
233 1628 353 1666 neque
382 1617 481 1655 enim
511 1616 664 1655 vacabat
694 1617 837 1663 omnia,
878 1618 915 1654 in
946 1617 1076 1668 quibus
1102 1618 1147 1655 ab
1178 1618 1240 1655 illo
1271 1616 1464 1654 dissentio.

31 1671 199 1710 Primum
239 1672 354 1722 igitur
382 1672 467 1717 illa,
514 1674 555 1711 C.
585 1674 728 1710 Fannio
758 1672 968 1718 Strabone,
1013 1675 1069 1711 M.
1105 1673 1260 1710 Valerio
1287 1673 1467 1710 Messalla

35 1728 121 1766 Cos.
155 1733 257 1764 notat
286 1738 371 1764 esse
402 1728 548 1765 initium
578 1728 713 1765 edicti.-
757 1740 876 1778 neque
907 1726 1006 1765 videt
1036 1741 1119 1765 esse
1150 1728 1366 1778 principium
1400 1726 1469 1764 Se·
1494 1733 1555 1764 391

33 1782 317 1826 natusconsulti;
343 1789 379 1819 et
401 1782 566 1832 ambigit,
594 1781 880 1820 scribendumne
906 1783 954 1819 sit
976 1785 1084 1821 Cons.
1119 1796 1163 1820 an
1190 1784 1312 1833 potius
1342 1784 1466 1827 Gens„

34 1850 115 1875 cum
145 1844 268 1875 tamen
296 1849 491 1875 censorum
518 1838 725 1875 nominibus
756 1851 938 1888 nunquam
964 1845 1131 1888 tempora
1159 1838 1283 1875 notari
1308 1837 1467 1882 soleant,

34 1891 103 1930 hos
132 1900 252 1931 autem
289 1894 490 1939 Consules,
535 1907 608 1930 non
643 1895 825 1930 Censores
862 1894 1005 1939 fuisse,
1049 1894 1158 1930 etiam
1189 1892 1297 1944 pueri
1333 1892 1466 1929 sciant.

34 1946 174 1992 Addit,
205 1949 322 1985 multa
349 1949 473 1985 edicta
502 1955 541 1986 et
566 1950 898 1986 senatusconsulta
928 1949 1029 1998 apud
1058 1950 1271 1986 Ciceronem
1303 1953 1342 1984 et
1369 1947 1472 1997 apud

34 2004 228 2052 Agelle'um
265 2009 303 2041 et
339 2003 442 2053 apud
468 2005 690 2041 Frontinum
731 2004 829 2052 legi,
870 2004 973 2052 quasi
1011 2002 1155 2040 dubium
1189 2004 1258 2048 sit,
1297 2008 1360 2039 aut
1398 2015 1471 2038 non

37 2057 131 2107 apud
169 2058 261 2095 alios
299 2070 442 2108 quoque
482 2071 599 2105 aeque
641 2057 751 2095 multa
792 2058 982 2106 legantur:
1034 2071 1153 2109 neque
1191 2065 1314 2095 tamen
1353 2055 1470 2102 videt,

38 2111 127 2150 illud
161 2113 277 2162 ipsum
308 2112 351 2149 S.
382 2111 427 2149 C.
458 2119 495 2149 et
526 2112 612 2150 illud
644 2113 762 2163 ipsum
790 2112 978 2158 Edictum,
1009 2111 1053 2150 de
1083 2113 1213 2164 quibus
1242 2113 1301 2151 hic
1331 2112 1470 2162 agitur,

36 2166 132 2218 apud
161 2167 350 2217 Agellium
388 2174 531 2205 extare.
591 2168 791 2218 Sequitur:
837 2169 908 2206 Uti
942 2170 1076 2206 Romae
1113 2182 1161 2206 ne
1197 2176 1335 2206 essent.
1397 2168 1472 2211 Ne,

32 2235 130 2274 pm,
171 2236 266 2268 non,
314 2223 456 2272 inquit,
503 2224 657 2273 antiquo
692 2236 807 2260 more.
876 2222 990 2260 Immo
1028 2235 1117 2261 vero
1155 2224 1215 2274 qui
1255 2222 1373 2267 dicat,
1417 2222 1479 2258 uti

40 2279 176 2316 Romae
203 2291 276 2316 non
305 2284 443 2324 essent,
475 2291 547 2315 non
576 2278 710 2316 Latine
740 2277 923 2329 loquetur.
975 2281 1032 2317 De
1061 2279 1207 2316 iisdem.
1257 2280 1300 2316 In
1332 2290 1366 2314 v.
1387 2274 1471 2328 ††)

40 2386 213 2453 «imbiberent
228 2387 364 2424 lictores,
386 2385 440 2415 ubi
458 2393 540 2416 nunc
558 2387 712 2416 cohibente
727 2388 846 2418 lictore.
885 2388 968 2418 Illud
988 2390 1017 2417 et
1036 2387 1133 2417 etiam
1152 2387 1330 2417 Beroaldus
1350 2385 1474 2415 omittit.

68 2431 153 2452 ABSI.

116 2471 159 2506 ἢ]
179 2471 210 2500 in
231 2472 376 2507 compar.
395 2471 488 2501 Dion.
510 2473 541 2500 et
560 2473 647 2501 Brut.
666 2479 734 2508 cap.
755 2473 785 2502 5.
805 2480 876 2508 pag.
899 2473 990 2502 1011.
1012 2472 1049 2503 C,

116 2519 183 2553 zzz-³1³)
203 2520 253 2548 Ad
275 2523 356 2549 hunc
376 2523 452 2548 sunt
471 2520 586 2548 Mureti
606 2520 769 2554 Epistolae
789 2522 866 2556 Opp.
888 2521 974 2548 Tom.
992 2523 1013 2548 I.
1035 2527 1106 2555 pag.
1126 2520 1311 2549 484—489.
1333 2521 1365 2548 et
1385 2520 1474 2547 Tom.

44 2557 96 2587 IV.
117 2564 188 2591 pag.
208 2559 391 2586 582-585.
432 2559 541 2585 FAESI.
564 2571 600 2577 -—
640 2559 737 2586 Tacit.
759 2560 840 2587 Anu.
863 2558 914 2586 lib.
936 2560 1018 2587 XIII.
1039 2566 1107 2594 cap.
1130 2566 1199 2593 cap.
1220 2560 1248 2587 3.
1275 2559 1314 2586 de
1335 2561 1473 2585 seneca:

42 2595 105 2631 fuit
122 2595 168 2622 iul
186 2596 253 2622 viro
272 2596 470 2630 inqenz‘um
489 2601 700 2631 amoenum,
722 2596 760 2625 cf.
782 2596 971 2624 Boetticheri
991 2597 1072 2625 Lex.
1092 2597 1190 2624 Tacit.
1211 2603 1282 2630 pag.
1303 2595 1355 2624 60.

117 2642 210 2676 ῐεεῖεξε)
230 2643 425 2672 Vocabulum
444 2642 639 2672 rarissimum
659 2643 802 2679 idemque
822 2643 989 2681 poeticum,
1010 2652 1072 2679 quo
1091 2643 1245 2673 insoluta
1265 2643 1407 2672 oratione
1426 2641 1478 2671 sa-

44 2680 106 2710 cile
125 2686 235 2708 carere
259 2688 436 2714 possumus

122 2726 166 2765 ἦ)
187 2730 244 2756 Est
263 2729 397 2757 Achilles
411 2729 528 2756 Statius
547 2728 729 2761 Lusitanus,
751 2728 840 2756 cuius
861 2728 956 2757 editio
976 2729 1125 2758 librorum
1143 2729 1286 2759 suetonii
1306 2730 1345 2757 de
1365 2728 1478 2757 illustr.

48 2767 184 2794 Gramm.
205 2768 238 2794 et
259 2766 298 2793 de
317 2768 393 2794 clar.
413 2768 541 2795 Rlletor.
569 2765 683 2799 prodiit
702 2767 822 2793 nomae
844 2768 934 2794 1565.
973 2769 1052 2796 Eum
1072 2769 1189 2797 eximie
1209 2768 1318 2798 laudat
1336 2768 1479 2797 Muretus

48 2802 83 2832 in
102 2804 204 2831 schol.
225 2803 257 2831 in
278 2804 384 2832 Horat.
406 2805 484 2840 Opp.
505 2805 593 2833 Tom.
612 2805 653 2833 11.
675 2810 747 2839 pag.
766 2803 838 2833 967.
877 2805 988 2833 ΓΑΕει.

124 2850 200 2891 †·l-)
220 2851 240 2882 i.
260 2859 287 2881 e.
307 2855 418 2883 vetere.
