1726 3106
184 130 236 173 14
743 132 871 172 VAR.
903 133 1058 173 LECT.

183 241 419 289 celebraret,
464 241 718 293 doceretque,
762 255 843 282 eam
872 251 1078 295 opportuno
1107 243 1300 284 admodum
1329 246 1411 285 loeo
1442 247 1551 285 sitam
1581 246 1627 286 ad

184 297 417 365 impoitanda
447 305 484 336 et
515 296 743 348 exportanda
772 311 866 353 quae
896 313 988 350 opus
1020 299 1131 338 soret.
1177 301 1233 339 Ita
1261 303 1358 339 enim
1384 299 1624 370 loquiturJ):

185 352 264 392 Καὶ
303 368 380 404 μην
409 350 456 392 οὐ
485 349 713 407 πεοίρῤυτός
739 368 781 406 γε
809 354 925 402 οὐσα,
964 352 1068 404 ὅμως
1104 352 1225 408 ὥςπερ
1252 369 1370 407 νησος
1398 360 1515 396 πᾶσιν
1545 353 1627 397 ἀνέ-

183 424 272 460 μοις
301 404 528 461 προςάγεταί
555 423 594 447 τε
621 409 676 447 ὡν
706 408 837 458 δεῖται,
866 409 932 448 καὶ
951 406 1212 460 ἀποπέμπεται
1241 408 1266 450 ἃ
1289 409 1480 462 βούλεται·
1512 409 1628 463 ἆμφι-

183 462 381 510 θάλασσος
418 464 491 516 γάρ
527 462 614 502 ἐστι.
679 463 763 501 Hoc
803 477 848 502 eo
885 472 1066 502 annotare
1101 465 1216 503 visum
1257 473 1338 513 est,
1377 468 1547 517 quoniam
1590 469 1628 507 in

185 520 339 558 scholiis
373 516 704 567 Horatianis**),
736 532 830 569 quae
856 520 992 557 abhinc
1023 532 1140 556 annos
1167 528 1323 571 quatuor
1351 521 1398 559 ad
1422 523 1477 560 Io.
1501 522 1629 561 Avan-

185 576 330 612 sonium
360 573 412 612 V.
447 573 493 611 C.
527 575 587 625 qui
617 581 693 611 tum
723 573 867 612 Romae
899 575 1091 612 ciliorum
1123 577 1222 625 regis
1255 577 1399 626 legatus
1430 585 1527 623 erat,
1560 580 1628 617 mi-

126 639 165 668 17
186 643 332 676 seram,
363 642 446 667 cum
480 637 691 667 ceterarum
723 630 867 667 urbium
893 630 1056 680 epitheta
1088 629 1184 667 unde
1214 638 1358 682 sumpta
1385 641 1540 679 essent,
1572 635 1630 671 in-

185 686 395 723 dicassem:
436 686 567 723 nescio
605 698 676 735 quo
706 685 815 723 modo
849 686 1019 737 contigit,
1050 691 1090 722 ut
1117 683 1215 733 hoc,
1256 686 1352 738 quod
1383 689 1535 727 minime
1565 688 1625 728 de-

185 748 336 788 cuerat,
368 741 747 793 praetermitteretur.

666 871 955 911 CAPUT
1011 871 1148 910 VIII.

213 953 370 990 Horatii
392 953 511 998 loeus,
545 952 613 1003 qui
634 952 760 989 multis
787 951 825 988 in
853 950 960 988 libris
987 957 1166 1001 corrupte
1193 951 1346 1001 legitur,
1379 952 1602 1004 explicatus.

184 1033 370 1092 VERSUS
398 1051 437 1090 hi
450 1047 546 1098 aazias)
580 1056 666 1088 sunt
693 1062 715 1088 e
744 1047 908 1087 secundo
939 1047 1103 1087 Odarum
1133 1049 1309 1088 Horatii:

517 1128 626 1166 Vivet
652 1133 806 1165 extento
836 1128 1055 1165 Proculeius
1087 1140 1191 1172 aevo,

516 1184 638 1221 Notus
665 1184 702 1220 in
719 1182 877 1233 fratres
906 1184 1025 1219 animi
1044 1183 1210 1232 paterni.

515 1239 626 1277 Illam
655 1245 749 1288 aget
767 1250 896 1289 penna
926 1245 1111 1275 metuente
1141 1238 1239 1275 solvi

849 1295 967 1331 Fama
995 1300 1198 1344 superstes.

187 1373 355 1420 Quorum
393 1369 454 1422 qui
483 1370 653 1421 proxime
683 1370 847 1408 ultimum
878 1368 1090 1416 antecedit,
1133 1370 1184 1407 ita
1223 1369 1260 1407 in
1289 1367 1412 1406 multis
1442 1367 1548 1406 libris
1577 1369 1629 1406 le-

187 1430 310 1479 gitur:

463 1503 573 1542 Illum
605 1508 700 1553 aget
716 1515 845 1554 penna
871 1502 976 1540 hand
1002 1508 1186 1540 metuente
1215 1503 1322 1540 solvi.

189 1581 348 1620 Constat
377 1586 500 1618 autem
531 1580 584 1617 ita
612 1586 824 1618 correctum
854 1591 938 1617 esse
970 1579 1016 1617 ab
1048 1580 1186 1629 aliquo,
1218 1580 1279 1629 qui
1305 1577 1527 1616 sententiam
1550 1579 1629 1629 qui-

189 1637 272 1675 dem
305 1635 473 1681 videret,
512 1634 579 1673 sed
617 1636 689 1672 vim
726 1634 924 1673 verborum
959 1648 1033 1672 non
1071 1635 1161 1671 satis
1190 1634 1423 1685 perspiceret
1463 1640 1630 1684 putaret-

188 1705 281 1744 que,
317 1693 368 1729 ita
399 1691 533 1729 melius
563 1691 822 1728 aeternitatem
852 1690 972 1727 famae
1004 1690 1250 1739 significatum
1282 1689 1353 1735 iri,
1388 1690 1421 1726 si
1450 1689 1631 1740 particula

188 1748 254 1786 illa
286 1745 447 1798 negandi
484 1747 555 1783 vim
586 1746 727 1783 habens
757 1744 977 1783 adderetur:
1021 1745 1157 1796 alioqui
1191 1746 1301 1790 fore,
1340 1751 1381 1780 ut
1409 1757 1537 1794 parum
1568 1746 1631 1782 {ir-

187 1803 327 1841 mitatis
359 1803 502 1840 inesset
533 1813 578 1839 ea
608 1803 646 1838 in
677 1802 790 1847 fama,
824 1801 928 1838 cuius
958 1813 1102 1851 pennae
1128 1800 1351 1837 solutionem
1377 1807 1544 1838 metuere
1574 1798 1630 1837 di-

189 1865 379 1896 cerentur.
439 1857 618 1894 Firmitas
654 1857 750 1894 enim
781 1855 978 1901 fiduciam,
1020 1856 1212 1892 infirmitas
1244 1862 1378 1892 metum
1409 1855 1518 1905 parit.
1577 1855 1631 1892 At

189 1914 273 1958 ille,
305 1913 471 1964 quisquis
500 1913 583 1957 fuit,
616 1913 717 1949 inani
748 1919 785 1949 et
815 1912 947 1949 frivolo
979 1917 1198 1961 argumento
1230 1909 1379 1947 delusus
1400 1917 1474 1949 est.
1532 1909 1630 1948 Nam

190 1970 297 2020 qnia,
340 1980 434 2019 quae
464 1968 684 2013 metuimus,
727 1967 931 2017 refugimus
968 1966 1259 2016 longissimeque
1298 1979 1365 2003 nos
1402 1965 1447 2002 ab
1487 1965 1534 2002 iis
1565 1965 1631 2002 ab·

191 2024 383 2068 ducimus,
425 2022 581 2067 factum,
623 2029 662 2059 ut
692 2022 871 2059 Horatius
907 2034 1072 2072 pennam
1111 2027 1327 2058 metuentem
1364 2021 1462 2058 solvi
1494 2020 1630 2058 dixerit

191 2092 298 2125 eam,
338 2089 431 2128 quae
464 2089 611 2127 semper
638 2077 854 2126 longissime
884 2077 930 2114 ab
960 2077 1059 2113 omni
1093 2076 1277 2113 solutione
1306 2075 1479 2113 abfutura
1510 2082 1626 2114 esset.

191 2133 264 2172 Est
291 2141 414 2172 autem
443 2133 562 2170 simile
592 2131 680 2169 illud
713 2131 945 2184 Virgiliiffi,

412 2212 557 2249 Arctos
589 2211 732 2248 Oceani
753 2215 956 2247 metuentes
985 2220 1149 2259 aequore
1178 2208 1288 2256 tingi.

192 2287 289 2326 Nam
330 2294 371 2325 ut
408 2293 614 2325 metuentes
650 2287 751 2336 tinge·
781 2284 872 2322 dixit
907 2286 961 2331 is,
1004 2297 1098 2336 quae
1141 2296 1325 2334 nunquam
1366 2284 1626 2333 tingerentur:

193 2345 245 2381 ita
277 2343 335 2380 hic
359 2356 518 2393 pennam
548 2349 764 2380 metuentem
790 2342 898 2387 solvi,
929 2354 1022 2391 quae
1053 2354 1234 2391 nunquam
1265 2340 1487 2379 solveretur.
1546 2340 1631 2377 Hoc

194 2412 240 2437 eo
271 2398 443 2435 libentius
472 2398 670 2443 annotavi,
702 2395 798 2446 quod
826 2403 865 2433 ut
895 2397 966 2433 alia
995 2396 1131 2441 multa,
1173 2396 1223 2432 ita
1254 2395 1323 2432 hoc
1353 2407 1497 2445 quoque
1528 2408 1631 2432 men-

194 2453 277 2491 dum
309 2454 345 2490 in
382 2465 447 2490 eos
487 2453 624 2498 libros,
670 2452 799 2502 quihus
840 2450 966 2488 addita
999 2458 1083 2488 sunt
1114 2463 1196 2487 mea
1225 2449 1395 2497 scholia,
1435 2462 1631 2500 operarum

193 2509 444 2560 negligentia,
476 2521 534 2546 me
564 2508 718 2546 absente
747 2514 856 2559 atque
884 2507 1029 2554 inscio,
1061 2507 1281 2558 irrepserat.

270 2676 312 2711 55³)
333 2678 382 2706 De
402 2677 524 2711 vectig.
543 2677 612 2706 Ait.
633 2683 701 2711 cap.
722 2677 752 2705 1.
773 2675 805 2711 ς.
822 2675 850 2704 7.

270 2725 339 2760 -ῑῑε-τῐε)
361 2726 441 2760 opp.
461 2727 548 2754 Tom.
567 2727 605 2754 11.
626 2732 697 2760 pag.
717 2723 901 2753 933—974.

273 2773 365 2806 :1:--:::--:·.÷]
387 2774 466 2802 vide
486 2773 632 2802 Lambini
657 2773 823 2809 epistolam
842 2774 864 2803 l.
886 2779 912 2801 c.
934 2778 1004 2807 pag.
1024 2772 1095 2802 392
1125 2772 1163 2800 Ι).
1187 2771 1224 2800 R.
1246 2785 1280 2792 —-
1321 2768 1445 2798 Horatii
1467 2768 1564 2797 verba
1583 2769 1631 2796 le-

198 2812 311 2846 guntur
332 2811 389 2838 Od.
409 2812 437 2839 2.
461 2819 490 2840 v.
511 2813 532 2839 5
550 2819 618 2847 sqq.

273 2857 318 2896 ἡ)
340 2860 451 2895 Georg.
471 2861 495 2889 Ι.
515 2859 585 2890 246.
