1726 3106
152 125 180 163 ⁵5¹5
716 124 843 166 VAR.
876 124 1030 166 LECT.

154 233 342 273 cuiusdam
370 234 561 280 Isocratis,
593 235 655 286 qui
677 234 875 274 Ciceronis
901 235 1128 286 temporibus
1157 237 1293 275 floruit,
1345 235 1384 275 Id
1409 238 1458 274 ita
1486 248 1587 285 csse,

155 289 269 327 didici
300 303 347 328 ex
375 290 561 341 Dionysio
585 290 901 337 Halicarnasseo,
933 292 992 342 qui
1024 291 1059 327 in
1090 293 1240 329 aureolo
1270 292 1393 330 libello
1421 291 1466 329 de
1493 291 1589 331 Arte

157 346 362 392 rhetorica,
387 343 565 396 quendam
589 358 636 383 ex
658 358 702 384 ea
721 348 838 384 citans
862 348 999 391 locum,
1021 346 1249 384 Isocratem
1241 348 1356 398 ipsius
1383 354 1588 394 auctorem,

158 413 263 438 suum
301 407 338 438 et
377 401 623 468 Echec'ratis,
670 400 717 440 ad
750 415 857 452 quem
898 401 1056 445 scribit,
1103 401 1262 439 sodalem
1301 410 1423 440 vocat.
1495 402 1590 440 Eius

157 457 272 493 verba
298 463 411 493 sunt
403 454 467 506 “⁸‘:)
498 451 714 508 Ἰσοκρατης
738 455 805 508 μὲν
832 453 854 496 ὁ
881 454 946 503 σὸς
972 455 1118 507 ἑταῖρος
1144 456 1208 495 καὶ
1234 454 1337 507 ἐμὸς,
1367 458 1396 496 ὥ
1418 455 1593 523 Ἐχέκρα-

156 525 228 557 τες,
256 510 359 579 εἴπεο
387 508 478 550 ἄλλο
504 526 551 559 τι,
583 511 679 562 φησὶ
701 516 836 579 χρῆναι
861 515 1055 564 προςεῖναι
1082 515 1160 557 τοῖς
1188 512 1412 576 σπουδαίοις
1441 509 1593 564 ἀνθρω-

156 581 266 613 ποις,
296 564 337 605 ἐν
364 581 409 622 τη
440 565 658 619 παοαινέσει
686 571 732 622 τῇ
758 565 855 619 πρὸς
881 565 950 607 τὸν
974 563 1207 608 Ιππονίκου,
1241 568 1308 608 (ita
1339 569 1435 604 enim
1468 569 1594 619 legen-

158 620 242 657 dum
274 627 354 665 est,
401 635 496 668 non,
541 623 644 660 utin
684 624 840 674 vulgatis
870 623 1000 667 tibris,
1044 618 1142 673 πρὸς
1168 619 1236 661 τὸν
1258 618 1493 673 Ιππόνικον)
1530 623 1596 662 καὶ

156 672 225 726 τὴν
253 677 620 744 φιλοπροςηγορίαν,
661 675 754 731 όπερ
781 677 859 717 ἐστὶ
886 675 928 717 τὸ
958 691 1157 729 προςφωνε
1142 680 1196 716 εῖν
1223 674 1312 724 τοὺς
1338 675 1595 726 ἀπαντῶντας,

157 747 211 777 ως
249 728 364 778 αὐτός
400 745 505 784 φησι.
564 732 686 771 Locus
717 741 865 781 autem,
909 745 1016 785 quem
1061 731 1237 770 indicavit
1272 733 1501 784 DionysiuS,
1543 735 1597 772 ita

157 786 253 837 apud
284 788 487 826 Isocratem
506 786 579 840 ’ἢῆ
611 790 766 839 legitur:
812 791 874 844 Τῷ
904 786 972 840 μὲν
999 784 1127 855 τρόπῳ
1156 787 1290 840 γίγνου
1320 785 1596 856 φιλοπροςήγο-

157 857 245 894 ρος,
285 846 337 897 τῷ
367 841 408 883 ὁὲ
435 841 534 910 λόγῳ
563 841 866 911 εὐπροςήγορος.
910 843 988 883 ε’στι
1016 841 1057 882 δὲ
1086 843 1430 895 φιλοπροςηγορίας
1458 842 1525 895 μὲν
1553 841 1597 884 τὸ

157 912 357 966 πςοςφωνε
361 902 397 937 ἷν
434 897 524 945 τοὺς
555 896 823 947 ἀπαντῶντας,
867 895 1164 951 εὖπροςηγορίας
1199 897 1240 937 δὲ
1277 898 1319 938 τὸ
1358 903 1438 946 τοῖς
1473 896 1599 966 λόγοις

158 951 287 999 αὐτοῖς
314 954 461 1000 οἰκείως
490 951 737 1007 ε’ντυγχανειν.
795 954 1072 1004 Harpocration
1105 960 1242 1006 tamen,
1273 955 1333 1004 qui
1364 955 1411 991 sit
1437 952 1601 1001 ἐπακτὸς

158 1006 291 1059 ῧοκος,
328 1021 540 1060 exponenS,
589 1010 792 1047 Isocratem
823 1009 1086 1060 Apolloniaten
1115 1009 1219 1055 eius,
1259 1007 1305 1047 de
1335 1022 1406 1059 quo
1436 1011 1597 1059 agimus,

158 1063 275 1100 libelli
309 1071 499 1102 auctorem
530 1065 643 1102 facit:
689 1072 726 1102 at
756 1065 787 1102 is
820 1066 957 1102 veteris
988 1065 1086 1101 illius
1117 1063 1291 1101 Isocratis
1331 1063 1477 1102 auditor
1515 1065 1596 1109 fuit,

158 1125 198 1156 ut
234 1118 328 1169 apud
371 1119 520 1158 Snidam
558 1127 641 1158 cst:
694 1120 954 1170 Hermogenes
975 1119 1078 1170 ΨΜ)
1117 1126 1239 1157 autem
1275 1127 1404 1170 aperte
1443 1119 1600 1158 eundem

157 1173 361 1211 Isocratem
393 1175 499 1212 huius
527 1175 790 1213 paraeneseos
819 1183 857 1213 et
887 1182 1093 1212 ceterarum
1125 1175 1359 1221 orationum,
1393 1173 1438 1212 de
1469 1175 1600 1225 quibus

159 1229 256 1266 nulla
286 1228 464 1267 dubitatio
498 1237 580 1277 est,
627 1232 714 1281 quin
752 1231 826 1268 sint
861 1231 941 1268 eius
978 1230 1039 1280 qui
1079 1242 1160 1267 cum
1192 1230 1348 1268 Socrate
1378 1236 1415 1268 et
1443 1229 1599 1268 Platone

157 1285 263 1321 vixit.
324 1284 400 1323 Sed
440 1286 557 1336 magis
592 1298 649 1324 me
681 1298 750 1333 ea,
790 1299 882 1337 quae
913 1298 1026 1336 supra
1064 1285 1242 1332 recitavi,
1281 1285 1396 1324 verba
1422 1284 1600 1338 Dionysii

159 1346 323 1378 movent.

675 1470 959 1511 CAPUT
1014 1471 1075 1511 ΙΙ.

162 1548 427 1588 Mithridatem
461 1561 531 1587 eur
563 1549 767 1599 Dionysum
809 1551 1000 1589 Tralliani
1035 1550 1190 1587 lionoris
1233 1563 1369 1588 caussa
1405 1557 1598 1590 vocarent.

226 1605 446 1643 Illustratas
476 1606 578 1642 locas
609 1618 658 1642 επ
687 1606 862 1643 or‘atzone
886 1619 959 1656 pto
990 1607 1142 1643 Flacco.
1204 1607 1322 1652 Eius,
1356 1619 1418 1657 qa?
1446 1608 1534 1646 Plu-

295 1667 358 1698 tar
361 1661 427 1698 clu
450 1656 707 1711 Συμποσιακὰ
734 1662 1009 1711 interpretatas
1039 1667 1118 1706 est,
1156 1667 1309 1701 notatus
1337 1675 1464 1700 error.

159 1739 241 1795 M.
270 1759 452 1797 TULst
493 1758 529 1795 in
569 1759 738 1797 oratione
780 1773 847 1811 pro
876 1758 923 1797 L.
958 1758 1101 1798 Flacco
1142 1773 1222 1797 cum
1254 1767 1499 1812 percenseret
1538 1773 1603 1799 eas

161 1815 312 1860 laudes,
360 1828 450 1866 quas
488 1813 669 1852 Tralliani
708 1816 745 1853 in
781 1814 1065 1861 Mithridatem,
1114 1829 1240 1866 regem
1284 1816 1418 1866 populo
1454 1816 1505 1854 R.
1547 1818 1604 1854 in-

162 1871 427 1915 festissimum,
474 1877 770 1920 congesserant,
813 1871 864 1909 ita
903 1869 1121 1923 scribit†):
1175 1872 1438 1910 Mithridatem
1478 1873 1603 1918 deum,

161 1928 264 1964 illam
291 1932 464 1976 patrem,
496 1926 600 1962 illam
629 1933 928 1964 conservatorem
956 1928 1091 1972 Asiae,
1122 1927 1225 1964 ellum
1251 1928 1471 1976 Dionysum,
1504 1930 1606 1965 Bac-

163 1983 296 2026 chum,
335 1980 512 2018 Liberum
542 1981 802 2019 nominabant.
862 1982 987 2031 Atque
1026 1981 1095 2018 hoc
1134 1981 1272 2019 Petrus
1307 1982 1500 2020 Victorius
1519 1982 1604 2035 ἢ)

163 2036 351 2074 admonuit
387 2034 524 2072 dictum
565 2048 652 2072 esse
691 2035 736 2072 ad
775 2035 1044 2073 Demosthenis
1083 2037 1346 2082 imitationem,
1398 2038 1503 2076 cuius
1543 2039 1605 2075 illa

164 2099 248 2129 sunt
271 2104 319 2128 ex
349 2090 518 2128 oratione
550 2089 595 2127 de
628 2089 776 2128 Corona
792 2090 934 2158 †††):
970 2090 1021 2130 Oi
1046 2089 1114 2142 μὲν
1142 2088 1396 2130 κατάπτυστοι
1428 2093 1607 2132 Θετταλοὶ

162 2145 227 2211 κραὶ
256 2143 487 2196 ἀναίσθητοι
519 2145 684 2195 Θηβαῖοι
711 2146 844 2200 φίλον,
882 2143 1099 2199 εὐεργέτην,
1130 2150 1280 2199 σωτῆρα
1307 2143 1375 2185 τὸν
1411 2148 1607 2188 Φίλιππον

97 2216 131 2245 11
162 2199 351 2255 ηγοῦντο.
405 2196 510 2239 navi?
554 2199 696 2247 ἐκεῖνος
741 2201 792 2252 ἠν
829 2198 970 2248 αὐτοῖς.
1047 2202 1207 2239 Protulit
1246 2203 1357 2239 etiam
1399 2203 1515 2240 locum
1559 2217 1608 2243 ex

164 2258 362 2296 Athenaeo
379 2256 448 2306 ²'⁶‘)‚
491 2269 562 2307 quo
592 2257 856 2303 confirmatur,
900 2256 1155 2295 Mithridatem
1186 2258 1308 2295 vivum
1345 2271 1389 2295 ac
1419 2257 1606 2296 videntem

166 2313 300 2351 divinis
339 2312 509 2350 affectum
545 2311 763 2349 honoribus.
824 2312 902 2350 Sed
938 2326 1005 2350 cur
1033 2313 1164 2351 Liberi
1195 2314 1309 2364 patris
1350 2314 1470 2364 potius
1499 2328 1606 2366 quam

169 2459 275 2495 Harl]
309 2460 357 2487 De
372 2457 579 2492 Apolloniam
594 2459 735 2487 Isocrate
753 2459 935 2489 uiximusin
954 2459 1034 2489 nist.
1048 2459 1124 2488 Crit.
1138 2461 1223 2488 orat.
1241 2461 1291 2490 Gr.
1307 2467 1378 2497 pag.
1390 2460 1440 2490 8⁴.
1468 2462 1505 2491 D.
1514 2463 1550 2491 R.
1571 2477 1608 2484 —-

169 2497 215 2528 cf.
236 2500 317 2526 Mur.
337 2497 438 2531 Epist.
458 2496 498 2524 ad
519 2497 614 2524 Alex.
637 2497 799 2530 Riparium
822 2500 1008 2533 Opp.''101n.
1032 2499 1268 2535 1V.1»ag.583.

245 2546 382 2580 ÷¹.:-)pag.
404 2544 473 2573 250.
496 2545 582 2572 Tom.
603 2545 640 2573 V.
662 2546 711 2574 ed.
732 2545 843 2575 Reisk.

244 2593 314 2629 ³21-th
334 2593 365 2628 5.
387 2592 436 2620 20.
458 2599 528 2626 pag.
544 2593 577 2620 7.
609 2593 712 2622 nekk.

248 2647 341 2683 *azaz-J
364 2641 447 2686 περὶ
470 2645 556 2685 μεθ.
581 2640 670 2674 dew-
699 2654 765 2683 cap.
787 2649 838 2676 31.

249 2694 294 2732 ἦ)
315 2703 382 2731 cap.
406 2698 454 2725 25.
477 2698 507 2730 ὅ.
528 2696 578 2724 60.

249 2743 322 2781 ἢῆ)
348 2746 439 2774 Varr.
461 2746 559 2773 Lecti.
580 2745 649 2774 vn.
670 2744 700 2772 4.

249 2790 350 2828 5010}ss
379 2800 450 2828 pag,
472 2793 542 2826 240,
569 2793 615 2821 10.
637 2793 746 2822 Reisk.

252 2840 291 2874 θ’)
320 2839 372 2869 liu.
395 2841 430 2869 V.
455 2848 524 2877 pag.
548 2843 618 2870 213.
641 2843 689 2871 ed.
710 2841 808 2876 bugd.
