1778 3096
221 152 303 195 392
783 152 910 195 VAR.
940 152 1096 196 LECT.

133 268 192 299 411
221 263 309 302 Non
340 264 437 301 onim
468 261 657 314 quodlibet
685 269 890 302 extremum
907 264 1006 316 finis
1033 270 1211 311 vocatur,
1243 262 1309 304 sed
1340 263 1438 316 quod
1468 266 1660 318 optimum,

223 317 320 370 quod
358 319 420 356 ille
463 320 513 356 ita
553 319 746 369 exprimit:
785 316 961 372 βούλεται
997 317 1069 373 γὰρ
1105 316 1151 359 οὗ
1185 323 1264 360 πᾶν
1296 316 1394 360 εἶναι
1427 317 1469 360 τὸ
1509 321 1665 373 ἔσχατον

221 373 343 421 τέλος,
385 370 477 412 ἀλλὰ
506 370 547 412 τὸ
575 373 776 425 βέλτιστον.
833 375 940 422 Quae
969 376 1081 413 verba
1112 374 1199 412 ideo
1237 376 1382 415 referre
1411 384 1447 414 et
1478 378 1665 429 interpre-

222 430 295 467 tari
323 429 474 479 placuit,
504 427 601 479 quod
625 443 645 467 a
666 429 881 480 quibusdam
905 431 1171 481 interpretibus
1197 432 1354 480 pessime
1380 439 1533 481 accepta
1561 440 1661 472 sunt.

223 485 317 522 Item
342 481 463 532 τέλος,
492 491 529 521 et
557 481 622 533 τὸ,
652 479 698 524 οὗ
727 484 852 534 ἕνεκα,
893 485 988 523 idem
1022 493 1120 523 sunt.
1180 486 1233 522 At
1260 489 1393 526 malum
1425 489 1524 525 nullo
1556 488 1665 526 modo

224 545 349 590 potest
382 546 422 577 ut
451 540 533 576 linis
568 541 737 591 cuiquam
768 542 994 593 propositum
1025 554 1125 579 esse.
1188 543 1329 579 Bonum
1360 543 1456 580 enim
1488 550 1668 594 expetunt

225 595 363 634 omnia.
415 593 548 645 Neque
579 596 687 641 ullus,
708 599 873 646 quamvis
903 598 1034 643 malus,
1058 595 1252 647 quidquam
1281 596 1396 648 ipsius
1421 599 1506 636 mali
1533 612 1668 637 caussa

226 649 330 687 facit.
383 649 569 688 Voluntas
601 653 697 688 enini
729 665 910 702 nunquam
931 653 1050 689 fertur
1079 650 1125 689 ad
1158 651 1305 698 malum,
1330 659 1509 702 quatenus
1532 655 1667 692 malum

225 711 297 742 est.
357 703 411 742 At
451 705 614 744 fortasse
644 706 744 744 dicat
771 707 923 757 aliquis,
952 709 1071 758 finem
1101 709 1284 745 malorum
1321 706 1416 754 dici,
1457 722 1529 746 non
1560 723 1668 761 quem

226 767 399 809 spectent
435 768 472 798 et
507 773 577 811 quo
609 761 821 800 referantur
851 763 943 800 mala
972 763 1117 808 omnia,
1164 760 1228 800 sed
1258 761 1294 799 id
1330 775 1401 812 quo
1433 764 1522 801 nihil
1561 767 1668 816 peius

226 816 289 852 sit.
349 814 471 862 Quid,
511 815 607 866 quod
638 829 684 855 ne
714 816 751 854 id
784 817 930 867 quidem
962 818 1043 855 fieri
1075 816 1225 869 potest?
1281 816 1539 870 Quodcunque
1570 821 1669 858 enim

225 870 356 907 malum
387 873 652 922 proposueris,
694 872 729 910 id
761 872 883 910 addito
915 872 990 910 alio
1022 874 1127 923 peius
1157 880 1194 910 et
1225 870 1390 910 deterius
1421 874 1506 912 flet:
1549 887 1670 926 neque

225 926 418 976 quisquam
458 939 616 977 unquam
655 929 788 965 malum
820 929 930 965 ullum
970 935 1108 966 tantum
1148 928 1352 966 nominabit
1390 927 1456 979 (de
1486 930 1533 966 iis
1564 931 1670 968 malis

224 980 380 1030 loquor,
408 994 501 1032 quae
536 982 674 1020 homini
706 984 743 1020 in
773 983 844 1021 vita
877 982 1050 1021 accidere
1080 983 1278 1035 possunt),
1319 990 1358 1020 ut
1387 998 1460 1021 non
1490 997 1535 1022 eo
1562 987 1671 1036 peius

224 1034 324 1073 aliud
355 1038 578 1087 reperiatur.
638 1037 690 1075 Et
719 1045 822 1076 recte
850 1038 1094 1090 Pythagorici
1111 1036 1157 1091 ᾗ)
1189 1037 1386 1085 dicebant,
1422 1039 1557 1077 bonum
1587 1041 1672 1079 fini-

224 1098 298 1128 tum
331 1104 437 1137 esse,
469 1093 600 1130 malum
630 1094 829 1131 infinitum.
889 1094 1011 1132 Recto
1038 1094 1128 1131 nihil
1159 1096 1321 1132 rectius:
1358 1101 1396 1132 at
1425 1107 1604 1146 perverso
1633 1103 1672 1135 et

225 1145 427 1196 depravato
461 1161 610 1199 semper
647 1149 784 1201 aliquid
822 1151 1028 1187 contortius
1060 1150 1221 1200 reperiri
1259 1156 1397 1200 potest.
1458 1149 1543 1188 Nisi
1574 1152 1671 1190 forte

226 1202 360 1238 malum
400 1215 511 1240 unum
552 1211 690 1241 tantum
730 1204 898 1243 dixeris:
943 1212 982 1242 ut
1007 1206 1148 1251 Stoici,
1192 1218 1274 1243 cum
1313 1205 1594 1244 solum'vitium
1631 1208 1672 1245 in

225 1256 331 1293 malis
354 1257 560 1295 habendum
592 1259 796 1297 docerent:
829 1261 889 1311 qui
918 1267 955 1297 et
981 1261 1070 1297 vitia
1100 1261 1180 1311 ipsa
1211 1267 1248 1297 et
1276 1267 1430 1310 peccata
1453 1261 1555 1311 paria
1585 1275 1671 1300 esse

227 1310 417 1349 dicebant.
471 1313 548 1350 Sed
578 1321 664 1351 tunc
685 1315 808 1365 inepte
837 1315 977 1352 dixeris
1005 1329 1183 1353 summum
1214 1317 1349 1353 mulum
1379 1322 1441 1352 aut
1469 1319 1673 1356 maximum

226 1368 361 1404 nullum
394 1368 599 1419 autfinem
638 1371 834 1408 malorum.
893 1369 991 1407 Nam
1029 1370 1146 1416 haec,
1191 1370 1262 1406 nisi
1300 1371 1335 1407 in
1375 1374 1670 1422 comparatione,

227 1435 300 1458 non
331 1421 518 1461 dicuntur.
579 1423 816 1475 Comparatio
843 1432 964 1462 autem
993 1439 1066 1462 non
1094 1426 1166 1463 nisi
1197 1426 1296 1463 inter
1324 1425 1443 1475 plura.
1490 1426 1543 1464 Et
1572 1428 1674 1466 inter

226 1477 331 1528 paria
360 1477 451 1514 nihil
483 1491 663 1516 summum
693 1487 755 1517 aut
784 1481 978 1517 maximum
1008 1486 1079 1517 est.
1138 1479 1199 1517 An
1229 1488 1268 1517 ut
1296 1480 1458 1518 felicitas
1491 1481 1674 1521 bonorum

228 1532 390 1569 omnium
418 1533 607 1580 cumulus,
644 1535 694 1572 ita
708 1535 806 1585 finis
833 1537 1015 1572 malorum
1045 1535 1120 1572 erit
1147 1535 1308 1571 omnium
1341 1535 1516 1573 malorum
1546 1550 1674 1575 cumu-

227 1586 304 1624 lata
335 1588 571 1639 complexio?
627 1589 681 1626 At
716 1603 786 1626 non
816 1596 952 1640 potest.
1013 1589 1110 1634 Nam
1143 1589 1240 1627 bona
1274 1589 1422 1640 quidem
1453 1593 1674 1644 conspirare

228 1649 407 1694 possunt,
448 1644 542 1681 mala
579 1659 651 1682 non
679 1652 857 1695 possunt:
901 1645 985 1695 quia
1015 1644 1147 1682 bonum
1178 1641 1363 1684 σωστικόν
1392 1653 1450 1684 est
1480 1654 1519 1685 et
1550 1649 1608 1686 sui
1635 1655 1674 1687 et

230 1698 333 1743 eius,
372 1699 409 1735 in
439 1712 510 1749 quo
539 1707 618 1746 est3
662 1701 793 1738 malum
823 1696 1043 1752 φθαρτικὸν
1080 1707 1118 1738 et
1148 1701 1301 1738 aliorum
1344 1707 1382 1738 et
1412 1702 1484 1740 sui.
1543 1703 1674 1755 ltaque

231 1765 361 1790 omnes
397 1754 556 1792 virtutes
586 1756 624 1793 in
659 1769 733 1793 uno
771 1756 894 1807 aliquo
923 1768 1034 1801 esse,
1074 1755 1166 1793 nihil
1198 1755 1392 1807 prohibet:
1434 1757 1544 1796 immo
1581 1772 1674 1797 vcro

230 1809 293 1859 qui
334 1809 503 1858 perfecte
542 1811 656 1848 habet
694 1825 824 1857 unam,
868 1824 996 1849 omnes
1034 1810 1169 1848 habeat
1206 1823 1365 1848 necesse
1405 1819 1478 1850 est.
1537 1813 1673 1866 Neque

230 1870 380 1901 ceterae
407 1866 488 1902 sine
513 1866 710 1916 prudentia
733 1873 837 1904 sunt:
871 1879 990 1917 neque
1013 1866 1182 1904 absoluta
1203 1865 1398 1916 prudentia
1418 1869 1500 1905 sine
1519 1871 1674 1912 ceteris,

229 1917 363 1969 Longe
393 1919 493 1958 aliud
521 1922 557 1958 in
586 1922 710 1968 vitiis,
749 1922 881 1972 quibus
914 1923 1032 1959 maior
1061 1922 1161 1959 inter
1191 1934 1256 1968 se,
1291 1935 1398 1973 quam
1429 1935 1511 1960 cum
1537 1925 1673 1964 virtute

228 1987 352 2025 pugna
382 1983 451 2012 est.
511 1976 584 2013 His
622 1976 804 2015 adductus
838 1978 946 2016 facile
981 1978 1018 2015 in
1056 1990 1136 2015 eam
1176 1978 1399 2015 sententiam
1438 1979 1672 2029 prolaberer,

230 2036 270 2065 ut
299 2028 478 2076 dicerem,
510 2031 792 2083 inscriptionem
823 2033 1000 2070 librorum
1032 2045 1116 2070 esse
1141 2034 1197 2070 De
1212 2032 1375 2083 finibuS,
1403 2041 1466 2071 aut
1492 2043 1596 2074 certe
1618 2038 1675 2074 De

217 2083 369 2134 finibus
400 2085 605 2132 bonorum,
647 2088 720 2124 nisi
752 2101 810 2125 me
841 2087 1040 2126 Ciceronis
1071 2088 1187 2138 ipsius
1219 2095 1417 2126 revocaret
1451 2091 1671 2138 auctoritas,

231 2139 335 2176 cuius
366 2139 458 2178 haec
485 2141 598 2178 verba
628 2149 711 2179 sunt
733 2155 779 2180 ex
799 2143 892 2180 libro
919 2142 1084 2180 secundo
1113 2141 1157 2180 de
1172 2141 1414 2180 Divinatione
1431 2141 1529 2196 **):
1565 2148 1674 2184 Cum-

232 2208 302 2245 que
318 2193 612 2244 fzmdamentum
642 2204 739 2235 esset
763 2199 1028 2248 philosophiae
1052 2199 1214 2248 posilzmz
1245 2198 1284 2235 in
1313 2197 1462 2248 finibus
1492 2199 1674 2239 bonorum

143 2251 205 2281 412
231 2256 270 2287 ct
298 2252 495 2296 malorum,
518 2259 783 2302 perpurgatus
813 2260 869 2291 est
898 2255 930 2290 is
954 2254 1058 2291 locus
1083 2265 1107 2290 a
1127 2252 1234 2290 nobis
1263 2254 1423 2304 quinque
1449 2255 1583 2294 libris.-
1613 2263 1672 2303 ut,

232 2307 324 2355 quid
350 2319 373 2343 a
401 2320 567 2356 quoque,
609 2315 648 2344 et
673 2308 764 2357 quid
795 2315 928 2346 contra
965 2321 1145 2358 quemque
1170 2308 1430 2359 philosophum
1465 2312 1671 2358 diceretur,

232 2362 400 2410 intelligi
429 2369 571 2411 posset.
630 2361 799 2400 Positum
831 2364 879 2400 sit
918 2363 1056 2413 igitur,
1098 2375 1225 2400 veram
1256 2375 1343 2401 esse
1373 2365 1670 2417 inscriptionem,

229 2418 285 2454 De
301 2416 452 2465 finibus
482 2417 660 2454 bonorum
690 2425 726 2456 el
754 2420 960 2456 malorum.-
1007 2418 1115 2455 finem
1145 2425 1267 2456 autem
1298 2419 1475 2457 malorum
1506 2420 1604 2468 dici,
1623 2421 1674 2460 'id

231 2470 325 2522 quod
372 2472 444 2509 tale
483 2479 567 2517 est,
622 2479 660 2509 ut
694 2471 882 2525 χωρισθὲν
920 2472 1085 2511 deterius
1126 2474 1174 2511 sit
1212 2474 1284 2511 alio
1327 2475 1492 2525 quolibet
1530 2489 1597 2527 per
1632 2489 1674 2515 se

231 2534 402 2576 sumpto:
434 2533 495 2564 aut
519 2528 629 2564 etiam
655 2528 738 2566 aliis
764 2529 935 2567 omnibus
962 2530 1217 2576 coacervatis,
1247 2528 1443 2568 dummodo
1465 2531 1536 2569 hoc
1562 2545 1674 2571 unum

229 2595 303 2619 non
334 2582 384 2618 sit
412 2582 450 2619 in
483 2582 545 2619 illo
574 2596 725 2623 acervo.
785 2583 910 2622 Aliter
938 2585 1057 2636 accipi
1085 2597 1218 2637 posse,
1253 2585 1351 2624 nullo
1380 2599 1534 2638 prorsus
1564 2587 1673 2626 modo

230 2637 417 2676 existimo.

304 2727 346 2761 ze)
368 2726 438 2754 vid.
461 2726 594 2755 Aristot.
617 2726 717 2756 Ethic.
738 2727 856 2756 Nicom.
877 2726 930 2756 lib.
951 2729 989 2756 11.
1010 2734 1079 2762 cap.
1099 2728 1130 2757 5.
1174 2728 1400 2764 Pythaqoricos
1427 2727 1501 2758 dicit
1529 2730 1673 2758 Muretus

228 2763 382 2792 Cicerone
402 2767 531 2792 auctore
552 2765 590 2792 de
610 2765 717 2793 Divin.
738 2766 790 2793 lib.
806 2767 829 2793 1.
847 2772 914 2801 cap.
931 2765 982 2794 30.
1002 2765 1034 2801 §.
1054 2766 1106 2794 62.
1127 2773 1319 2801 quamquam
1338 2767 1422 2800 apud
1441 2767 1574 2795 eundem
1595 2767 1674 2795 alini

226 2801 372 2834 plurimis
400 2802 480 2830 locis
508 2802 652 2831 dicuntur
681 2803 875 2840 Pythagorei„
921 2802 993 2834 vid.
1018 2802 1181 2834 Heindorf.
1211 2804 1252 2833 ad
1278 2803 1332 2834 tib.
1359 2806 1383 2834 1.
1413 2805 1452 2834 de
1480 2806 1551 2835 Nat.
1576 2806 1673 2834 neor.

227 2845 295 2873 cap.
316 2841 344 2866 5,
366 2839 396 2872 S.
420 2839 469 2868 10.
490 2845 562 2873 pag,
585 2840 625 2868 10
644 2848 691 2875 sn.

301 2876 369 2912 {W}
390 2884 458 2912 cap.
480 2879 507 2907 1.
529 2878 561 2913 s.
581 2878 611 2906 2.
