1778 3096
659 155 778 195 CAP.
810 155 861 194 11.
1400 153 1484 197 479

43 278 116 309 tem
145 269 351 320 imponere,
379 266 475 320 quod
506 267 606 305 servi
628 266 777 316 saepius
805 278 912 316 quam
944 262 1083 301 domini
1110 263 1329 310 voluissent,
1353 273 1484 316 suapte

44 333 176 376 sponte
207 325 418 362 faciebant:
463 330 500 361 et
529 334 670 374 poenae
704 322 785 358 loco
823 334 906 358 eum
938 331 1079 369 genere
1110 318 1266 369 quodam
1299 320 1484 358 libertatis

43 381 196 418 donare.
248 380 376 429 Itaque
407 379 436 415 si
468 379 526 415 cui
555 377 681 414 servili
711 375 873 412 admisso
901 375 1091 426 proposita
1123 374 1255 413 fuisset
1284 376 1482 425 relegatio,

44 436 136 473 nihil
164 434 326 472 arbitror
358 433 526 484 cupidius
555 433 719 469 facturos
749 431 865 467 fuisse
895 442 1024 467 omnes
1055 442 1208 476 servos,
1243 443 1349 481 quam
1380 438 1419 468 ut
1447 432 1485 468 in

44 503 123 528 eam
157 502 308 540 poenam
349 502 454 539 qnam
486 489 638 538 primum
671 485 894 522 inciderent.
955 484 1090 534 Neque
1131 498 1223 535 opus
1259 486 1394 523 fuisset
1423 499 1486 524 ac-

44 551 240 582 cusatore:
273 544 343 594 ipsi
376 557 416 581 se
447 544 543 580 ultro
574 541 797 579 detulissent
824 547 933 589 atque
964 540 1195 577 indicassent
1222 541 1486 579 vehementer-

42 612 113 650 que
143 606 407 644 recusassent,
447 599 477 635 si
509 598 591 648 quis
628 597 730 646 ipsos
761 594 964 632 defendere
1002 602 1039 631 et
1070 601 1141 631 tam
1171 595 1366 646 optandam
1396 610 1486 634 con-

42 655 315 692 demnationem
353 652 532 704 impedire
573 651 769 689 voluisset.
830 649 1037 688 Adversari
1071 656 1190 687 tamen
1223 651 1369 689 videtur
1398 652 1486 690 huic

44 711 250 747 sententiae
288 711 314 747 l.
348 716 388 748 2.
420 710 467 746 D.
505 709 579 757 Qui
605 714 643 744 et
672 719 694 743 (ι
725 705 826 757 qm'b.
867 719 966 743 mon.
1001 706 1064 743 lib.
1096 705 1486 759 7zorzfi11nt*):ubi

42 765 94 802 ita
125 765 305 813 legimns:
349 766 463 803 Servo
501 769 710 813 competere
749 761 905 798 libertas
934 773 1007 798 non
1041 767 1188 810 potest,
1231 764 1269 799 si
1294 764 1487 811 relegatus

42 827 212 857 meratus
249 822 303 857 sit
338 820 376 857 z'n
415 817 520 855 urbe.
583 816 682 864 Quid
723 818 820 853 enim
860 816 1047 866 apertius,
1091 828 1196 865 quam
1234 817 1284 854 ibi
1325 818 1486 868 relegati

43 875 144 912 servi
185 876 407 912 mentionem
444 872 556 910 fieri?
612 872 745 910 Obstat
786 878 823 909 et
859 874 955 909 Leoe.
996 877 1037 908 2.
1081 873 1122 908 C.
1163 873 1209 909 de
1246 874 1365 922 sepul.
1408 875 1486 911 vio-

44 931 122 968 lato
137 927 235 979 *2¹⁶ss
278 930 382 967 cuius
421 928 515 966 haec
544 927 659 966 verba
689 933 796 965 sunt:
839 928 888 965 Se·
911 939 1041 964 servus
1077 927 1115 963 itz
1153 928 1392 966 demoliendis
1427 941 1487 965 se-

37 985 211 1036 pulchris
237 985 370 1036 suerit
395 985 671 1034 deprehensus.-
714 983 752 1020 sz'
777 983 818 1019 id
850 983 931 1019 sine
968 982 1111 1019 domini
1145 984 1305 1020 seientia
1333 983 1484 1034 saciat,

42 1041 194 1077 metallo
224 1042 438 1078 addicatur.
490 1041 557 1077 Sin
597 1051 684 1076 vero
714 1038 858 1076 domini
883 1038 1114 1075 auctoritate
1141 1039 1202 1075 vel
1229 1039 1390 1076 iussione
1419 1051 1484 1076 ur-

39 1102 179 1144 getur,
224 1097 455 1145 relegatione
491 1096 696 1145 plectatur.
755 1092 816 1130 Ad
850 1091 983 1129 nodum
1025 1091 1122 1129 hunc
1163 1092 1376 1131 solvendum
1409 1094 1488 1131 Ac-

41 1151 189 1187 cursius
228 1164 272 1188 ca
309 1150 622 1194 comminiscitur,
667 1161 820 1198 quorum
857 1147 916 1185 vel
951 1148 1162 1185 meminisse
1202 1149 1341 1198 pigeat.
1403 1147 1486 1198 Ego

42 1204 89 1242 ad
120 1206 146 1243 l.
176 1212 216 1243 2.
253 1207 327 1255 (ml
351 1212 390 1243 et
416 1218 438 1243 a
468 1204 601 1254 quibus
629 1204 679 1240 ita
711 1202 945 1253 respondeo:
990 1202 1186 1253 Relegatis
1216 1203 1297 1240 dies
1327 1204 1488 1254 plerum·

41 1272 113 1309 que
142 1260 281 1310 aliquot
308 1259 353 1297 ad
384 1258 659 1310 componendas
689 1271 750 1295 res
781 1271 867 1295 suas
900 1256 1100 1302 dabantur,
1141 1259 1487 1308 praescribebatur·

42 1327 113 1365 que
144 1315 188 1351 iis
218 1322 343 1352 certus
374 1313 478 1359 dies,
524 1314 620 1350 intra
651 1326 758 1363 quem
795 1311 978 1350 excedere
1007 1311 1208 1350 deberent:
1254 1313 1387 1364 quodsi
1418 1327 1487 1365 per

42 1371 310 1407 contumaciam
356 1368 490 1406 diutius
531 1369 777 1413 mansissent,
833 1380 952 1418 neque
992 1369 1201 1406 sentcntiae
1227 1370 1482 1419 paruissent,

41 1424 225 1475 relegatio
260 1426 297 1462 in
339 1424 631 1474 deportationem
665 1423 894 1472 mutabatur,
930 1423 955 1460 l.
988 1427 1029 1459 4.
1062 1424 1110 1460 D.
1141 1424 1186 1460 de
1214 1425 1346 1474 poenis
1364 1422 1481 1475 ***).

42 1478 334 1530 Deportatorum
372 1487 493 1516 autem
534 1479 629 1515 bona
669 1478 780 1524 fisco,
830 1485 871 1515 ut
907 1483 1029 1514 notum
1070 1485 1146 1524 est,
1187 1479 1481 1529 applicabantur.

35 1534 129 1572 >Hoc
167 1535 279 1585 igitur
318 1534 406 1571 dicit
440 1533 754 1578 Iurisconsultus,
799 1533 831 1570 si
861 1533 944 1583 quis
984 1533 1172 1583 relegatus
1213 1535 1250 1571 in
1287 1534 1379 1572 urbe
1417 1548 1486 1585 per

43 1591 310 1627 contumaciam
346 1596 508 1626 moratus
529 1589 590 1634 sit,
623 1600 666 1625 ac
691 1586 826 1625 deinde
857 1601 969 1625 servo
992 1600 1059 1625 suo
1083 1589 1292 1626 libertatem
1322 1588 1483 1636 dederit,

43 1656 125 1682 eam
165 1645 350 1682 dationem
391 1658 460 1681 non
499 1644 650 1680 valere:
699 1656 819 1694 neque
857 1650 1071 1694 competere
1109 1644 1317 1682 libertatem
1355 1657 1483 1691 servo,

42 1700 104 1750 qui
135 1699 207 1737 iam
239 1713 308 1736 una
339 1712 420 1736 cum
458 1699 595 1736 ceteris
625 1698 730 1735 bonis
762 1699 898 1747 fiscalis
936 1700 1091 1736 effectus
1122 1707 1193 1736 est.
1255 1699 1484 1750 Deportatus

43 1756 141 1792 enim
171 1755 429 1793 manumittere
462 1768 532 1791 non
564 1760 698 1804 potest.
750 1756 794 1792 L.
829 1760 868 1791 2.
901 1756 946 1792 D.
982 1755 1028 1791 de
1056 1756 1196 1792 interd.
1229 1762 1266 1793 et
1296 1757 1415 1805 releg.
1448 1763 1488 1795 et

44 1811 190 1860 deport.
210 1810 276 1862 †).
338 1808 413 1848 Sed
444 1816 481 1847 et
510 1807 555 1846 ad
585 1810 680 1846 illam
710 1810 1010 1846 constitutionem
1043 1809 1089 1847 de
1120 1810 1317 1861 sepulchro
1347 1812 1483 1849 violate

44 1877 162 1915 aeque
195 1866 315 1903 facilis
350 1865 546 1915 responsio
576 1871 646 1902 est.
708 1864 794 1901 Non
826 1865 921 1902 enim
954 1865 1149 1914 legendum
1181 1873 1238 1904 est
1277 1868 1314 1904 sz'
1337 1880 1483 1913 servus,

43 1927 84 1956 ut
114 1921 246 1971 vulgo,
286 1919 352 1957 sed
380 1922 418 1957 si
443 1921 546 1970 quis,
582 1927 620 1957 ut
649 1920 686 1956 in
718 1918 859 1957 Codice
888 1920 1167 1958 Theodosiano.
1230 1920 1373 1969 Quodsi
1403 1924 1484 1973 quis

44 1974 158 2021 dieat,
190 1976 258 2013 hac
288 1975 487 2012 mutatione
517 1974 607 2012 nibil
637 1975 747 2021 effici,
781 1988 861 2012 cum
892 1974 1029 2013 domini
1061 1977 1214 2023 mentio,
1239 1990 1332 2028 quae
1362 1979 1484 2016 statim

44 2033 236 2082 sequitur,
276 2037 405 2081 aperte
443 2029 612 2067 ostendat
648 2030 694 2067 de
736 2043 845 2068 servo
878 2031 963 2081 agi:
1009 2031 1243 2082 respondeo,
1285 2046 1357 2070 non
1384 2035 1481 2080 eius,

43 2088 104 2136 qui
134 2085 365 2137 sepulchrum
399 2084 593 2123 demolitus
619 2092 701 2131 est,
742 2085 950 2131 dominum,
985 2087 1048 2123 sed
1080 2086 1265 2124 dominum
1297 2089 1485 2139 sepulchri

43 2142 163 2192 accipi
199 2141 353 2178 debere.
411 2139 547 2191 Neque
590 2154 647 2179 me
683 2149 827 2188 movet,
864 2140 960 2192 quod
995 2143 1134 2179 Graeci
1152 2142 1235 2195 ††)
1276 2143 1345 2181 hoc
1375 2145 1486 2182 aliter

43 2197 357 2247 interpretantur:
401 2208 492 2245 quos
526 2197 626 2247 ipsos
666 2209 777 2247 saepe
808 2196 880 2234 labi
911 2203 949 2234 et
979 2210 1112 2247 magno
1154 2198 1289 2236 iudicio
1318 2198 1484 2238 adhibito

43 2251 222 2301 legendos
252 2252 346 2302 scio.
402 2251 509 2288 Haec
549 2264 620 2301 ego
652 2265 722 2289 non
764 2253 854 2289 tanti
895 2264 982 2290 esse
1013 2252 1230 2299 duxissem,
1270 2255 1376 2292 utin
1415 2254 1482 2292 bos

44 2306 158 2344 libros
200 2307 406 2351 referrem,
462 2307 532 2342 nisi
573 2308 681 2344 etiam
721 2307 954 2345 Brissonium
996 2309 1032 2345 in
1076 2309 1170 2345 libro
1211 2310 1393 2360 singulari
1437 2312 1483 2348 de

44 2362 243 2399 adulteriis
256 2360 371 2414 †††)
403 2360 449 2399 ad
481 2361 577 2400 hunc
608 2363 796 2414 scopulum
826 2364 1029 2414 impegisse
1061 2363 1250 2402 vidissem.

116 2493 160 2528 31³)
180 2493 244 2522 XL.
264 2492 294 2522 9.

115 2552 184 2589 ..n-2:2⁴)
205 2554 256 2582 lx.
278 2552 328 2582 19.

115 2612 210 2648 etz-2:³³³)
229 2614 368 2643 XLVIII.
389 2613 440 2644 19.

117 2671 163 2711 †)
184 2674 323 2703 xnvm.
343 2674 393 2702 22.

115 2730 188 2770 ††)
209 2732 338 2761 Basilio.
359 2734 448 2763 Tom.
468 2733 535 2762 vn.
556 2740 628 2769 pag.
648 2735 720 2765 508.

113 2789 214 2830 †-;-†)
234 2791 267 2821 m
287 2793 444 2824 Grnonov.
466 2794 618 2825 Thesaur.
639 2795 769 2832 Antiqq.
791 2796 901 2826 Graec.
923 2797 1010 2828 Tom.
1024 2798 1107 2828 vlu.
1128 2805 1196 2835 cap.
1217 2800 1271 2829 IX.
1293 2806 1368 2836 pag.
1391 2801 1481 2832 1377·

1508 2040 1571 2070 506
