1778 3096
181 884 244 913 855

265 147 349 191 340
828 146 958 187 VAR.
989 147 1141 187 LECT.

269 261 311 299 In
339 258 471 299 eadem
501 257 663 310 epistola
677 255 747 308 ἦ),
778 256 842 294 ubi
872 257 981 309 vulgo
1014 257 1174 308 legitur,
1214 261 1273 298 At
1300 272 1399 298 nunc
1430 260 1601 305 Coelius,
1640 273 1715 298 non

270 318 354 354 dico
383 315 572 366 equidem,
607 313 699 364 quid
725 315 873 363 egerit.-
914 312 1111 364 legendum
1145 320 1226 360 est,
1260 316 1443 365 quidquid
1471 316 1610 364 egerit.
1671 315 1714 352 lu

270 378 399 409 octava
415 367 516 420 Μὴ,
556 381 679 407 meros
715 375 906 415 terrores,
951 382 1023 406 non
1061 375 1101 406 ut
1139 368 1273 417 vulgo,
1322 372 1451 408 miros.
1512 371 1552 407 ln
1592 370 1716 407 ultima

270 439 361 465 vero
378 424 510 474 ΨΜ),
541 425 690 474 Accepi
715 424 763 462 ab
790 426 959 470 Acasto,
991 438 1071 462 meo
1099 431 1268 470 statere,
1301 432 1386 463 tuas
1418 427 1590 469 litteras,
1624 439 1714 471 non,

270 488 312 518 ut
341 479 433 518 editi
460 479 545 518 libri
575 479 736 526 habent,
770 481 917 531 Accepi
939 479 986 518 ab
1014 482 1176 525 Acasto,
1209 493 1314 517 semro
1342 494 1444 526 meo,
1475 483 1602 518 statim
1632 487 1718 518 tuas

270 538 434 574 litteras.
1392 549 1395 552 ⁴

781 641 813 680 C
844 641 881 680 A
909 642 943 680 P
971 641 1007 680 U
1035 641 1070 680 T
1127 642 1206 680 IX.

517 720 729 760 Emendata
757 720 876 758 multa
907 733 927 757 e
955 719 1052 758 libro
1087 722 1199 758 tertio
1230 721 1275 757 de
1309 720 1463 770 Officiis.

271 799 513 858 Cmmmms
554 818 671 857 verba
708 825 792 855 sunt
828 831 850 856 e
886 819 1000 857 tertio
1038 818 1084 856 de
1116 819 1349 872 0¹¹³⁰55⁵·I·)²
1394 820 1560 858 Accedit
1595 820 1719 857 eodem

274 879 380 916 testis
410 876 588 926 locuples,
622 875 859 920 Posidonius,
891 876 959 925 qui
984 876 1095 912 etiam
1125 875 1259 912 scribit
1285 877 1320 913 in
1349 876 1510 925 quadam
1544 877 1718 925 epistola,

276 935 317 971 Ρ.
351 933 529 970 Rutilium
555 930 716 982 Rufum,
749 931 817 980 qui
840 932 1063 968 Panaetium
1095 932 1315 977 audiverat,
1348 932 1473 968 dicere
1500 932 1645 976 solere,
1679 937 1722 968 ut

271 1000 376 1026 nemo
400 988 527 1037 pictor
556 993 652 1023 esset
681 986 865 1031 iuventus,
897 987 964 1035 qui
979 987 1136 1023 Veneris
1165 999 1244 1022 eam
1270 993 1436 1036 partem,
1470 998 1579 1035 qnam
1601 986 1721 1036 Apel-

273 1045 327 1082 les
358 1044 573 1080 inchoatam
604 1041 832 1091 reliquisset,
866 1040 1098 1078 absolveret.-
1132 1042 1210 1078 oris
1241 1042 1336 1078 enim
1359 1041 1604 1091 pulchritudo
1631 1042 1720 1078 reli—

271 1099 340 1150 qui
372 1098 545 1148 corporis
578 1096 758 1135 imitandi
789 1109 890 1146 spem
928 1096 1152 1146 auferebat:
1195 1098 1251 1133 sic
1280 1109 1347 1142 ea,
1390 1109 1487 1146 quae
1516 1097 1722 1134 Panaetius

267 1154 589 1205 praetermiszsset
620 1158 659 1190 et
686 1164 760 1189 non
784 1150 1034 1203 perfecisset,
1062 1158 1223 1202 propter
1251 1165 1395 1197 eorum,
1426 1163 1521 1202 quae
1539 1151 1718 1202 fecisset,

267 1210 546 1260 praestantiam
585 1209 764 1245 neminem
801 1214 1106 1256 persecuturum.
1177 1207 1322 1253 Quibus
1363 1207 1399 1244 in
1440 1207 1565 1244 verbis
1606 1218 1719 1256 saepe

272 1263 478 1301 admiratus
518 1276 646 1308 eram,
690 1274 759 1300 cur
795 1260 959 1298 additum
998 1269 1101 1299 esset
1139 1261 1252 1299 illud:
1298 1269 1335 1300 et
1371 1274 1445 1299 non
1477 1259 1716 1311 perfecisset.

272 1318 388 1357 Certe
419 1318 538 1364 enim,
582 1329 676 1367 quae
714 1317 1021 1367 praetermiserat
1050 1316 1278 1361 Panaetius,
1321 1329 1365 1354 ea
1394 1329 1466 1353 non
1508 1315 1616 1353 modo
1645 1329 1720 1353 nou

270 1374 512 1425 perfecerat,
554 1371 620 1410 sed
657 1384 704 1409 ne
734 1371 977 1409 inchoaverat
1011 1371 1172 1421 quidem.
1235 1371 1311 1408 Sed
1350 1379 1500 1409 veteres
1541 1371 1625 1408 libri
1655 1370 1720 1408 ad-

271 1429 506 1467 mirationem
539 1427 793 1471 sustulerunt,
824 1439 978 1477 quorum
1009 1427 1046 1463 in
1075 1427 1263 1477 plerisque
1291 1434 1478 1477 postrema
1511 1427 1593 1464 eius
1618 1439 1720 1464 com-

270 1483 535 1536 prehensionis
569 1495 657 1533 pars
694 1483 746 1518 ita
775 1481 934 1531 legitur:
977 1483 1041 1519 Sic
1069 1494 1138 1526 ea,
1181 1495 1276 1531 quae
1303 1483 1512 1520 Panaetius
1543 1489 1719 1532 praeter-

270 1540 448 1584 misisset,
475 1545 636 1589 propter
667 1549 810 1582 eorum,
843 1549 940 1586 quae
962 1534 1202 1586 perfecisset,
1231 1538 1507 1586 praestantiam
1537 1539 1719 1575 neminem

266 1601 521 1646 persecutum.
581 1593 626 1630 ln
654 1590 786 1629 eodem
816 1590 933 1637 libro,
973 1590 1036 1627 ubi
1069 1590 1114 1628 de
1146 1590 1324 1628 Caesaris
1352 1590 1493 1639 caede,
1533 1592 1604 1630 etsi
1634 1604 1718 1630 eum

271 1664 345 1687 non
377 1650 564 1694 nominat,
596 1648 780 1698 loquitur,
812 1647 863 1684 ita
890 1646 1000 1696 vulgo
1030 1645 1134 1696 legas
1150 1644 1258 1699 ††):
1294 1648 1398 1685 Vicit
1422 1648 1545 1697 igitur
1573 1649 1720 1686 utilitas

272 1707 526 1743 honestatem.-
559 1705 631 1741 imo
661 1716 751 1741 vero
779 1703 955 1740 honestas
984 1703 1185 1740 utilitatem
1215 1710 1345 1740 secula
1375 1710 1444 1741 est.
1504 1702 1556 1740 At
1590 1704 1625 1740 in
1657 1715 1717 1740 ve-

273 1760 492 1798 tustioribus
536 1765 671 1809 quanto
721 1756 886 1795 melius?
954 1758 1056 1795 Vicit
1097 1759 1220 1808 egitur
1263 1759 1408 1796 utilitas
1459 1759 1714 1796 honestatem.-

272 1817 345 1853 imo
388 1828 476 1853 vero
514 1815 744 1852 honestatem
792 1814 939 1851 utilitas
980 1820 1180 1851 consecuta
1224 1819 1292 1851 est.
1363 1813 1559 1863 Significat
1598 1814 1715 1859 enim,

270 1871 409 1908 factum
453 1869 542 1907 illud
584 1869 780 1907 honestum
819 1868 936 1906 fuisse
976 1880 1045 1918 per
1084 1881 1150 1914 se,
1201 1868 1290 1906 utiie
1332 1865 1430 1907 κατὰ
1466 1865 1716 1919 συμβεβηκός.

269 1926 393 1964 Unum
432 1932 628 1977 praeterea
665 1925 783 1962 locum
823 1923 1037 1970 subiiciam,
1079 1924 1140 1974 qui
1179 1936 1360 1974 nusquam
1397 1924 1459 1961 ille
1497 1923 1643 1975 quidem
1678 1925 1716 1962 in

270 1981 431 2031 vulgatis
464 1981 569 2018 libris
600 1979 797 2018 emendate
827 1979 990 2030 legitur:
1022 1978 1144 2017 sedin
1174 1978 1279 2016 libris
1307 1979 1490 2030 praeclari
1512 1980 1608 2017 illius
1631 1993 1715 2017 cor-

270 2037 430 2074 rectoris
447 2035 563 2087 †††)
602 2036 654 2073 ita
694 2034 918 2085 depravatus
958 2041 1036 2080 est,
1091 2041 1141 2071 ut*
1170 2035 1286 2085 ipsius
1329 2035 1539 2073 sententiae
1576 2035 1716 2086 aliquot

270 2104 401 2128 vocum
431 2097 573 2128 temere
603 2089 810 2127 additarum
841 2096 1023 2140 congestu
1054 2089 1209 2127 obrutae
1238 2090 1323 2135 vix,
1367 2090 1470 2140 quasi
1502 2103 1568 2140 per
1597 2091 1712 2128 nebu—

270 2146 365 2192 lam,
400 2153 511 2183 tenue
542 2144 724 2195 quoddam
759 2146 958 2194 vestigium
989 2151 1180 2195 appareat.
1239 2143 1290 2181 Et
1321 2145 1389 2181 fuit
1422 2157 1465 2182 ea
1496 2146 1594 2181 iliius
1624 2158 1713 2182 cou-

269 2201 452 2247 suetudo,
490 2208 530 2238 ut
559 2213 631 2238 non
668 2207 740 2237 tam
773 2206 973 2249 quaereret
1000 2198 1206 2244 interdum,
1250 2198 1334 2249 quid
1366 2199 1524 2237 dixisset
1555 2198 1710 2246 Cicero,

268 2270 377 2308 quam
416 2254 501 2307 quid
541 2256 622 2305 ipse
651 2268 733 2293 euin
764 2253 894 2291 dicere
929 2255 1140 2305 oportuisse
1179 2261 1368 2292 censeret.
1431 2253 1508 2293 Sed
1540 2263 1618 2292 tota
1648 2269 1710 2293 res

268 2313 359 2350 mihi
388 2312 496 2363 paulo
526 2311 635 2348 altius
656 2308 858 2362 repetenda
886 2316 969 2347 est:
1000 2316 1039 2347 ut
1069 2310 1179 2348 etiam
1203 2310 1240 2347 in
1272 2311 1319 2347 iis
1339 2310 1538 2349 Ciceronis
1567 2310 1708 2358 verbis,

340 2437 385 2473 ιε)
406 2437 438 2473 S.
459 2436 488 2465 4.
528 2433 644 2464 Tribus
663 2433 713 2462 his
735 2433 814 2463 locis
835 2432 913 2462 nihil
932 2435 1086 2462 mutatum
1106 2434 1146 2462 ab
1168 2434 1350 2464 editoribus,

338 2485 408 2520 Ξε-κε)
429 2485 461 2520 S.
481 2485 510 2513 2.
530 2483 597 2512 init.

338 2533 433 2569 *ze-rs)
453 2532 520 2561 init.
541 2529 657 2560 Mureti
677 2530 926 2559 emendationem
947 2531 1058 2565 probat
1081 2531 1259 2560 Scuutziusi.

337 2583 383 2621 †)
403 2588 472 2615 cap.
494 2581 522 2608 2.
545 2580 577 2614 ὅ.
600 2579 650 2612 1⁰.
689 2578 894 2607 scribendum
914 2580 1033 2607 mutato
1056 2580 1224 2608 verborum
1243 2578 1370 2607 ordine:
1392 2580 1496 2608 dicere
1514 2581 1632 2617 solere,
1654 2584 1706 2617 qui

261 2621 442 2649 Panaetium
461 2618 613 2646 audierat.
653 2616 776 2644 Deinde
795 2617 913 2650 legitur
940 2617 992 2651 qui
1015 2618 1114 2644 Coae
1140 2618 1275 2645 Veneris.
1315 2618 1350 2644 ln
1370 2625 1456 2652 seqq.
1479 2618 1618 2647 menius
1645 2627 1706 2648 ex-

258 2660 362 2688 hibet:
393 2660 421 2686 sz'
439 2664 493 2690 ea,
522 2662 600 2690 quae
619 2655 786 2682 Panaetius
804 2655 1062 2688 praetermisisset
1081 2655 1110 2682 et
1128 2661 1191 2682 non
1208 2653 1406 2688 perfecisset,
1436 2657 1566 2688 propter
1586 2664 1702 2691 eorum,

259 2705 338 2731 quae
356 2693 618 2730 perfecisset,
641 2693 862 2726 praestantium
882 2692 1030 2720 neminem
1051 2691 1159 2728 [esse]
1177 2693 1435 2726 persecutum.
1472 2693 1577 2722 Verba
1597 2696 1624 2722 et
1641 2700 1704 2723 non

254 2734 441 2769 perfecisset
459 2730 551 2766 pauci
572 2731 669 2759 codd.
691 2729 848 2759 omittunt.

332 2779 406 2819 ††}
427 2786 495 2812 cau.
516 2778 545 2806 4.
566 2778 598 2813 S.
621 2778 668 2806 19.
707 2777 816 2815 Lectio
837 2776 996 2806 Muretina
1020 2781 1147 2812 recepta
1176 2780 1224 2805 est
1253 2783 1272 2806 a
1293 2777 1494 2813 Geruli-ardo,
1526 2778 1640 2807 Beiero
1671 2781 1701 2808 et

254 2819 391 2856 orellio,
414 2818 542 2852 praeter
563 2815 686 2844 unicam
706 2817 854 2844 voculam
872 2816 977 2852 ἐρέτην,
999 2816 1089 2844 cuins
1109 2817 1180 2843 loco
1201 2822 1276 2850 erqo
1296 2822 1379 2845 nuuc
1398 2817 1523 2850 iegitur.

327 2863 428 2904 †††)
447 2863 601 2894 Lambini.
643 2863 758 2893 usone.
