1778 3096
188 1962 252 1992 379

280 121 363 164 362
842 122 973 163 VAR.
1003 121 1158 162 LECT.

280 235 427 272 dulcem
469 234 680 271 amm-illem
721 233 825 270 euris
855 234 1014 271 misceri
1050 233 1116 271 ait.
1176 233 1308 285 Neque
1338 248 1428 274 vero
1464 242 1528 272 aut
1557 233 1725 274 detracta

277 289 451 328 molestia
481 288 698 325 necessario
728 288 765 324 in
794 287 914 326 locum
947 288 1045 325 illius
1075 287 1173 327 subit
1201 290 1394 341 voluptas,
1434 297 1497 328 aut
1521 289 1724 329 detractam

277 345 503 394 voluptatem
533 343 655 380 statim
687 345 929 394 consequitur
957 343 1078 382 dolor.
1123 343 1254 382 Media
1277 347 1374 383 enim
1402 347 1500 383 inter
1529 352 1724 397 utrumque

278 399 485 438 indolentia
520 404 602 435 est:
650 398 722 435 etsi
756 411 838 436 eam
876 398 1064 449 Epicurus
1101 412 1174 436 non
1215 400 1437 451 voluptatem
1477 400 1608 447 modo,
1656 400 1725 438 sed

278 466 455 492 sumniam
487 453 710 503 voluptatem
742 466 828 492 esse
858 453 1020 492 dicebat.
1080 453 1239 492 Multum
1274 462 1395 494 tamen
1432 456 1530 494 inter
1557 456 1724 506 volupta-

276 517 350 547 tem
393 515 432 547 et
470 507 611 546 doloris
645 510 868 547 vacuitatem
904 510 1117 555 interesse,
1160 517 1198 547 et
1226 509 1363 549 Cicero
1383 512 1432 560 ἣ
1472 511 1594 549 multis
1629 511 1722 548 locis

278 563 403 612 docet,
435 570 472 602 et
492 563 615 602 multis
643 571 730 603 ante
756 576 840 603 eum
861 565 1024 603 saeculis
1055 566 1093 603 iu
1115 564 1276 604 Philebo
1290 563 1363 619 *ἢ
1394 565 1574 606 docuerat
1594 565 1721 606 Plato.

798 673 1086 714 CAPUT
1147 675 1204 714 11.

460 742 655 781 Animalia
684 742 723 779 in
752 741 841 791 igne
871 743 1066 793 degentia.
1125 743 1272 781 Plinius
1299 742 1548 793 corrigitur.'

276 808 389 868 CUM
422 830 526 867 varia
566 830 777 868 animalium
809 843 950 881 genera
981 828 1111 876 caelo,
1156 837 1258 867 terra
1291 831 1480 882 marique,
1521 837 1561 868 ut
1589 831 1723 880 poetae

275 885 377 937 loqui
406 885 552 931 solent,
595 893 819 932 nascantur,
862 887 962 923 solus
1002 886 1100 936 ignis
1141 886 1279 923 nullum
1320 899 1367 923 ex
1398 899 1438 924 se
1469 886 1603 924 animal
1636 898 1723 935 pro·

276 952 411 979 creare
442 939 600 978 dieitur:
642 941 801 993 ideoque
831 949 1006 986 veteres,
1045 954 1126 978 eum
1154 940 1299 980 Vestae
1330 942 1478 979 nomine
1510 942 1633 990 ignem
1665 941 1722 977 in-

275 997 519 1046 telligerent,
551 1003 589 1034 et
617 997 734 1047 ipsam
763 998 947 1049 virginem
972 997 1160 1044 fecerunt,
1192 1003 1230 1035 et
1258 996 1295 1035 ei
1323 998 1492 1048 virgines
1521 1007 1723 1035 consecra-

275 1058 378 1090 runt.
441 1049 601 1089 Ovidius
616 1049 744 1106 *azam

385 1119 465 1158 Nec
494 1124 534 1156 tu
563 1119 672 1157 aliud
700 1121 852 1158 Vestam
881 1132 991 1173 quam
1017 1131 1154 1170 puram
1184 1119 1356 1168 zntellege
1371 1118 1584 1172 flammam,

441 1175 620 1225 Nataque
653 1175 700 1212 de
717 1176 880 1228 flamma
909 1187 1071 1226 corpora
1099 1175 1206 1212 nulla.
1235 1175 1352 1212 vides.

275 1238 507 1278 Aristoteles
531 1247 655 1277 tamen
680 1240 774 1277 libro
796 1241 923 1291 quinto
954 1239 1000 1278 de
1020 1240 1178 1278 historia
1203 1240 1414 1277 animalium
1433 1237 1485 1291 †)
1516 1238 1554 1276 in
1576 1236 1720 1289 Cypro,

276 1295 340 1332 uhi
370 1295 462 1345 lapis
501 1294 680 1332 chalcites
709 1296 952 1346 excoquitur,
993 1295 1029 1332 in
1060 1294 1181 1332 medio
1212 1296 1300 1345 igne
1330 1295 1509 1332 bestiolas
1545 1292 1722 1344 quasdam

277 1350 395 1388 alatas
424 1350 527 1387 nasei
559 1350 628 1395 ait,
652 1363 746 1400 quae
777 1364 844 1401 per
875 1351 998 1400 ignem
1029 1351 1161 1387 saliant
1190 1357 1300 1401 atque
1331 1349 1534 1394 ambulent,
1561 1349 1723 1386 morian-

276 1412 437 1455 turque‚
483 1405 700 1455 simulatque
731 1405 775 1443 ah
813 1406 900 1455 igne
930 1406 1200 1443 abscesserint.
1259 1405 1321 1443 Ad
1353 1418 1417 1442 eas
1455 1405 1625 1455 respexit
1651 1403 1724 1441 Se-

276 1473 373 1497 neca
411 1459 506 1496 libro
551 1460 678 1511 quinto
717 1459 952 1498 Naturalium
994 1460 1261 1506 Quaestionum
1278 1459 1385 1513 ἦῆ),
1436 1460 1489 1497 ita
1525 1459 1720 1496 scribens:

276 1517 399 1564 Ignis,
433 1516 502 1565 qui
524 1516 648 1552 omnia
669 1517 866 1560 consumit,
900 1516 1081 1565 quaedam
1111 1516 1221 1553 eliam
1251 1522 1380 1553 creat.-
1412 1522 1451 1553 et
1478 1515 1578 1564 quod
1603 1515 1728 1552 videri

277 1584 353 1608 non
380 1577 507 1621 potest
532 1571 652 1608 simile
678 1571 780 1616 veri,
813 1571 880 1608 sed
906 1578 1031 1608 tamen
1061 1583 1187 1607 verum
1216 1577 1293 1616 est,
1333 1571 1512 1608 animalia
1541 1570 1631 1619 igne
1656 1583 1724 1619 ge-

277 1632 481 1664 nerantur.
541 1624 686 1662 Plinius
715 1632 838 1663 autem
872 1625 967 1662 libro
998 1623 1194 1662 undecimo
1210 1624 1325 1677 †††)
1359 1624 1577 1662 Aristotelis
1607 1624 1725 1663 verba

275 1693 395 1732 prope
421 1682 503 1731 ipsa
533 1681 802 1732 interpretatus
831 1688 890 1719 est
915 1680 984 1718 hoe
1013 1679 1144 1717 modo:
1187 1683 1316 1730 Gignil
1343 1681 1473 1731 aliqua
1503 1686 1543 1718 et
1571 1686 1723 1718 contra-

276 1738 377 1774 rium
406 1743 570 1774 natm-ae
600 1737 832 1774 elementum.
893 1738 942 1775 Sc·
963 1737 1109 1787 quidem
1137 1737 1175 1773 in
1210 1737 1330 1786 Cypri
1356 1736 1520 1773 aerariis
1544 1734 1725 1786 fornaci-

280 1791 349 1829 bus
379 1806 428 1829 ex·
456 1793 575 1829 medio
604 1793 690 1841 igni
716 1793 877 1829 maiores
908 1804 1057 1829 muscae
1093 1792 1362 1841 magnitudines
1389 1792 1492 1828 volat
1517 1797 1725 1841 pennatum

279 1848 517 1898 quadrupes.-
559 1848 775 1899 appellatur
809 1848 990 1898 pyrales,
1030 1860 1053 1884 a
1084 1848 1304 1898 quibusdam
1339 1852 1543 1897 pyrausta.
1608 1848 1725 1896 ‚Quam

280 1903 345 1939 diu
377 1909 434 1940 est
464 1904 502 1940 in
532 1904 641 1952 igne,
682 1904 794 1941 vivit:
837 1916 918 1941 eum
947 1903 1067 1940 evasit
1097 1904 1266 1952 longiore
1294 1903 1412 1952 paulo
1441 1903 1591 1947 volatu,
1628 1914 1726 1938 emo-

279 1959 396 1995 ritur.
457 1957 571 1995 Plinii
600 1957 713 1996 verba
746 1958 880 1995 leviter
908 1956 1109 2007 depravata
1138 1970 1223 1995 esse
1254 1963 1423 2003 constat,
1455 1956 1726 2007 legendumque

279 2019 344 2049 aut
372 2014 526 2050 maioris
552 2026 681 2051 musea
707 2014 993 2063 magnitudines,
1015 2020 1078 2050 aut
1097 2014 1252 2051 maioris
1278 2025 1426 2050 muscae
1451 2013 1721 2062 magnitudine.

280 2066 511 2106 Aristoteles
535 2069 633 2107 enim
657 2069 725 2115 ait,
750 2068 874 2122 θηρία
901 2071 978 2108 τῶν
1000 2065 1171 2122 μεγάλων
1198 2070 1323 2120 μυιῶν
1344 2063 1482 2122 μικρόν
1500 2082 1536 2108 τι
1560 2066 1724 2119 μείζονα.

786 2177 818 2216 C
849 2177 886 2216 A
916 2179 948 2217 P
975 2179 1011 2218 U
1039 2180 1075 2218 T
1129 2177 1215 2218 III.

535 2244 707 2283 Terentii
729 2245 904 2296 Adelplu'
928 2246 1019 2284 locis
1048 2246 1196 2296 aliquot
1221 2245 1475 2295 castigantur.

279 2311 631 2370 REPUERASCERE
661 2346 721 2371 me
751 2333 852 2384 cogit
881 2345 985 2370 amor
1013 2333 1051 2370 in
1081 2346 1200 2370 meos.
1244 2332 1373 2383 Itaque
1396 2332 1457 2383 qui
1485 2332 1557 2369 iam
1582 2329 1727 2382 pridem

282 2394 321 2425 et
354 2387 568 2426 comoedias
608 2395 646 2427 et
675 2396 801 2427 cetera
841 2387 985 2426 ludicra
1028 2401 1248 2439 posueram,
1290 2395 1331 2426 ut
1357 2389 1532 2439 graviora
1570 2394 1609 2425 et
1641 2387 1728 2425 huic

355 2487 400 2522 δῖε)
422 2488 460 2515 cle
482 2488 549 2515 Fin.
569 2487 623 2515 lib.
645 2488 685 2516 11.
707 2493 775 2521 cap.
796 2485 826 2515 9.
847 2484 879 2521 S.
900 2485 952 2514 28.
971 2485 1012 2515 ib.
1033 2493 1101 2521 cap.
1122 2488 1142 2515 3
1160 2494 1209 2522 sq.

357 2535 427 2570 εῑεεῑε)
450 2543 520 2570 pag.
541 2535 592 2564 44.
613 2537 650 2564 B.
672 2537 717 2563 st.
738 2537 836 2569 atque
857 2533 982 2562 omnino
1004 2534 1035 2562 in
1056 2538 1209 2564 extremo.

355 2583 449 2619 -ῑὶε-εῖεεῑε)
473 2586 560 2611 Fast.
581 2584 634 2611 VI.
654 2583 728 2613 291.
767 2584 804 2613 In
824 2581 968 2612 omnibus
988 2580 1055 2611 fere
1076 2583 1167 2614 editt.
1188 2591 1206 2613 e
1225 2582 1316 2614 libris
1335 2590 1418 2614 nunc
1436 2583 1612 2620 receptum:
1640 2588 1730 2619 quam

280 2623 345 2651 viv
357 2629 413 2650 am
432 2623 486 2650 int.
505 2623 667 2656 flammam.

358 2668 405 2707 ἡ)
426 2676 496 2704 cap.
518 2669 569 2699 19.

283 2716 433 2785 ‚,am{{7{l)
454 2724 523 2754 ⁰³9·
542 2718 573 2748 6·
600 2717 654 2747 ubi
673 2717 870 2753 Ruhkopfius
897 2724 969 2747 cum
999 2716 1144 2747 omnibus
1165 2718 1263 2748 codd.
1291 2718 1377 2748 recte
1396 2717 1540 2755 qenermi
1562 2723 1620 2753 pro
1639 2721 1732 2753 yene-

285 2840 293 2846 ,
341 2800 460 2846 ,†††)
492 2809 563 2838 cap.
583 2803 636 2833 36-
656 2805 734 2832 sect·
754 2803 805 2832 42-
833 2803 867 2838 §-
888 2802 959 2846 419.
998 2802 1045 2833 lbi
1073 2802 1220 2838 Silligius
1245 2803 1338 2840 legit:
1366 2803 1548 2839 fornacibus
1574 2805 1610 2835 ει
1633 2804 1732 2833 meato

284 2847 348 2876 ayne
368 2842 541 2871 viatoris
560 2848 684 2871 muscae
703 2842 919 2878 magnitudines
939 2862 947 2871 .
960 2862 984 2872 ..
1005 2842 1176 2878 pyralis.
