1726 3106
138 2030 155 2058 to

160 2029 178 2057 (ἦ

195 150 213 192 1
224 148 274 190 16
753 144 881 186 VAR.
915 145 1069 185 LECT.

195 257 305 308 Quod
350 259 486 297 utinam
527 256 689 294 venisset
722 256 758 293 in
796 263 955 294 mentem
989 255 1123 306 priscis
1170 255 1244 292 illis
1284 253 1408 293 Latini
1448 254 1632 292 sermonis

196 315 434 359 auctoribus,
468 319 530 349 aut
558 312 629 348 hoe
660 311 740 362 ipso
768 312 849 358 uti,
880 319 943 349 aut
974 310 1073 348 aliud
1102 310 1207 348 nobis
1237 324 1307 361 quo
1338 317 1528 348 uteremur
1558 317 1634 346 tra·

198 370 310 408 dere:
355 368 535 418 simulque
571 366 643 403 alia
679 380 783 417 quam
815 367 971 417 plurima
999 364 1228 416 procudere,
1266 379 1418 416 quorum
1450 378 1520 415 ope
1552 364 1634 415 phi-

196 425 366 475 losophia
399 423 544 459 Latinis
582 422 716 459 litteris
754 423 931 472 explicari
963 419 1152 458 commode
1182 428 1324 471 posset.
1386 420 1636 457 Praestiterat

195 478 332 530 aliquid
375 477 592 527 diligentiae
637 478 717 515 sine
764 477 849 515 suco
891 484 929 514 et
967 477 1047 513 sine
1087 489 1216 526 pompa
1255 476 1429 513 conferre
1466 474 1512 512 ad
1552 487 1636 512 cam

196 548 303 581 rem,
342 546 447 584 quam
484 532 612 569 stultos
652 532 737 571 illos
775 546 846 569 non
889 530 997 569 modo
1035 537 1120 568 ante
1160 531 1378 576 victoriam,
1418 530 1483 568 sed
1518 542 1635 580 prope

195 597 280 627 ante
312 602 468 639 pugnam
503 600 663 637 paeanas
694 600 853 626 canere:
885 594 924 625 et
952 594 1024 624 tam
1055 599 1167 636 saepe
1196 586 1350 636 gloriari
1382 598 1425 623 ac
1456 586 1634 630 clamare,

197 646 331 683 victam
371 658 392 681 a
423 656 463 681 se
493 644 603 680 etiam
633 642 829 680 verborum
861 645 968 693 copia
999 641 1220 678 Graeciam:
1266 641 1372 678 cuius
1401 641 1472 691 ipsi
1501 641 1636 677 lautam

198 701 293 737 illam
335 712 378 737 ac
417 699 605 749 copiosam
646 698 914 747 supellectilem
954 710 1026 734 non
1066 696 1173 733 modo
1207 694 1441 747 adaequare,
1484 694 1550 732 sed
1590 706 1638 732 ne

197 755 441 805 contemplari
472 753 616 804 quidem
648 753 738 790 satis
765 760 874 803 atque
902 752 1090 803 inspicere
1122 752 1342 802 potuissent.
1403 749 1476 788 Sed
1510 749 1638 801 prose-

197 818 257 848 cto
293 811 344 847 ita
381 816 462 855 est,
506 815 544 845 ut
573 807 720 853 dicam3
761 808 849 845 nulli
882 820 1061 857 unquam,
1103 807 1166 856 qui
1203 819 1264 843 res
1291 806 1532 856 ignorarent,
1573 818 1639 842 no-

197 865 321 910 mina,
352 865 482 916 quibus
511 876 575 900 eas
605 863 883 913 exprimerent,
914 863 1178 913 quaesierunt,
1209 861 1309 899 beati
1334 867 1455 898 autem
1486 861 1565 905 illi,
1598 866 1636 898 et

197 921 386 970 opulenti,
428 926 463 957 et
495 918 654 955 omnium
686 918 848 967 gentium
876 918 1038 954 victores
1068 917 1226 954 Romani
1258 917 1294 953 in
1322 914 1492 966 petendis
1523 915 1639 952 hono-

198 976 319 1021 ribus,
351 983 386 1012 et
416 975 452 1011 in
483 972 702 1024 prensandis
735 972 893 1017 civibus,
926 979 963 1010 et
991 973 1025 1009 in
1058 972 1198 1010 exteris
1212 970 1259 1022 ³²¹⁶)
1287 971 1500 1008 nationibus
1523 970 1639 1007 verbo

197 1028 485 1081 componendis,
518 1041 559 1065 re
590 1026 833 1078 compilandis
866 1028 1053 1077 occupati,
1087 1025 1371 1077 philosophandi
1401 1038 1525 1062 euram
1557 1037 1640 1063 ser—

196 1087 254 1124 vis
289 1092 352 1122 aut
381 1083 524 1122 libertis
552 1084 629 1120 suis
659 1090 696 1120 et
724 1083 921 1120 Graeculis
952 1082 1202 1121 esurientibus
1234 1080 1518 1132 relinquebantg.
1550 1079 1638 1131 ipsi,

199 1139 297 1192 quod
331 1139 377 1177 ab
408 1139 591 1184 avaritia,
635 1137 732 1190 quod
763 1138 808 1175 ab
836 1137 1062 1184 ambitione,
1095 1137 1191 1188 quod
1222 1149 1243 1174 a
1272 1135 1519 1186 voluptatibus
1548 1135 1638 1172 reli-

198 1209 308 1246 quum
348 1202 429 1233 erat
464 1194 672 1245 temporis,
713 1194 793 1231 eius
825 1194 856 1231 si
889 1200 1030 1244 partem
1060 1193 1218 1243 aliquam
1249 1197 1311 1228 aut
1339 1189 1386 1228 ad
1416 1188 1639 1228 audiendum

198 1252 385 1288 Graecum
418 1250 624 1300 quempiam
654 1248 934 1299 philosophum,
976 1255 1040 1285 aut
1070 1247 1116 1285 ad
1146 1247 1304 1296 aliquem
1335 1244 1380 1282 (16
1406 1243 1640 1296 philosophia

198 1306 357 1343 libellum
389 1306 448 1342 vel
477 1303 696 1354 legendum,
741 1303 801 1340 vel
833 1302 1065 1340 scribendum
1097 1303 1370 1345 contulissent,
1417 1300 1489 1336 iam
1523 1311 1563 1336 se
1593 1297 1640 1336 ad

198 1360 421 1399 cruditionis
457 1360 602 1396 culmen
642 1359 886 1408 pervenisse,
926 1359 995 1394 iam
1033 1358 1167 1395 victam
1207 1370 1228 1393 a
1267 1368 1308 1392 se
1338 1362 1377 1392 et
1404 1355 1638 1406 profligatam

198 1417 324 1453 iacere
362 1414 560 1452 Graeciam
610 1413 857 1450 somniabant.
932 1411 1007 1450 Sed
1047 1425 1114 1449 nos
1154 1412 1209 1450 eis
1247 1410 1396 1448 omissis
1440 1421 1639 1461 pergamus

198 1470 237 1507 id
274 1470 430 1520 exequi,
478 1468 523 1506 de
561 1481 631 1519 quo
672 1467 799 1505 dicere
836 1468 1130 1505 institueramus.
1197 1464 1270 1503 Est
1306 1465 1421 1515 igitur
1458 1463 1639 1514 quaedam

199 1524 424 1564 διδασκαλία
463 1538 502 1562 τε
539 1521 605 1562 καὶ
641 1519 811 1574 μάθησις
850 1519 1096 1573 διανοητικήε
1144 1519 1348 1572 quaedam,
1392 1518 1429 1556 in
1469 1532 1540 1570 qua
1571 1520 1641 1570 τῆς

199 1580 372 1626 διανοίας
410 1579 545 1616 nullum
588 1591 740 1622 munuS,
781 1577 916 1615 nullum
953 1577 1111 1614 officium
1150 1582 1221 1613 est.
1290 1573 1352 1612 Ad
1382 1572 1478 1611 hanc
1507 1573 1642 1611 nullius

199 1637 258 1674 rei
296 1635 511 1672 necessaria
548 1639 606 1670 est
646 1633 853 1682 praenotio.
921 1631 989 1669 llla
1029 1631 1157 1682 perfici
1187 1631 1259 1667 nisi
1289 1636 1488 1680 antecepta
1518 1629 1642 1679 aliqua

202 1697 241 1728 et
270 1697 490 1740 antegressa
529 1688 678 1725 notione
709 1702 782 1724 non
809 1693 947 1738 potest.
1006 1686 1040 1724 E
1072 1686 1259 1737 perceptis
1291 1685 1389 1722 enim
1420 1684 1640 1735 quibusdam

201 1753 239 1783 et
269 1745 429 1796 cognitis
458 1744 570 1781 rebus
602 1750 793 1781 moveatur
819 1739 846 1794 ἡ
876 1738 1049 1791 διάνοια,
1080 1754 1238 1779 necesse
1268 1747 1348 1777 est:
1380 1745 1418 1776 et
1447 1752 1494 1777 ex
1522 1740 1568 1777 iis
1593 1738 1641 1777 ad

202 1801 299 1847 alia,
330 1812 425 1851 quae
456 1798 614 1836 nondum
645 1799 755 1835 etiam
785 1799 932 1848 cognita
964 1805 1064 1842 sunt,
1095 1798 1250 1834 feratur.
1310 1794 1434 1846 Atque
1464 1793 1502 1832 id
1532 1807 1642 1832 caus—

202 1869 266 1893 sae
294 1863 374 1901 est,
407 1868 473 1892 cur
502 1867 664 1891 summus
696 1854 899 1903 magister,
932 1852 1182 1898 Aristoteles,
1210 1851 1394 1902 principio
1422 1849 1508 1888 libri
1538 1850 1642 1888 tertii

202 1911 488 1962 Analyticorum
506 1909 580 1959 ἢ)
611 1909 834 1960 scripserit,
861 1921 1007 1946 omnem
1038 1907 1298 1955 διδασκαλίαν,
1330 1912 1368 1944 et
1397 1917 1541 1943 omnem
1572 1901 1641 1956 μά-

203 1970 346 2017 θησιν,
385 1977 478 2015 quae
507 1963 654 2015 quidem
685 1965 733 2001 sit
762 1961 1004 2014 διανοητική,
1041 1963 1137 2001 effici
1174 1969 1211 2000 et
1238 1962 1404 2000 existere
1432 1973 1480 1998 ex
1509 1960 1641 1998 antici-

206 2028 290 2072 pata
327 2021 493 2058 notione.
559 2020 685 2069 Atque
722 2018 759 2056 id
798 2020 835 2056 in
873 2019 1092 2057 Geometria
1122 2018 1335 2067 ceterisque
1371 2015 1641 2053 mathematicis

205 2076 383 2114 facillime
413 2074 577 2125 perspici
614 2080 750 2124 potest.
823 2073 972 2111 Etenim
1011 2086 1143 2124 quem,
1180 2085 1346 2122 quaeso,
1388 2069 1555 2108 ordinem
1586 2077 1641 2107 te-

206 2138 320 2177 nent,
353 2131 415 2181 qni
444 2143 508 2167 eas
536 2128 700 2166 docent?
728 2142 812 2166 num
845 2136 1036 2179 acceptum
1067 2127 1269 2165 auditorem
1303 2126 1496 2163 confestim
1526 2124 1640 2163 dedu-

205 2193 295 2224 cunt
329 2187 375 2223 ad
407 2197 474 2231 ea,
525 2184 561 2221 in
601 2183 731 2235 quibus
765 2184 799 2221 vi
832 2191 869 2220 et
902 2184 1076 2220 facultate
1116 2185 1183 2233 τῆς
1219 2181 1394 2227 διανοίας
1428 2193 1519 2231 opus
1556 2179 1640 2217 est‘?

206 2241 366 2280 Minime
392 2253 506 2278 vero:
533 2238 600 2277 sed
634 2239 790 2289 primum
821 2237 971 2276 tradunt
999 2238 1209 2282 finitiones,
1244 2235 1451 2287 postulata,
1479 2248 1641 2272 commu-

207 2310 275 2335 nes
313 2296 541 2334 sententias:
583 2307 677 2345 quae
711 2294 834 2331 omnia
870 2294 951 2331 sine
988 2293 1086 2337 ullo,
1130 2299 1167 2329 ut
1205 2292 1256 2329 ita
1293 2291 1434 2337 dicam,
1467 2289 1640 2328 discursu

208 2364 314 2389 mens
363 2347 619 2401 apprehendit.
685 2349 780 2387 Tum
815 2348 958 2386 demum
1000 2349 1151 2386 veniunt
1182 2346 1227 2384 ad
1260 2346 1491 2384 theoremata
1529 2345 1640 2383 etad

208 2407 457 2459 problemata,
493 2406 530 2442 in
568 2404 698 2455 quibus
736 2405 807 2442 iam
836 2400 863 2455 ἡ
884 2401 1036 2443 διάνοια
1065 2402 1228 2455 ἐνεργεῖε
1269 2401 1365 2453 quod
1390 2401 1516 2438 facere
1549 2413 1642 2437 nun-

209 2475 316 2513 quam
350 2466 507 2512 posset,
543 2460 616 2497 nisi
647 2472 742 2506 eae,
784 2472 873 2509 quas
901 2459 1087 2503 diximus,
1127 2458 1297 2495 notiones
1332 2456 1637 2494 antecessissent.

209 2518 370 2568 Semper
410 2516 508 2553 enim
545 2513 682 2564 (dicam
726 2514 899 2560 Graece,
942 2528 1012 2565 quo
1043 2512 1160 2550 dicam
1199 2511 1349 2560 melius)
1386 2514 1432 2566 τῇ
1465 2514 1533 2561 τῆς
1563 2511 1642 2549 δια-

208 2572 317 2619 νοίας
344 2570 509 2624 ἐνεργείᾳ
539 2567 565 2621 ἢ
598 2572 713 2618 νοῦς,
745 2566 771 2620 ἢ
804 2569 986 2620 αἴσθησις
1010 2572 1240 2621 προηγεῖται.
1296 2566 1430 2617 Neque
1450 2580 1519 2603 non
1543 2564 1639 2603 idem

209 2629 246 2665 in
280 2628 417 2666 ceteris
444 2625 585 2663 artibus
614 2625 696 2662 fieri
726 2623 907 2663 videmus.
977 2624 1174 2675 Etiamque
1209 2630 1283 2659 tum
1316 2623 1377 2674 qui
1407 2622 1637 2672 syllogismo,

208 2690 283 2721 tum
316 2683 377 2733 qui
405 2680 619 2720 inductione
650 2679 697 2718 ad
720 2679 859 2731 aliquid
892 2679 1120 2732 probandum
1146 2685 1322 2725 utuntur,
1360 2676 1515 2715 eandem
1544 2676 1640 2714 viam

284 2816 328 2851 *J
348 2816 484 2845 tvolsius
504 2814 662 2849 externis,
684 2814 748 2844 vid.
769 2812 981 2843 Doederlinus
1000 2814 1071 2842 Lat.
1092 2815 1209 2848 synon.
1230 2813 1316 2840 Tom.
1338 2810 1391 2840 lV.
1411 2816 1483 2846 pag.
1504 2809 1575 2838 385.

285 2863 354 2898 *³⁴0
373 2864 506 2898 Analyt.
528 2862 694 2898 posterior.
714 2862 768 2893 lib.
788 2865 812 2892 1.
831 2869 901 2899 cap.
922 2863 949 2892 1.
971 2861 1037 2891 init.
