1726 3106
543 127 648 168 LIB.
661 157 662 160 ,
675 129 746 171 IX.
804 127 921 169 CAP.
952 129 1065 171 VIII.
1451 129 1530 173 197

195 237 387 278 Scriberis
418 238 537 277 Vario
551 238 677 290 sortis
711 246 751 278 et
775 240 936 278 hostium

196 296 328 332 Victor
355 295 528 332 Maeonia·
557 296 738 333 carminis
766 296 873 340 alite,

197 351 279 399 ριια
306 361 385 386 rem
415 361 570 399 cumque
588 349 712 401 ferox·
739 349 896 388 navibus
929 355 1000 388 aut
1024 350 1129 401 equis

247 405 359 442 IVIz'les
388 410 424 442 te
451 405 545 441 duee
568 406 746 454 gesserit.

80 477 190 524 Non,
221 485 262 517 ut
289 480 329 518 in
358 480 540 531 vulgatis,
570 482 687 531 Quam
716 494 794 519 rem
824 493 994 531 cumque.
1053 479 1185 531 anue
1215 480 1403 531 scriptura
1430 479 1521 518 mihi

79 535 208 573 verior
237 548 281 572 ac
311 535 500 573 sincerior
531 536 700 582 videtur,
742 543 782 574 ut
809 535 880 574 hoe
910 535 1033 582 dieat,
1075 535 1316 587 Quacumque
1346 536 1382 573 in
1413 542 1521 586 parte

78 595 264 627 terrarum
291 591 396 628 miles
424 591 617 643 Agrippae
647 591 758 630 ductu
796 604 873 629 rem
903 591 1091 642 gesserit,
1133 590 1168 628 id
1197 598 1255 628 est
1292 604 1373 628 cum
1402 590 1520 628 hosti-

77 643 147 681 hus
174 646 298 696 populi
324 645 374 684 R.
407 647 618 684 conflixerit
647 658 784 697 eosque
823 645 964 684 fuderit
994 659 1037 684 ac
1067 647 1225 696 fregerit
1261 647 1520 696 insignemque

77 699 234 750 aliquam
274 701 468 739 victoriam
508 715 556 740 ex
589 703 645 739 eis
685 702 879 748 retulerit,
918 702 1077 740 Varium
1114 714 1161 739 ea
1189 702 1313 738 omnia
1348 701 1519 740 versibus

76 755 154 791 suis
194 755 482 794 celebraturum.
558 757 644 795 Hoc
689 757 788 795 enim
826 756 1001 795 dicebant
1043 770 1122 796 rem
1170 769 1323 808 gerere.
1389 755 1443 794 Ut
1481 756 1518 793 in

76 810 237 861 epistola
265 810 312 849 ad
339 811 550 863 Augustum
565 811 635 865 ἦε

185 890 275 927 Rem
300 902 441 939 gerere
470 896 508 928 et
535 896 665 940 captos
693 890 890 929 ostendere
917 889 1061 930 civibus
1089 889 1232 937 hostes,

184 945 361 994 Attmget
386 946 518 983 solium
547 947 660 984 lovis.

73 1017 127 1057 Et
156 1032 275 1059 senex
301 1022 554 1060 Terentianus
571 1020 670 1070 *2⁴52

181 1100 226 1138 Ite
256 1100 338 1149 ipsa
375 1099 487 1137 turba
517 1106 630 1150 atque
659 1099 697 1136 2⁶12
724 1105 881 1150 peceato
911 1111 1087 1137 maxumo

186 1154 295 1204 Quod
321 1155 386 1192 vein
413 1155 584 1193 sedatum
613 1155 710 1192 satis
740 1161 816 1201 est,
843 1156 1032 1206 potastis,
1062 1154 1205 1200 scelus,

187 1209 309 1258 Quasi
334 1222 377 1247 re
406 1209 498 1247 bene
523 1216 648 1259 gesta.

71 1283 124 1324 Et
152 1284 190 1322 in
222 1284 350 1322 Fastis
379 1284 600 1336 Capitolinis
613 1282 714 1337 ***)
746 1291 819 1323 tam
851 1297 965 1336 saepe
994 1284 1133 1335 legitur
1162 1284 1321 1335 aliquem
1351 1289 1519 1322 creatum

73 1353 158 1379 esse
200 1339 417 1378 dictatorem
455 1342 517 1379 rei
547 1342 746 1390 gerundae
782 1353 932 1380 caussa.
1005 1340 1059 1378 At
1103 1341 1174 1378 hoc
1212 1340 1386 1377 fortassis
1433 1339 1518 1377 leve

72 1396 186 1434 alicui
217 1395 418 1434 videbitur.
469 1394 615 1433 Addam
646 1396 763 1446 igitur
792 1395 891 1434 aliud
922 1395 1048 1434 itidem
1078 1396 1183 1434 leve:
1216 1396 1247 1432 si
1279 1395 1392 1440 forte,
1424 1406 1519 1444 quac

72 1451 219 1501 singula
258 1464 385 1502 parum
418 1450 553 1488 habent
584 1450 781 1501 ponderis,
822 1452 1019 1489 coniuncta
1051 1465 1095 1489 ac
1124 1450 1345 1501 conglobata
1381 1448 1519 1499 aliquid

72 1505 270 1557 adquirant
298 1505 344 1544 ad
381 1506 523 1544 lancem
554 1504 849 1556 deprimendam.
909 1507 951 1544 In
981 1505 1208 1558 explicandis
1247 1507 1362 1556 igitur
1388 1504 1519 1555 primis

71 1561 246 1600 versibus
288 1560 380 1599 odes
410 1561 532 1606 illius,
576 1573 645 1611 qua
676 1560 870 1608 Quinctilii
909 1575 1009 1599 mors
1045 1561 1204 1600 defletur
1219 1560 1294 1613 †)‚
1335 1560 1517 1598 dissentio

71 1617 119 1655 ab
157 1616 327 1653 omnibus
366 1623 404 1653 et
441 1615 596 1653 vetustis
636 1622 673 1653 et
713 1617 1012 1663 recentioribus,
1057 1625 1093 1654 et
1129 1615 1219 1654 illud
1261 1618 1375 1666 Quis,
1419 1613 1518 1665 quod

70 1672 256 1724 principio
296 1672 453 1722 positum
483 1678 561 1716 est,
603 1670 699 1708 sexti
727 1684 844 1718 casus„
874 1673 1094 1721 posterioris
1130 1672 1274 1709 numeri
1303 1683 1388 1709 esse
1417 1670 1518 1707 arbi-

70 1735 167 1766 tror.
227 1726 362 1777 Neque
401 1724 641 1764 referendum
683 1724 730 1763 ad
766 1726 828 1764 illa
859 1727 1007 1765 nomina
1031 1728 1158 1778 pudor
1187 1733 1225 1764 et
1254 1727 1407 1771 modus,
1450 1723 1518 1762 sed

71 1782 117 1821 ad
147 1794 282 1820 nomen
324 1789 472 1820 cantus.
532 1780 634 1818 Petit
662 1781 783 1827 enim,
825 1788 865 1819 ut
894 1782 983 1819 mihi
1013 1781 1160 1833 quidem
1199 1780 1367 1827 videtur,
1407 1783 1516 1831 poe‘ta

71 1851 94 1876 a
127 1837 392 1888 Melpomene,
437 1844 477 1874 ut
514 1836 585 1873 sibi
622 1837 830 1887 praecipiat
869 1844 999 1874 cantus
1039 1837 1236 1888 lugubreS‚
1281 1837 1413 1886 quibus
1452 1842 1516 1873 aut
1543 1843 1604 1875 207

71 1891 192 1945 pudor
231 1898 293 1930 aut
324 1890 453 1929 modus
487 1891 621 1942 aliquis
652 1891 863 1942 imponatur
892 1891 1082 1930 desiderio
1114 1892 1325 1939 Quinctilii.
1385 1891 1516 1941 Itaque

71 1946 231 1986 delenda
262 1953 320 1984 est
356 1947 419 1984 illa
446 1946 753 1996 interrogationis
786 1954 897 1994 nota,
942 1961 1051 2000 quan-1
1083 1954 1168 2000 post
1204 1960 1340 1986 nomen
1380 1948 1517 1998 capitis

70 2003 211 2057 primus
238 2001 431 2055 Paphlago
461 2003 605 2042 invexit
621 2000 723 2056 ††).

556 2133 842 2175 CAPUT
896 2135 1030 2177 VIII.

372 2211 592 2251 Illum-atus
619 2213 722 2252 loeus
749 2216 920 2253 Senecae
947 2228 997 2253 ez·
1018 2213 1213 2265 Epzlstole's.

71 2290 205 2349 APUD
235 2308 520 2348 disertissimum
550 2309 794 2365 eumdemque
822 2314 1137 2364 sapientissimum
1167 2311 1411 2362 scriptorem,
1444 2309 1514 2348 Se-

72 2378 226 2413 necam,
277 2366 384 2404 euius
418 2366 520 2404 inter
554 2373 701 2406 ceteras
743 2381 904 2407 summas
946 2368 1075 2408 laudes
1116 2367 1213 2406 hanc
1247 2379 1392 2418 quoque
1440 2379 1513 2405 non

72 2498 193 2567 ἱνοιὲί)
212 2501 309 2529 Immo
329 2500 372 2529 ad
389 2500 552 2535 Scaevam,
571 2499 627 2531 lib.
645 2502 670 2531 1.
690 2507 741 2538 ep.
762 2502 812 2533 17.
832 2509 865 2532 v.
884 2502 927 2532 33
942 2508 991 2538 sq.
1028 2501 1094 2532 Sed
1112 2500 1229 2537 legitur
1248 2499 1294 2532 ibi
1311 2501 1378 2530 Res
1395 2481 1515 2538 yerere.

148 2582 217 2618 ³2:055)
238 2583 373 2619 Adelph.
394 2585 433 2614 V.
455 2586 484 2623 ¹,
508 2586 547 2615 12
567 2593 635 2622 sqq.

150 2630 244 2665 {ere-222)
266 2631 335 2660 Vid.
357 2634 464 2667 steph.
485 2634 556 2663 Vin.
578 2634 683 2670 Piguit
709 2636 796 2666 Fast.
814 2634 961 2672 Magistr.
980 2635 1071 2666 Rom.
1099 2634 1132 2664 in
1153 2634 1284 2665 Graevii
1313 2635 1409 2664 Thes.
1435 2633 1516 2666 Ant.

76 2670 166 2701 Rom.
188 2670 276 2697 Tom.
297 2670 350 2698 XL
371 2678 443 2706 pag.
465 2673 526 2700 183
545 2679 593 2707 sq.
632 2675 745 2702 Fausi.

154 2714 200 2755 ἦ)
222 2716 279 2745 Od.
298 2718 323 2745 1.
345 2718 395 2747 24.
433 2720 549 2750 Mureti
568 2720 859 2755 interpretationem
879 2721 1058 2751 reiecerunt
1077 2722 1152 2756 post
1171 2719 1351 2750 Bentleium
1372 2725 1491 2748 omnes,

100 2804 111 2832 t
136 2763 232 2831 utini-31
248 2765 385 2808 Faesius
413 2768 501 2811 tangi
527 2771 618 2803 putat
645 2769 907 2815 Christopnorum
934 2769 1128 2815 Laudinum,
1161 2769 1394 2805 Florentinum,
1426 2768 1517 2797 euius

79 2810 137 2872 ῗιίἑ
157 2806 1397 2882 5501t⁰iiiiiiessf⁰fflssfflffieatiss‘siipiffitaiiif'euiiii’ilssi‘tiissaiff‘ii}
1411 2808 1518 2881 ⁰325-
