1726 3106
122 378 184 407 253

207 144 290 186 242
775 146 903 185 VAR.
937 145 1091 184 LECT.

208 268 280 307 qne
329 256 367 293 in
407 255 565 293 Claudio
583 254 655 308 Ὃς
704 257 776 294 Die
824 258 903 307 ipso
951 257 1105 295 Claudii
1149 262 1187 294 et
1226 254 1470 305 Agrippinae
1505 258 1659 307 nuptia-

208 325 290 349 rum
306 310 384 362 Μ’)
427 313 463 348 in
501 313 663 362 quinque
703 319 740 350 el
783 314 943 361 trz'giuta
985 318 1180 349 senatores
1208 317 1467 360 trecentosque
1496 313 1658 362 amplius

211 368 356 417 equites
382 369 567 404 Romanos
611 373 720 404 tanta
745 365 936 415 facilitate
966 367 1260 412 animadvertit,
1297 373 1339 403 ut
1373 366 1418 402 de
1448 378 1538 403 nece
1567 380 1658 405 eon-

209 423 350 460 sularz’s
387 422 464 458 viri
499 424 738 460 renuntiante
776 423 1015 466 centurione,
1045 420 1197 473 sactum
1239 433 1319 459 esse
1348 421 1449 471 quod
1473 422 1657 471 imperas-

209 483 287 521 set,
325 482 489 526 negaret
530 478 731 527 quidquam
764 491 804 514 se
841 479 1065 528 imperasse.-
1104 477 1345 514 nihilominus
1379 489 1457 512 rem
1487 489 1657 527 compro-

210 531 333 569 haret.
394 531 436 568 In
465 543 510 568 eo
538 539 684 578 autem,
715 531 811 583 quod
843 533 950 582 paulo
982 537 1065 582 post
1095 531 1317 568 subiicitur:
1350 532 1443 568 Eum
1472 533 1657 570 condiclo-

209 599 292 625 nem
327 599 406 623 esse
436 587 672 637 imperandi,
719 595 762 625 ut
789 601 862 625 non
893 589 1006 625 aliter
1035 588 1136 624 ratio
1177 593 1343 631 constet,
1384 599 1494 636 quam
1530 588 1569 624 si
1592 589 1662 626 unz·

209 642 418 679 reddatur.-
451 641 589 680 frustra
617 641 899 696 tentatui·***)
927 656 947 680 a
977 640 1194 692 quibusdam
1225 648 1329 678 vetus
1359 642 1562 692 scriptura,
1594 643 1656 693 qui

210 703 340 748 putant
370 696 502 734 melius
534 698 607 747 legi
640 711 765 749 posse,
798 705 839 735 ul
869 711 941 736 non
973 699 1088 735 aliter
1113 703 1200 734 raca
1230 702 1389 734 constet.
1446 697 1532 734 Hoc
1557 701 1655 736 enim

210 753 301 789 dicit
339 752 518 798 Tacitus,
561 754 741 790 rationem
781 754 960 803 cuiusque
1001 753 1089 789 facti
1128 758 1302 789 constare
1342 763 1414 788 non
1452 765 1586 803 posse,
1624 754 1656 791 si

211 807 406 858 pluribus,
451 814 490 845 ut
519 809 692 854 senatui,
737 807 926 846 reddenda
956 810 1028 845 sit:
1070 820 1220 858 semper
1261 807 1359 845 enim
1391 806 1488 845 idem
1519 808 1655 847 sactum

211 863 306 900 alios
340 862 586 914 probaturos,
624 864 718 902 alios
757 865 1056 913 improbaturos:
1092 876 1200 900 unum
1238 875 1323 900 esse
1353 870 1556 913 oportere,
1594 865 1656 902 cui

212 917 390 956 reddatur
419 920 514 956 ratio
545 926 583 957 et
612 920 718 958 cuius
749 918 887 957 iudicio
917 926 1061 957 stetur:
1095 920 1127 956 si
1158 919 1267 956 aliter
1297 918 1374 963 fiat,
1407 919 1552 969 imperii
1581 920 1655 958 vim

212 974 376 1012 resolvi:
429 981 467 1011 et
516 988 584 1026 pro
627 975 845 1013 monarchia
891 975 1151 1013 aristocratian
1194 972 1376 1025 quandam
1419 981 1482 1010 aut
1517 974 1657 1025 oligar-

211 1029 384 1082 chian†)
422 1032 612 1069 constitui.
673 1030 791 1068 Paulo
821 1030 1000 1083 POSt'l'l‘)
1040 1039 1163 1068 autem
1193 1028 1388 1079 legendum
1426 1036 1539 1079 puto:
1575 1033 1652 1069 La-

211 1087 351 1123 crimas
381 1086 549 1134 gaudio,
587 1093 740 1138 questus
776 1087 994 1124 adulatione
1030 1086 1246 1124 miscebant.
1306 1083 1402 1121 Nam
1445 1084 1515 1122 hoc
1547 1085 1655 1124 modo

212 1147 250 1178 et
285 1141 480 1178 venustior
517 1148 575 1179 est
610 1149 647 1179 et
682 1143 917 1179 numerosius
960 1141 1059 1179 cadit
1095 1142 1228 1178 oratio.
1290 1139 1367 1177 lam
1397 1152 1487 1177 vero
1519 1141 1580 1179 ubi
1607 1141 1654 1179 de

212 1202 437 1233 testamento
467 1195 630 1248 Augusti
654 1198 777 1247 agitur
793 1196 926 1250 ’ᾗῇ-ᾗ),
961 1198 1064 1235 locus
1096 1204 1153 1235 est
1177 1196 1331 1233 mirifice
1359 1204 1571 1247 corruptus,
1604 1197 1652 1235 de

210 1264 282 1302 quo
313 1250 400 1301 quid
430 1252 519 1288 mihi
546 1251 718 1290 videatur
745 1266 942 1303 exponam.
1002 1252 1165 1289 Primum
1198 1252 1312 1301 igitur
1341 1250 1435 1301 quod
1466 1253 1540 1298 ait,
1581 1255 1654 1292 Le-

207 1313 303 1356 gala
333 1320 407 1344 non
439 1308 542 1345 ultra
571 1309 712 1345 civilem
742 1308 912 1353 modum,
961 1308 1050 1345 nihil
1081 1307 1232 1344 omnino
1264 1305 1427 1343 arbitror
1455 1307 1500 1344 ad
1529 1307 1654 1358 legem

210 1361 418 1399 Falcidiam
437 1359 482 1414 ᾖ)
513 1364 726 1413 pertinere:
758 1375 851 1413 quae
879 1376 983 1408 cum,
1016 1371 1052 1400 ut
1080 1370 1203 1399 notum
1236 1368 1316 1406 est,
1359 1375 1405 1399 ne
1434 1364 1470 1400 in
1503 1364 1653 1401 militari

211 1415 358 1468 quidem
390 1425 610 1455 testamento
645 1418 766 1455 locum
798 1418 946 1462 habeat,
978 1418 1090 1455 multo
1121 1419 1240 1454 miuus
1270 1417 1389 1455 locum
1418 1417 1558 1455 habere
1587 1432 1653 1469 po·

210 1473 280 1509 tuit
308 1473 343 1509 in
375 1479 599 1510 testamento
630 1473 895 1522 Imperatoris,
934 1485 1041 1522 quem
1074 1471 1284 1509 huiusmodi
1314 1472 1460 1522 legibus
1491 1474 1653 1512 solutum

210 1539 298 1564 esse
329 1534 496 1564 constat:
530 1540 649 1577 neque
680 1528 749 1564 hoc
776 1526 903 1565 dicere
927 1527 1123 1572 Tacitum,
1163 1541 1236 1564 non
1267 1539 1354 1564 esse
1381 1535 1571 1566 oneratam
1601 1529 1655 1568 le·

209 1583 306 1632 gatis
345 1582 391 1619 ab
418 1582 592 1632 Augusto
632 1581 877 1621 hereditatem
915 1595 1018 1619 suam
1058 1582 1153 1619 ultra
1190 1581 1334 1619 modum
1362 1581 1531 1621 Falcidia
1567 1584 1652 1634 lege

210 1638 505 1688 praescriptum:
552 1636 619 1675 sed
657 1637 777 1687 legata
812 1637 858 1674 ab
887 1650 932 1675 eo
963 1638 1080 1675 fuisse
1110 1635 1253 1675 modica
1284 1644 1323 1675 et
1352 1637 1543 1684 modesta,
1585 1652 1652 1677 ne-

209 1705 280 1742 que
321 1692 543 1730 excedentia
574 1694 745 1730 usitatum
779 1692 1023 1743 locupletibus
1055 1693 1198 1730 civibus
1229 1694 1267 1730 in
1298 1695 1531 1732 testamentis
1561 1707 1651 1732 con-

209 1746 342 1784 dendis
373 1747 533 1787 modum.
594 1747 710 1786 Certe
740 1749 838 1785 enim
867 1750 975 1786 civile
1007 1749 1119 1785 etiam
1149 1749 1183 1785 in
1205 1748 1310 1785 libris
1330 1747 1514 1801 larissae&
1535 1763 1650 1801 saepe

209 1802 372 1848 dicitur,
409 1803 504 1853 quod
536 1803 765 1841 moderatum
794 1810 875 1849 est,
916 1810 953 1841 et
984 1804 1183 1849 usitatum,
1225 1811 1263 1842 et
1292 1803 1536 1842 ordinarium.
1597 1805 1649 1843 Et

207 1859 258 1895 ita
288 1857 379 1896 dixit
401 1858 540 1897 Cicero
555 1858 660 1910 ἢῆ)
691 1861 815 1897 odium
844 1860 951 1897 civile
981 1872 1052 1896 non
1083 1859 1156 1896 ulla
1182 1860 1333 1910 propria
1361 1873 1404 1897 ac
1432 1860 1576 1910 privata
1602 1860 1648 1899 de

208 1926 340 1951 caussa
377 1921 613 1964 susceptum,
655 1913 721 1952 sed
762 1913 859 1965 quod
889 1914 1049 1951 omnium
1079 1913 1258 1953 bonorum
1290 1915 1424 1953 civium
1454 1928 1648 1954 commune

208 1981 293 2006 esse
323 1968 419 2006 solet
447 1968 627 2007 adversus
657 1970 858 2021 improbos.
923 1971 1022 2020 Quid
1048 1971 1144 2008 euim
1175 1972 1316 2009 odisset
1347 1971 1516 2009 Clodium
1532 1973 1644 2018 Milo,

205 2030 369 2073 segetem
413 2037 458 2062 ac
492 2026 688 2063 materiam
726 2038 820 2063 suae
845 2026 1019 2076 gloriae,
1060 2033 1221 2076 praeter
1255 2027 1326 2064 lzoe
1365 2027 1472 2064 civile
1507 2029 1644 2076 odium,

206 2092 278 2129 quo
315 2092 442 2117 omnes
480 2080 667 2130 improbos
705 2081 880 2118 odimus?
926 2079 1068 2118 Peccat
1113 2082 1212 2119 enim
1249 2081 1444 2120 Victorius
1460 2080 1537 2134 †)‚
1582 2083 1644 2134 qui

275 2257 320 2292 ze)
339 2264 408 2292 cap.
429 2256 478 2286 29.

276 2307 345 2341 *ak-J
366 2307 454 2335 Haec
482 2305 581 2333 verba
607 2311 677 2333 cum
698 2304 958 2334 antecedentibus
985 2309 1172 2343 cohaerent;
1202 2309 1242 2337 ab
1270 2308 1336 2338 illis
1356 2316 1434 2338 vero
1454 2311 1491 2338 ln
1511 2311 1641 2345 quinque

200 2345 231 2372 et
248 2345 376 2379 trimma
402 2346 461 2372 cet.
491 2350 608 2372 novum
629 2344 829 2372 enunciatum
849 2343 976 2382 incipit,
1008 2351 1041 2375 ut
1068 2346 1208 2376 ostendit
1227 2347 1356 2382 Lipsius
1384 2349 1426 2379 ad
1446 2349 1548 2377 Taciti
1566 2351 1639 2378 An-

199 2383 264 2412 nal.
284 2383 351 2410 ΧΠ.
372 2382 401 2410 8.
440 2383 552 2410 FAESI.

273 2435 368 2470 {ez-2:³22)
389 2434 460 2464 vid.
483 2435 601 2464 comm.
622 2434 654 2463 in
674 2436 747 2463 Tac.
769 2435 847 2470 Opp.
869 2437 956 2465 Tom.
978 2437 1030 2466 IV.
1052 2444 1122 2473 pag.
1144 2438 1196 2467 40.

196 2524 215 2553 d
273 2485 318 2524 †)
339 2485 458 2550 {tiorum
478 2483 637 2513 nominum
656 2484 741 2520 apud
758 2488 885 2514 veteres
901 2485 1074 2520 scriptores
1092 2488 1254 2516 Romanos
1271 2495 1312 2517 ne
1328 2488 1549 2520 tenuissimum
1564 2489 1635 2526 qui—

219 2531 268 2554 em
289 2530 345 2551 ves
362 2528 469 2555 lglum.

270 2570 343 2610 ἢ)
364 2576 432 2604 cap.
453 2569 481 2597 7.

269 2617 370 2658 †††)
390 2625 458 2652 cap.
478 2617 508 2646 8.

267 2668 310 2703 *J
339 2665 386 2696 cf,
412 2667 492 2709 Mur.
519 2665 597 2700 Opp.
625 2666 712 2694 Tom.
740 2666 793 2695 1v.
822 2671 894 2701 pag.
914 2666 986 2696 396.
1035 2668 1123 2697 Haec
1150 2676 1249 2705 prope
1275 2672 1469 2701 verbotenus
1496 2674 1629 2710 repetita

191 2709 265 2737 sunt
286 2707 406 2736 comm.
427 2710 460 2731 ιη
481 2704 556 2731 Tac.
578 2704 665 2732 Tom.
686 2704 740 2732 1V.
761 2710 833 2739 pag.
854 2704 905 2734 47.
943 2706 1056 2735 FAESI.

265 2753 330 2789 {³³22}
351 2753 421 2782 vid.
442 2758 494 2787 ap.
514 2751 711 2781 Brissouium
731 2752 771 2781 de
791 2753 913 2782 verbor.
934 2752 1038 2789 siguis.
1060 2754 1092 2784 in
1112 2761 1146 2787 v.
1168 2755 1274 2785 Civilis
1293 2764 1323 2786 n.
1342 2757 1372 2787 4.
1411 2759 1524 2788 mesi.

262 2802 355 2837 *mo
377 2802 429 2830 Or.
450 2808 507 2835 pro
528 2800 594 2829 Mil.
616 2808 686 2835 cap.
708 2801 756 2830 13.
778 2800 810 2836 S.
830 2801 880 2831 35.

262 2850 308 2891 †]
328 2851 403 2880 Var.
424 2850 524 2879 Lectt.
545 2849 624 2879 XXI.
648 2849 695 2879 19.
