1726 3106
99 2238 162 2268 244

170 123 251 165 232
731 119 861 160 VAR.
892 118 1047 158 LECT.

287 235 333 272 V
321 233 441 284 iperei
466 231 636 284 reserens
664 231 821 282 spolbtm
850 228 1090 267 memorabzle
1117 230 1292 276 monstrt,

282 292 393 329 Aera
424 288 607 338 carpebat
636 293 802 324 lenemm
832 284 1079 323 sef'zdeutzbus
1107 286 1204 323 alis.-

287 346 449 393 Cumque
480 355 594 392 snper
623 342 785 390 chyeas
808 342 928 379 vzctor
950 341 1138 390 pendet-ec
1164 352 1318 386 arenas,

287 398 482 447 Gorgonei
508 398 644 447 capitis
669 403 804 446 guttae
833 396 1004 434 cecidere
1032 402 1230 441 cruentae,

287 456 388 504 Quas
417 454 550 490 humus
578 459 754 503 exceptas
783 452 909 489 varios
940 451 1122 488 animavit
1151 452 1190 488 ῑή
1220 463 1378 501 angues.

174 531 294 578 Quam
325 530 483 568 fabulam
505 528 653 568 videtur
679 529 849 566 hausisse
871 541 916 565 cx
938 526 1140 577 Apollonio
1158 526 1325 575 Rhodio,
1356 528 1460 565 cuius
1487 540 1618 566 versus

174 599 222 624 ex
249 594 378 636 quarto
409 586 504 623 libro
527 585 809 647 Argonauticon
827 583 873 633 ἦε)
904 583 1120 620 subiiciam:
1153 581 1248 632 quod
1271 595 1337 621 eos
1357 583 1514 622 Ovidius
1545 598 1619 623 non

174 641 340 679 imitatus
371 640 503 687 modo,
536 640 601 677 sed
633 652 747 691 prope
781 640 1047 689 interpretatus
1077 636 1245 675 videtur:

287 700 391 746 Εὗτε
418 723 488 760 γαρ
519 702 629 745 ισόθε
632 720 674 751 ος
701 700 858 771 Λιβύην
887 700 1121 755 ὑπερέπτατο
1140 700 1336 770 Περσεὺς

287 760 547 830 Εὐρυμέδων,
576 760 641 799 καὶ
667 776 738 813 γαρ
768 756 809 798 τὸ
839 741 995 798 κάλεσκέ
1022 774 1083 797 νιν
1112 755 1257 809 οὔνομα
1285 774 1420 812 μητηρ,

291 816 482 871 Γοργόνος
512 813 715 880 ἆρτιτόμον
741 811 911 865 κεφαλην
941 815 1099 868 βασιλῆϊ
1125 814 1300 883 κομίζων,

275 871 419 913 ’Όσσαι
448 871 613 912 κυανέου
642 867 773 939 στάγες
801 869 981 920 αι’ματος,
1013 869 1168 915 οὐδείς’
1161 869 1301 919 ι’κοντο,

288 929 346 969 Αἱ
369 932 491 969 πᾶσαι
515 927 652 969 κείνων
678 923 811 978 ὀφέων
836 924 945 980 γένος
973 922 1217 977 ἐβλάστησαν.

660 1053 945 1099 CAPUT
1000 1057 1157 1099 XVII.

179 1142 237 1180 De
261 1139 496 1191 quibusdam,
522 1139 590 1188 que·
611 1137 737 1175 lzabz'cz·
758 1143 847 1175 sunt
871 1137 987 1187 impii,
1015 1150 1096 1174 enm
1119 1150 1169 1174 ex
1189 1136 1356 1174 omnibus
1378 1134 1626 1187 popularibus

482 1195 561 1232 suis
596 1194 809 1243 longesse'me
838 1193 885 1231 ab
914 1193 1106 1244 impietate
1136 1192 1320 1230 abessent.

180 1273 263 1330 Dr:
295 1292 462 1343 Diagora
489 1292 634 1338 Melio,
676 1290 879 1330 Theodoro
911 1290 1125 1343 Cyrenaico
1141 1288 1216 1343 ἢ)
1248 1290 1407 1354 aliisque
1437 1290 1625 1328 nonnullis

182 1351 233 1387 ita
262 1349 428 1399 plerique
461 1355 632 1393 veteres,
665 1348 770 1398 quasi
800 1346 846 1385 de
878 1346 1088 1384 hominibus
1119 1359 1259 1384 summe
1291 1347 1436 1396 impiis,
1468 1346 1627 1397 loquun-

181 1412 257 1450 tur,
291 1405 424 1454 quique
452 1404 586 1441 nullum
619 1404 768 1440 omnino
798 1401 905 1439 deum
939 1415 1024 1440 esse
1055 1401 1269 1439 crederent.
1319 1400 1491 1439 Eandem
1516 1403 1627 1439 etiam

182 1467 306 1498 notam
338 1459 625 1496 calumniatores
652 1458 799 1495 Socrati
827 1458 979 1494 inurere
1010 1458 1227 1494 voluerunt:
1260 1469 1414 1508 eamque
1443 1457 1489 1494 ob
1520 1470 1629 1494 caus-

183 1529 260 1553 sam
297 1513 572 1563 Aristophanes
587 1511 712 1564 ἢἘ’Υέᾗζ),
757 1524 863 1563 quem
903 1513 1021 1562 ipsum
1060 1509 1181 1550 ἄθεον
1220 1512 1336 1549 fuisse
1373 1525 1445 1549 non
1484 1510 1626 1558 dubito,

183 1570 377 1608 Socratem
408 1569 563 1606 Melium
596 1575 718 1605 vocat.
779 1566 832 1604 At
868 1566 913 1604 de
944 1568 1102 1604 Socrate
1140 1565 1286 1617 quidem
1316 1567 1429 1615 longe
1469 1567 1542 1604 alia
1571 1574 1631 1605 cst

183 1625 315 1664 Iustini
346 1624 558 1676 Martyris,
592 1623 816 1660 sanctissimi
850 1629 887 1659 et
917 1621 1161 1660 eruditissimi
1188 1622 1283 1667 viri,
1317 1622 1529 1667 sententia,
1567 1623 1630 1674 qui

184 1682 223 1719 in
254 1680 400 1731 Apolog
398 1681 440 1716 ia
470 1678 635 1717 secunda
665 1692 730 1741 pro
751 1677 978 1715 Christianis
1008 1690 1090 1715 eum
1124 1676 1279 1728 quodam
1312 1676 1419 1715 modo
1445 1676 1632 1716 Christia-

185 1750 272 1774 num
305 1736 419 1773 fuisse
449 1735 515 1772 ait.
576 1734 633 1772 lta
668 1734 766 1771 enim
807 1731 1023 1785 scribit†).
1070 1731 1121 1771 Οἵ
1147 1748 1238 1782 μετα
1267 1729 1390 1799 λόγου
1425 1730 1632 1784 βιώσαντες

188 1790 414 1844 Χριστιανοί
441 1790 531 1837 εἰσι,
554 1786 628 1828 κᾶν
656 1785 771 1828 ἄθεοι
795 1787 1076 1857 ἐνομίσθησαν,
1106 1790 1189 1827 οἱον
1212 1787 1253 1827 ἐν
1267 1785 1429 1839 Ἑλλησι
1457 1787 1524 1839 μὲν
1544 1792 1631 1828 Σω-

181 1845 327 1915 κράτης
360 1845 424 1885 καὶ
453 1841 713 1896 Ἠρακλειτος,
751 1843 816 1883 καὶ
845 1843 885 1883 οἵ
921 1842 1048 1894 όμοιοι
1077 1841 1227 1889 αὐτοῖς·
1267 1842 1308 1882 ἐν
1343 1841 1553 1912 βαρβάροις
1589 1842 1631 1883 δὲ

181 1899 357 1967 Ἀβρααμ
394 1900 460 1940 καὶ
490 1898 672 1946 Ἀνανίας
709 1899 775 1938 καὶ
799 1896 976 1951 Ἀζαρίας
1010 1897 1075 1938 καὶ
1107 1894 1270 1949 Μισαηλ
1305 1898 1371 1938 καὶ
1393 1896 1528 1947 Ἠλίας
1545 1898 1629 1952 ††)

187 1957 252 1997 καὶ
281 1955 388 1996 ἄλλοι
416 1956 560 1996 πολλοί.
608 1955 660 1993 Et
685 1962 787 1993 certe
813 1955 991 1993 Socrates
1021 1968 1214 2005 numquam
1239 1954 1362 1992 docuit
1390 1955 1510 1993 nullos
1541 1956 1633 1993 deos

188 2026 294 2050 esse.
340 2011 404 2049 scd
446 2019 587 2049 tantum
627 2023 712 2049 esse
752 2024 963 2061 supremum
998 2010 1178 2061 quendam
1220 2009 1352 2056 deum,
1394 2010 1631 2057 immensum,

189 2068 389 2112 inlinitum,
410 2074 620 2112 aeternum,
644 2066 755 2104 multo
781 2067 1012 2116 superiorem
1040 2078 1083 2103 ac
1106 2066 1349 2116 potentiorem
1377 2065 1424 2103 iis
1445 2066 1632 2113 omnibus,

190 2125 252 2174 qui
287 2130 363 2160 tum
412 2135 479 2185 pro
521 2121 590 2158 diis
632 2121 777 2171 publice
827 2121 1059 2158 colebantur
1127 2120 1187 2157 De
1228 2120 1395 2170 Diagora
1434 2129 1556 2159 autem
1597 2128 1635 2159 et

188 2178 391 2217 Theodoro
423 2178 583 2230 itemque
610 2175 656 2213 de
680 2175 871 2214 Euemero
892 2176 1142 2225 Agrigentino
1157 2174 1272 2227 †††)
1304 2182 1342 2214 et
1372 2176 1453 2213 aliis
1484 2177 1635 2227 quibus-

191 2233 272 2271 dam
305 2233 480 2271 Clemens
509 2229 786 2269 Alexandrinus
816 2231 851 2267 in
876 2230 1113 2280 Ριοῑιορῑίοο
1142 2231 1269 2267 mirari
1298 2243 1338 2268 se
1370 2231 1514 2277 scribit,
1547 2230 1636 2283 quid

191 2290 240 2327 ita
271 2302 336 2327 eos
365 2288 505 2339 antiqui
539 2300 604 2337 pro
634 2287 757 2336 impiis
789 2292 827 2322 et
853 2286 974 2323 atheis
1009 2284 1228 2323 habuerint.
1263 2299 1344 2323 cum
1367 2287 1420 2323 illi
1445 2294 1567 2325 tamen
1597 2294 1637 2325 et

190 2343 362 2383 modeste
402 2357 445 2381 ac
486 2342 685 2392 frugaliter
724 2342 915 2388 viverent,
960 2348 999 2379 et
1029 2341 1100 2378 hoc
1138 2341 1290 2392 propius
1327 2341 1553 2380 accederent
1587 2341 1636 2381 ad

267 2459 310 2493 ετξ)
336 2466 366 2486 ν.
389 2459 495 2487 15¹3
490 2465 558 2493 5.(μι
597 2458 659 2486 Pro
687 2463 745 2485 νιν
770 2459 983 2495 reponendum
1002 2459 1153 2505 u1v51n
1173 2465 1261 2494 seqq.
1281 2456 1420 2487 wolfius
1439 2459 1559 2487 mutato
1580 2466 1637 2488 ac-

192 2506 286 2533 centu
312 2504 393 2531 bene
422 2502 560 2531 restituit
588 2494 803 2555 ἀρτίτομον,
834 2510 932 2540 quum
958 2493 1154 2541 ἀρτιτόμον
1182 2510 1311 2532 sensum
1339 2503 1456 2532 haheat
1485 2503 1635 2534 activum.

192 2552 345 2608 Extremo
366 2554 463 2576 versu
484 2547 683 2578 scribendum
703 2543 753 2575 Λι·
775 2549 814 2586 (i.
835 2556 863 2577 e
887 2542 1011 2585 αὗται)
1033 2544 1147 2575 πᾶσαι
1170 2544 1300 2575 κεινων
1323 2537 1444 2585 ὀφίων
1463 2553 1522 2578 eet.

294 2597 336 2631 ²⁰³)
357 2595 428 2625 Vid
449 2597 538 2623 sext.
560 2596 677 2632 Empir
698 2598 771 2627 adv.
791 2599 974 2627 Mathemat.
995 2599 1048 2628 IX.
1068 2598 1120 2628 49.
1149 2597 1255 2633 ibique
1275 2596 1397 2626 Fabric.
1417 2596 1509 2633 Diog.
1529 2598 1636 2629 Laert.

193 2637 231 2666 11.
252 2636 294 2665 86
316 2637 347 2662 et
366 2634 416 2663 97.
455 2635 565 2661 FAEsl.

268 2683 362 2718 ἔπιε-ᾔ)
382 2682 462 2711 Nub.
482 2687 512 2709 v.
533 2681 603 2709 828.
627 2681 717 2717 (830.
738 2682 851 2719 mad.)

268 2730 315 2769 †]
336 2736 407 2765 pag.
427 2730 478 2758 83·
499 2730 535 2758 B.
557 2729 606 2758 ed.
626 2731 730 2760 Paris·
753 2732 844 2765 1615.

270 2784 345 2823 —2-†)
367 2785 493 2813 Ruhnk.
512 2775 646 2816 Ἠλίας.
685 2784 732 2814 Cf.
754 2785 878 2815 Daniel.
899 2791 967 2821 cap.
990 2786 1017 2815 1.
1040 2793 1070 2814 v.
1090 2786 1121 2816 6.

271 2832 374 2872 †††)
394 2832 466 2862 vid.
487 2835 577 2863 sext.
599 2833 717 2870 Empir.
736 2834 795 2864 1.1.
816 2834 848 2864 et
869 2834 920 2864 IX.
943 2835 992 2864 1⁷.
1012 2833 1119 2871 ibique
1137 2833 1262 2866 Fabric.
