1726 3106
133 657 171 686 81

124 2665 165 2693 32

460 647 541 704 Μ.
594 647 968 706 ANTONII
1016 646 1376 704 MURETI

873 760 960 804 An

193 846 964 919 HIPPOLYTUM
1034 845 1634 918 ESTENSEM

471 973 506 998 S.
543 972 585 998 R.
624 971 664 997 Ε.
705 969 971 997 CARDINALEM
1012 971 1359 998 ILLUSTRISSIMUM

360 1090 846 1138 VARIARUM
909 1090 1460 1140 LECTIONUM

503 1195 772 1234 LIBER
849 1193 1322 1234 SECUNDUS

718 1412 1005 1453 CAPUT
1072 1414 1106 1453 Ι.

275 1493 479 1530 Correetus
506 1498 544 1530 et
568 1493 782 1543 eaeplz'catus
810 1493 915 1528 locus
943 1505 963 1529 e
985 1493 1110 1542 primo
1140 1490 1236 1529 libro
1264 1491 1484 1529 Aristotele&
1508 1490 1552 1528 de

761 1549 864 1586 Arte
894 1547 1058 1586 dicendi.

189 1639 357 1697 Mones
390 1658 549 1697 dicentis
581 1658 774 1708 plurimum
805 1659 932 1697 valere
964 1657 1010 1696 ad
1034 1654 1347 1709 persuadendum,
1379 1663 1417 1695 et
1441 1670 1462 1695 a
1490 1657 1633 1708 magnis

190 1729 234 1753 ac
266 1715 496 1764 sapientibus
526 1713 615 1752 viris
652 1713 825 1751 traditum
859 1722 938 1758 est,
982 1722 1019 1751 et
1048 1727 1108 1751 res
1140 1714 1219 1763 ipsa
1253 1713 1427 1763 loquitur.
1489 1713 1631 1750 Omnes

190 1771 287 1809 enim
321 1771 428 1807 facile
458 1769 695 1814 adducimur,
739 1777 779 1807 ut
803 1771 1052 1807 assentiamur
1084 1770 1151 1813 iis,
1194 1781 1285 1818 quos
1324 1768 1431 1805 bonis
1468 1768 1631 1805 moribus

189 1825 378 1878 praeditos
406 1839 491 1863 esse
522 1825 730 1876 opinamur.
791 1825 865 1863 Sed
898 1825 1024 1875 opinio
1060 1831 1096 1861 et
1126 1824 1220 1860 fama
1261 1823 1456 1873 probitatis
1490 1822 1631 1860 duobus

189 1881 307 1919 modis
335 1882 543 1931 comparari
570 1887 705 1929 potest.
765 1880 930 1918 Primum
954 1881 1033 1931 ipso
1055 1891 1195 1929 genere
1219 1891 1262 1915 ac
1288 1879 1430 1916 ratione
1456 1878 1629 1924 vivendi;

190 1950 283 1988 quae
309 1937 518 1973 certissima
550 1943 587 1972 et
614 1935 874 1973 honestissima
908 1943 966 1972 est
995 1936 1077 1972 via:
1113 1933 1247 1971 deinde
1277 1935 1387 1971 etiam
1421 1933 1631 1984 spargenda

188 1990 372 2030 eiusmodi
403 1991 597 2027 sententiis
629 1992 821 2035 oratione,
863 2004 955 2040 quae
988 1990 1296 2040 significationem
1328 1988 1489 2026 habeant
1516 1989 1629 2026 animi

187 2047 341 2097 ingenui
369 2059 412 2083 ac
442 2046 627 2091 liberalis,
670 2053 707 2082 et
737 2046 968 2083 honestatem
1007 2045 1176 2081 omnibus
1214 2044 1295 2080 aliis
1325 2044 1438 2082 rebus
1474 2051 1630 2095 antepo-

188 2103 329 2140 nentis.
392 2101 503 2138 Prior
532 2101 594 2137 ille
621 2099 748 2138 modus
777 2100 824 2137 ad
850 2101 1075 2137 rhetoricum
1112 2098 1308 2136 artificium
1344 2112 1415 2136 non
1441 2100 1625 2149 pertinet:

187 2157 409 2209 posterioris
448 2169 528 2193 cum
571 2156 616 2193 ab
657 2156 741 2193 aliis
776 2155 923 2193 dicendi
963 2155 1175 2205 magistriS,
1220 2161 1295 2190 tum
1335 2155 1371 2191 in
1412 2155 1542 2204 primis
1580 2154 1626 2191 ab

186 2212 395 2251 Aristotele
425 2212 534 2249 multa
565 2218 763 2262 praecepta
793 2210 1004 2255 traduntur,
1037 2211 1097 2261 qui
1129 2209 1237 2246 etiam
1270 2216 1395 2259 negat,
1428 2222 1468 2246 se
1499 2222 1627 2247 eorum

188 2269 397 2306 sententiae
431 2266 637 2312 accedere,
680 2267 741 2316 qui
773 2267 818 2303 iis
850 2267 885 2303 in
917 2265 1044 2309 libris,
1087 2277 1177 2315 quos
1207 2263 1252 2301 de
1286 2264 1382 2302 Arte
1414 2263 1624 2310 ediderant,

186 2331 404 2376 posuerant,
437 2322 657 2373 probitatem
682 2321 841 2360 dicentis
868 2321 956 2357 nihil
987 2320 1123 2357 habere
1154 2321 1328 2357 momenti
1350 2319 1394 2357 ad
1421 2319 1627 2357 faciendam

186 2379 312 2417 fidem.
374 2378 410 2416 A
446 2378 579 2428 quibus
621 2378 701 2428 ipse
741 2378 791 2414 ita
830 2375 1028 2421 dissentit,
1076 2382 1115 2412 ut
1156 2376 1235 2412 fere
1276 2376 1467 2426 plurimum
1505 2376 1542 2412 in
1581 2388 1627 2413 ea

186 2436 344 2486 positum
371 2447 456 2472 esse
488 2431 601 2470 dicat.
662 2431 736 2470 Sed
762 2445 841 2470 eum
868 2432 995 2477 verba,
1027 2431 1158 2481 quihus
1190 2430 1258 2468 hoc
1281 2431 1514 2481 exprimitur,
1543 2443 1627 2468 cor-

187 2498 295 2541 rupta
334 2490 408 2527 sint
446 2489 481 2525 in
522 2489 578 2525 eis
619 2487 832 2533 codicibus,
881 2488 942 2537 qui
983 2500 1053 2523 non
1094 2487 1279 2523 immerito
1319 2486 1457 2523 ceteris
1500 2498 1627 2523 emen-

188 2545 351 2583 datiores
389 2551 586 2595 putantur3
636 2543 817 2593 homoque
859 2541 1120 2586 doctissimus,
1171 2543 1230 2590 qui
1268 2543 1406 2591 primus
1444 2553 1534 2578 vero
1581 2553 1625 2578 ac

189 2602 288 2639 serio
318 2600 490 2651 praetulit
520 2599 638 2636 facem
669 2598 838 2635 omnibus
866 2597 1145 2634 Aristotelicam
1176 2597 1213 2633 in
1246 2609 1288 2633 eo
1317 2609 1458 2646 genere
1487 2595 1625 2632 doctri-

189 2670 271 2693 nam
302 2656 513 2705 intelligere
544 2654 803 2704 cupientibu5‚
845 2653 880 2689 in
914 2665 1041 2690 eorum
1073 2652 1320 2701 explicatione
1352 2653 1406 2688 sui
1437 2650 1625 2688 dissimilis

190 2712 305 2748 fuisse
328 2710 520 2748 videatur:
552 2709 727 2746 constitui
749 2709 903 2759 primum
926 2709 1004 2758 ipsa
1032 2706 1240 2757 philosophi
1262 2707 1375 2744 verba
1398 2719 1624 2757 proponere,

189 2773 229 2803 ut
256 2767 453 2816 leguntur3
486 2763 620 2802 deinde
650 2763 734 2814 quid
759 2764 793 2800 in
825 2764 880 2800 eis
908 2761 1116 2800 mutandum
1149 2769 1289 2812 putem,
1321 2768 1359 2799 et
1387 2775 1455 2799 cur
1484 2769 1624 2812 putem,

189 2820 379 2858 indicare:
423 2833 494 2871 quo
523 2821 702 2872 praestito
732 2819 837 2856 simul
869 2819 979 2856 etiam
1010 2818 1221 2864 sententia,
1255 2829 1348 2868 quae
1374 2817 1489 2862 illum,
1522 2829 1627 2866 quem

189 2875 290 2922 dico,
325 2889 503 2914 summum
533 2876 650 2914 virum
680 2875 801 2921 latuit,
834 2874 942 2912 facile
968 2873 1211 2924 intelligetur.
1269 2871 1375 2924 Ergo
1402 2872 1456 2910 ita
1478 2871 1628 2910 Aristo-
