1778 3096
182 2265 244 2294 425

250 138 332 181 404
815 133 939 172 VAR.
975 133 1128 173 LECT.

253 251 320 301 qui
346 249 507 293 adsunt,
527 247 639 300 sorte
666 247 830 284 miratur
858 258 938 290 me,
971 245 1039 294 qui
1063 250 1119 282 tot
1146 256 1265 282 annos
1291 246 1328 283 in
1357 244 1501 282 caussis
1529 244 1695 282 iudiciis-

253 319 324 356 que
352 305 513 355 publicis
548 305 601 340 ita
640 314 721 339 sum
752 307 947 346 versutus,
988 306 1030 337 ut
1063 298 1295 349 defenderim
1322 302 1478 345 multos,
1523 300 1695 336 laeserim

251 362 455 404 neminem,
493 357 616 396 subito
646 369 746 394 nunc
775 362 920 394 mutata
955 355 1146 392 voluntate
1175 356 1227 392 ad
1255 357 1504 393 accusandum
1543 356 1695 392 deseen-

253 417 365 453 dere:
399 415 432 451 is
457 414 495 450 si
518 414 594 450 mei
618 413 770 448 consilii
796 423 966 449 caussam
998 412 1255 460 rationemque
1283 412 1524 460 cognoverit,
1556 422 1630 447 una
1658 415 1697 447 et

253 471 295 507 id
317 469 417 520 quod
439 467 550 521 facio
574 466 771 517 probabit,
803 473 840 504 ct
869 468 905 503 in
937 467 1009 503 hac
1038 477 1174 502 caussa
1199 465 1371 516 profecto
1400 467 1578 503 neminem
1607 465 1702 502 minz·

252 538 333 561 esse
364 523 670 574 praeponendum
709 529 874 560 actorem
912 520 1076 572 putabit.
1138 518 1307 557 Manavit
1344 528 1464 557 autem
1507 533 1616 557 error
1651 519 1697 556 ab

250 578 420 616 Asconio
449 578 657 622 Paediano,
683 578 758 628 qui,
793 590 874 614 cum
907 577 942 613 iu
974 575 1164 613 veteribus
1193 575 1297 612 libris
1328 575 1516 625 legeretur
1547 576 1699 612 deseen-

252 633 459 685 ‹ter-eust),
491 634 653 684 putavit,
687 633 849 682 speciem
881 643 966 669 esse
998 630 1232 675 soloecismi,
1268 630 1340 667 nisi
1369 637 1429 668 aut
1463 630 1602 681 aliquid
1632 628 1699 666 ad·

252 689 427 734 deretur,
461 695 524 726 aut
552 702 617 739 pro
649 688 917 732 descenderim,
950 687 1176 723 descendere
1206 685 1417 735 legeretur:
1449 684 1631 736 quomodo
1661 691 1700 722 et

251 743 430 796 quosdam
463 745 590 794 legere
629 744 798 780 allirmat.
859 741 937 779 Sed
975 742 1042 778 hoe
1072 741 1117 777 ab
1146 742 1315 778 Asconio
1357 741 1470 792 (quae
1510 742 1606 779 enim
1643 740 1701 778 in-

252 799 351 838 vidia
382 807 461 846 est,
495 812 583 836 vera
619 796 838 848 proloquiY)
870 797 1135 845 incogitantius
1167 796 1305 833 dictum
1336 803 1407 835 est.
1457 795 1570 834 Nulla
1601 796 1698 832 enim

253 856 315 893 hie
346 868 467 906 neque
500 854 649 898 umbra,
694 865 813 902 neque
845 853 991 903 species
1024 852 1238 889 soloecismi
1276 858 1348 889 est.
1408 850 1562 889 Fel'ellit
1597 863 1698 896 eum,

253 910 350 962 quod
381 910 519 962 putavit
551 908 701 946 verbum
733 911 898 945 miratur
925 907 1095 945 absolute
1127 907 1286 958 positum
1316 919 1427 952 esse,
1461 914 1499 944 et
1528 905 1617 943 illud
1645 919 1701 943 me

253 964 555 1016 coniungendum
586 977 668 1000 cum
700 964 771 1009 iis,
805 975 898 1014 quae
930 970 1157 1013 sequuntur:
1201 960 1297 1012 quod
1329 963 1359 999 si
1387 969 1511 1007 esset,
1553 962 1701 998 omnino

254 1020 454 1072 legendum
493 1027 593 1057 esset
621 1019 863 1056 descendere.
924 1018 1000 1055 Sed
1033 1031 1102 1054 non
1138 1019 1188 1054 ita
1221 1024 1302 1055 cst:
1348 1019 1458 1055 immo
1493 1029 1582 1055 vero
1612 1014 1703 1053 illud

253 1091 310 1115 me
341 1073 638 1125 coniungendum
671 1081 727 1111 est
751 1087 831 1111 cum
858 1074 973 1111 verbo
999 1075 1185 1111 miratur.-
1219 1072 1315 1123 quod
1341 1074 1373 1110 si
1399 1073 1555 1117 feceris,
1583 1071 1702 1109 omnis

254 1132 316 1170 illa
347 1132 440 1169 falsa
469 1131 681 1168 soloecismi
711 1131 858 1180 species
883 1130 1107 1166 somniorum
1139 1129 1176 1165 in
1209 1141 1348 1166 morem
1379 1134 1595 1166 evanescet.
1645 1126 1703 1164 Ita

252 1189 354 1225 enim
385 1187 530 1224 locutus
569 1192 628 1223 est
657 1184 818 1231 Cicero,
862 1198 905 1222 ac
934 1185 967 1221 si
1006 1185 1087 1234 quis
1120 1183 1289 1221 ‹licei-et:
1332 1186 1535 1222 Asconium
1566 1184 1700 1228 miror,

253 1245 322 1294 qui
348 1244 436 1281 aliis
463 1244 500 1279 in
542 1241 656 1278 rebus
690 1247 765 1278 tam
798 1247 1002 1278 accuratus
1030 1237 1182 1288 fuerit,
1225 1240 1262 1277 in
1291 1239 1363 1276 hac
1400 1246 1475 1277 tam
1500 1239 1704 1288 pueriliter

253 1299 457 1336 erraverit.
520 1298 646 1334 Miror
676 1302 736 1341 te,
777 1296 844 1346 qui
867 1296 954 1332 lteri
976 1301 1120 1332 tantum
1152 1294 1313 1339 biberis,
1347 1295 1457 1331 hodie
1487 1302 1561 1332 tum
1594 1305 1703 1330 mane

254 1354 490 1391 surreoeem's.
549 1352 677 1389 Miror
708 1357 766 1395 te,
813 1351 880 1400 qui
905 1362 1049 1399 semper
1087 1350 1248 1386 antehac
1287 1349 1359 1387 tibi
1386 1350 1590 1399 praeclare
1627 1361 1702 1385 mo·

255 1409 412 1446 deratus
439 1408 512 1452 sis,
546 1407 656 1443 nodie
683 1407 875 1443 continere
906 1412 941 1442 te
970 1418 1042 1442 non
1067 1406 1255 1454 potueris.
1313 1406 1440 1443 Miror
1472 1406 1702 1448 Ciceronem,

256 1465 324 1514 qui
347 1475 492 1511 semper
521 1474 636 1510 usque
665 1461 737 1497 nuc
766 1460 1007 1510 defenderit,
1047 1472 1147 1496 nunc
1175 1460 1298 1497 subito
1337 1466 1480 1497 matuta
1516 1461 1706 1496 voluntale

257 1519 309 1556 ad
345 1517 598 1555 accusandum
638 1516 887 1552 descenderit.
948 1514 1032 1551 Hoc
1074 1526 1147 1563 ego
1187 1527 1259 1551 non
1297 1515 1406 1552 aliam
1447 1514 1493 1550 ob
1534 1526 1704 1551 caussam

257 1571 459 1611 notandum
491 1571 639 1621 putavi,
679 1583 786 1620 quam
818 1567 915 1619 quod
954 1575 1027 1606 tam
1060 1569 1191 1606 multos
1223 1569 1382 1609 Asconii
1417 1570 1639 1608 auctoritate
1669 1569 1706 1607 iu

259 1628 421 1667 eundem
451 1638 622 1664 errorem
656 1631 865 1677 pertractos
896 1636 983 1663 esse
1013 1623 1189 1666 mirabar.

785 1755 1077 1795 CAPUT
1133 1755 1185 1795 X.

326 1837 521 1876 Ciceronis
551 1849 571 1872 e
600 1836 756 1874 Lucullo
787 1835 896 1874 lectio
925 1833 1106 1886 defensa,
1136 1835 1181 1873 de
1211 1834 1385 1873 Herculis
1413 1835 1568 1884 sagittis
1595 1846 1644 1870 ex

884 1890 1082 1940 Euripide.

263 1959 367 2018 NON
404 1977 561 2016 absimili
598 1977 706 2016 modo
737 1986 891 2017 conatus
931 1984 991 2016 est
1029 1977 1137 2014 homo
1173 1975 1364 2022 eruditus,
1405 1982 1444 2014 et
1482 1975 1549 2013 hac
1588 1981 1709 2013 aetate

263 2039 341 2075 τῶν
377 2029 650 2085 πρωτευόντων
664 2032 760 2083 ’ἴθ’ῗ),
797 2035 918 2072 locum
953 2032 1154 2071 Ciceronis
1192 2045 1214 2070 e
1243 2032 1399 2070 Lucullo
1436 2038 1603 2075 mutare,
1648 2032 1709 2082 qui

265 2099 389 2128 tamen
438 2090 651 2126 mutationis
697 2090 795 2127 illius
832 2090 924 2127 nihil
959 2088 1174 2139 indigebat,
1226 2094 1403 2137 recteque
1439 2094 1476 2123 et
1517 2085 1712 2123 emendate

267 2146 428 2196 scriptus
457 2145 628 2182 omnibus
656 2145 694 2181 in
720 2146 825 2183 libris
851 2144 1187 2182 circumferebatur
1208 2143 1278 2179 hoc
1302 2141 1408 2179 modo
1425 2138 1550 2193 ***):
1587 2142 1713 2190 Quid?

269 2202 370 2253 apud
400 2200 617 2249 Euripidem
647 2202 851 2246 Hercules,
894 2212 1026 2250 quum,
1067 2205 1111 2236 ut
1140 2199 1352 2247 Eurysthei
1370 2197 1504 2247 filios,
1543 2198 1597 2233 ita
1626 2210 1714 2234 suos

271 2255 484 2307 configebat
511 2256 689 2304 sagittis,
727 2268 837 2306 quum
871 2267 1026 2292 uxorem
1062 2254 1322 2298 interimebat,
1362 2265 1471 2302 quum
1501 2252 1715 2289 conabatur

272 2314 384 2350 etium
410 2310 589 2361 patrem?
640 2309 740 2349 Hinc
770 2311 868 2348 enim
899 2309 1045 2347 censuit
1072 2310 1104 2345 is
1134 2321 1240 2359 quem
1271 2307 1371 2354 dico,
1403 2306 1598 2345 tollendam
1630 2319 1715 2345 esse

272 2366 489 2419 particulam
520 2367 590 2411 ita,
620 2372 740 2403 motus
770 2378 814 2404 ea
844 2366 1006 2410 ratione,
1039 2362 1135 2415 quod
1157 2364 1346 2401 Hercules
1377 2361 1472 2413 apud
1496 2361 1716 2413 Euripidem

275 2424 312 2460 in
351 2435 396 2460 ea
437 2421 560 2459 fabula
598 2434 775 2472 nusquam
804 2420 1011 2472 Eurysthei
1050 2420 1144 2457 filios
1183 2419 1382 2457 confixisse
1423 2416 1592 2464 dicatur,
1649 2416 1716 2455 secl

278 2490 363 2515 suos
379 2476 452 2529 †):
498 2488 590 2528 quos
631 2477 777 2515 insania
812 2483 1005 2527 correptus
1042 2475 1194 2526 putabat
1231 2487 1317 2513 esse
1346 2473 1560 2529 Eurysthei
1594 2473 1712 2510 filios:

353 2597 398 2632 xe)
424 2596 618 2626 Restitutum
644 2597 685 2625 ab
706 2597 835 2627 orento.
874 2595 938 2626 Sed
967 2598 1062 2625 antea
1082 2603 1138 2629 nro
1165 2595 1208 2623 ita
1228 2601 1307 2623 sum
1334 2594 1476 2623 versatus
1501 2593 1589 2622 editt.
1610 2600 1718 2622 omnes

279 2637 323 2665 ita
352 2637 421 2664 sim
449 2636 607 2670 versatus,
644 2635 729 2669 quod
758 2636 855 2664 etiam
881 2636 1005 2663 mureto
1033 2633 1263 2663 restituendum
1289 2632 1363 2670 fuit,
1397 2635 1434 2662 ut
1463 2631 1576 2661 docent
1605 2632 1718 2667 quibus

281 2673 394 2703 deiude
414 2673 511 2705 utitur
531 2674 688 2707 exempla.
728 2674 840 2702 FAnsn

356 2720 426 2757 *ij
445 2722 482 2751 P.
502 2720 663 2750 Victorius
684 2721 758 2750 var.
777 2721 881 2750 Lectt.
901 2718 955 2748 lib.
973 2719 1098 2748 XXXV.
1121 2725 1190 2754 cap.
1212 2719 1261 2748 12.

356 2769 450 2804 mes«)
477 2769 629 2798 Academ.
655 2769 710 2797 lib.
731 2771 770 2798 11.
791 2776 860 2806 cap.
879 2769 930 2799 28.
957 2768 988 2804 S.
1008 2767 1059 2798 89.
1106 2767 1302 2798 Particulam
1330 2768 1374 2797 ita
1399 2766 1606 2797 retinuerunt
1624 2765 1719 2796 etiam

282 2807 478 2837 Goerenzius
497 2810 593 2842 atque
614 2807 762 2837 oreuiuS.

358 2855 404 2893 †)
424 2855 518 2886 Herc.
537 2857 612 2885 Fur.
631 2862 663 2884 v.
682 2854 755 2885 97⁰.
