1726 3106
573 110 674 150 LIB.
707 111 740 150 Ι.
802 110 920 150 CAP.
952 111 1042 149 XII.
1481 113 1532 155 17

584 220 616 260 C
645 220 682 259 A
705 220 739 259 P
766 219 802 258 U
830 220 865 259 T
919 220 1027 259 XII.

83 299 387 339 Lz‘bz‘de‘nosarum
427 300 651 345 mulierum,
691 310 787 349 quae
817 298 1073 337 calumz‘natae
1098 306 1188 338 sunt
1215 313 1300 347 eos,
1341 314 1364 339 a
1393 298 1525 352 qulbus

316 360 467 404 spretae
495 367 540 392 ae
570 355 795 405 repudiatae
824 360 957 399 erant,
988 356 1159 404 exempla
1188 363 1284 393 octo.

79 411 301 469 EXEMPLA
329 438 412 468 octo
442 432 592 469 memini
621 432 750 481 legere
780 443 906 468 earum
938 432 1149 477 mulierum,
1181 446 1275 483 quae
1307 435 1408 472 viros
1437 448 1457 473 a
1481 449 1522 474 se

80 486 265 536 impudice
296 487 495 536 appetitos,
529 500 608 524 cum
640 499 706 524 eos
733 484 779 524 ad
809 485 1113 536 restinguendum
1144 487 1310 526 libidinis
1341 503 1429 527 suae
1463 504 1522 527 ar-

81 540 209 578 dorem
248 542 402 578 flectere
438 543 720 592 nequivissent,
764 540 1010 579 calumniatae
1039 548 1123 579 sunt
1153 551 1309 592 postea,
1349 551 1521 596 uinquam

79 595 126 632 ab
166 597 256 647 ipsis
293 603 455 633 tentatae
496 598 640 637 forent:
682 597 811 646 eisque
841 597 974 646 partim
1005 604 1180 635 crearunt
1211 599 1344 649 ingens
1375 602 1502 650 pericu

77 651 166 696 lum,
199 652 330 701 partim
361 653 468 688 etiam
501 653 651 689 exitium
682 652 898 689 attulerunt.
956 651 1099 689 Eorum
1134 666 1242 690 unum
1272 655 1387 692 estin
1414 670 1522 693 sacra

77 704 313 758 historia*),
355 705 401 744 de
432 706 601 757 Iosippu,
641 707 768 744 Iacobi
797 706 896 753 filio,
937 707 1020 757 qui,
1051 720 1132 744 enin
1165 708 1426 760 obtemperare
1455 711 1520 748 he—

76 774 141 799 rae
166 774 270 808 suae,
303 761 520 811 Putipharis
532 760 605 813 ⁴4³5)
626 762 748 807 uxori,
780 761 975 807 noluisset,
1008 764 1160 801 structis
1182 764 1228 800 ab
1253 777 1296 801 ca
1321 765 1518 803 calumniis

75 816 114 853 in
151 817 250 854 vitae
289 816 487 854 discrimen
526 816 705 855 adductus
736 823 806 854 est.
867 817 992 868 Atque
1022 817 1115 865 hoc,
1154 825 1193 855 ut
1222 819 1316 869 quod
1349 821 1517 859 omnibus

77 878 202 909 notum
239 872 309 917 sit,
347 872 435 908 nihil
467 879 525 910 est
559 885 716 909 necesse
746 871 911 922 pluribus
949 872 1073 910 verbis
1109 886 1313 924 exponere.
1377 876 1500 927 Hippo

78 926 191 977 lytum
226 940 370 977 quoque
400 927 539 964 Thesei
578 928 689 965 filium
720 934 758 964 ut
788 926 962 964 Phaedra
993 941 1152 966 noverca
1184 931 1357 975 tentarit,
1403 944 1517 982 seque

75 981 121 1019 ab
161 995 205 1020 eo
242 988 402 1032 spretam
442 981 596 1028 videns,
647 995 802 1019 reverso
848 982 893 1020 ab
929 983 1061 1021 inferis
1100 985 1231 1022 marito
1270 988 1514 1036 persuaserit,

73 1049 155 1074 eum
195 1036 267 1074 sibi
304 1037 376 1074 vim
419 1037 555 1074 afferre
592 1037 755 1075 volm-se
794 1035 1018 1087 (quanquam
1058 1040 1166 1090 paulo
1196 1040 1306 1078 aliter
1335 1048 1392 1079 est
1421 1042 1517 1092 apud

72 1090 333 1142 Euripidem),
378 1098 490 1141 utque
529 1092 759 1128 castissimus
797 1091 1019 1129 adolescens
1057 1094 1318 1133 crudelissime
1357 1096 1403 1134 ob
1434 1110 1516 1137 eam

72 1159 150 1184 rem
183 1145 391 1196 discerptus
423 1146 692 1197 dilaniatusque
723 1146 795 1192 sit,
839 1153 877 1184 et
909 1146 1041 1197 lippis,
1084 1156 1123 1185 ut
1149 1150 1201 1186 ait
1230 1150 1434 1197 Horatius,
1477 1160 1516 1190 et

72 1202 284 1239 tonsoribus
327 1209 448 1239 notum
479 1209 550 1239 est.
611 1200 687 1239 Sed
717 1207 754 1239 et
779 1200 926 1246 Tenni,
969 1201 1089 1253 Cycni
1120 1204 1213 1250 filio,
1251 1202 1420 1255 Neptuni
1450 1221 1515 1245 ne-

71 1257 174 1308 poti,
215 1256 311 1294 idem
351 1257 557 1306 contigisse
584 1254 942 1308 meuioratur**2'‘).
1004 1257 1101 1296 Eius
1131 1260 1229 1296 enim
1258 1261 1393 1311 ephebi
1425 1263 1512 1308 iam,

73 1319 127 1357 et,
162 1319 201 1349 ut
231 1311 369 1349 Graeci
397 1310 548 1358 dicunt,
582 1308 842 1363 ἆνδρόπαιδος
871 1311 1060 1350 desiderio
1090 1321 1187 1351 tacta
1218 1329 1378 1354 noverca
1412 1317 1514 1369 Phy-

69 1367 217 1404 lonome
232 1366 310 1418 †),
349 1380 437 1413 seu,
476 1375 516 1404 ut
553 1367 615 1404 alii
654 1373 811 1412 vocant,
850 1366 1062 1414 Periboea,
1105 1382 1313 1408 sermonem
1347 1386 1428 1409 cum
1468 1387 1514 1411 eo

71 1421 118 1460 de
154 1429 280 1473 stupro
320 1422 489 1459 contulit.
551 1422 708 1459 Reiecta
745 1428 782 1459 et
822 1422 1015 1472 repudiata
1051 1425 1278 1463 insimulavit
1304 1440 1386 1465 eum
1418 1428 1515 1477 apud

69 1484 235 1528 patrem,
270 1476 397 1514 eodem
429 1477 537 1527 plane
567 1476 674 1514 modo
704 1490 775 1527 quo
805 1476 1049 1529 Hippolytum
1078 1479 1266 1518 Phaedra.
1329 1481 1514 1521 Credulus

69 1545 207 1583 parens
255 1533 434 1569 inclusum
486 1533 522 1569 in
570 1545 716 1582 capsam
755 1531 936 1583 quandam
977 1534 1087 1571 filium
1127 1537 1288 1585 proiecit
1326 1539 1362 1574 in
1399 1552 1513 1578 mare.

67 1587 170 1625 Tulit
207 1600 313 1638 opem
343 1587 540 1637 Neptunus
577 1588 767 1625 innocenti
805 1589 957 1638 nepoti,
998 1588 1193 1639 delataque
1232 1599 1290 1629 est
1326 1606 1437 1644 capsa
1468 1593 1514 1632 ad

68 1643 224 1680 insulam
255 1642 532 1693 Leucophryn:
574 1655 680 1692 quam
721 1655 802 1679 cum
833 1643 978 1681 incolae
1008 1646 1241 1695 aperuissent
1270 1660 1422 1699 remque
1451 1663 1515 1687 co-

68 1705 274 1748 gnossent,
314 1711 385 1734 non
425 1705 564 1734 tantum
595 1697 718 1734 Tcnni
759 1710 914 1747 regnum
953 1698 1187 1746 detulerunt,
1228 1702 1294 1739 sed
1326 1705 1436 1741 etiam
1469 1704 1514 1743 de

69 1754 218 1791 nomine
258 1753 373 1804 ipsius
415 1753 573 1789 insulam
610 1751 790 1790 Tenedon
831 1754 1088 1791 nominarunt:
1136 1757 1222 1806 quin
1264 1765 1300 1794 ct
1330 1767 1514 1798 mortuum

72 1809 267 1847 coluerunt
295 1821 361 1858 pro
391 1806 474 1845 deo.
535 1807 678 1845 Eodem
711 1806 818 1844 modo
846 1822 961 1859 prope
991 1809 1156 1859 perditus
1182 1819 1241 1848 est
1263 1813 1513 1864 Bellerophon

70 1864 116 1900 ab
145 1862 412 1915 Antaea††)‚
444 1863 581 1900 Proeti
620 1876 756 1901 uxore:
801 1870 838 1900 et
870 1864 1009 1901 Peleus
1043 1865 1088 1902 ab
1129 1866 1357 1919 Hippolyte,
1398 1883 1513 1909 uxore
1537 1883 1575 1912 21

70 1919 219 1956 Acasti.
278 1917 339 1956 De
368 1918 498 1968 quibus
531 1917 626 1969 apud
657 1918 854 1956 Horatium
887 1926 972 1956 sunt
996 1919 1212 1973 illa†††):

295 1986 345 2022 Ut
368 1986 543 2022 Proetum
574 1984 713 2022 mulier
736 1985 886 2034 perfida
915 1987 1106 2024 credulam

292 2040 416 2078 Falsis
445 2040 638 2090 impulerit
662 2040 902 2086 ονίηιίιιίὸαε,
930 2042 1040 2079 nimis

296 2096 408 2132 Casto
438 2095 726 2145 Bellerophonti

400 2152 603 2188 splaturare
631 2163 778 2195 necem,
809 2150 945 2199 refert.

292 2206 443 2243 Narrat
465 2218 588 2256 paene
623 2206 750 2243 datum
779 2207 890 2244 Pelea
921 2214 1086 2252 tartaro,

288 2262 531 2310 Magnessam
560 2262 782 2311 Heppolyten
811 2262 895 2299 dum
916 2262 1030 2314 selg'e't
1058 2263 1262 2302 abstinens.

146 2380 190 2414 *J
212 2382 325 2409 GeneS.
348 2388 416 2416 cap.
434 2381 484 2411 39.
505 2389 536 2410 v.
557 2381 576 2409 7
596 2389 664 2416 sqq.

148 2428 215 2462 ³:223«)
236 2429 372 2457 W'olfius
401 2437 470 2457 cum
498 2430 545 2458 ed.
572 2430 671 2463 Lugu,
695 2429 910 2465 phutipharis,
944 2439 1026 2466 uuae
1054 2431 1155 2460 forma
1184 2440 1246 2463 non
1275 2433 1377 2463 minus
1406 2434 1461 2463 fuit
1484 2435 1515 2464 in

74 2472 143 2493 usu.
184 2467 295 2494 Graeci
315 2467 345 2494 in
366 2467 544 2495 huiusmodi
571 2466 748 2495 numinibus
776 2467 934 2499 signorum
956 2473 1051 2504 alque
1075 2471 1231 2500 vocalium
1252 2472 1430 2503 Hebraicae
1452 2473 1516 2501 lin-

73 2516 156 2543 guae
177 2517 285 2543 parum
305 2511 421 2540 curiosi
439 2511 512 2540 inde
530 2513 685 2541 finxerunt
705 2502 893 2551 Πετεᾳρής
914 2512 1033 2547 primae
1055 2514 1281 2544 declinationis.

148 2558 240 2592 *³:³1¹ss
268 2559 338 2588 Vid.
366 2562 504 2589 Pausan.
540 2561 592 2589 tib.
619 2561 657 2588 X.
687 2565 753 2592 rap.
778 2560 825 2587 14.
847 2562 878 2595 §-
903 2563 916 2588 1
939 2569 984 2596 sq.
1016 2565 1047 2590 et
1067 2562 1168 2599 altos,
1202 2563 1255 2598 qui
1283 2563 1456 2593 laudantur
1485 2564 1517 2593 iu

73 2595 232 2624 Hemmeri
253 2597 385 2631 Repuhl.
405 2599 570 2627 'renedion
593 2605 665 2632 pag.
687 2597 704 2622 7
727 2599 757 2625 et
778 2598 818 2626 26
839 2605 905 2632 sqq.
938 2606 1039 2627 woman

149 2647 194 2685 †)
216 2649 351 2678 *Nonius
376 2652 570 2688 Philonome,
601 2653 656 2679 sed
691 2644 888 2689 Φυλονόμη
914 2653 1061 2682 scribitur
1086 2653 1118 2682 ln
1148 2654 1274 2689 optimis
1303 2655 1398 2684 Codd.
1429 2657 1516 2685 Pau-

73 2685 185 2713 sanIae
206 2688 294 2715 Tom.
315 2689 367 2717 111.
390 2697 460 2723 pag.
480 2691 550 2719 534.
573 2689 621 2717 ed.
643 2690 751 2719 Waiz.
775 2695 806 2720 et
827 2693 992 2721 Scuubart.

148 2736 221 2775 ††)
243 2739 341 2768 scrib.
362 2743 479 2780 Antea,
507 2745 558 2772 Gr.
572 2733 729 2777 Ἄντεια,
756 2745 884 2774 Homer.
913 2744 1002 2775 Iliad.
1023 2745 1076 2775 VI.
1099 2745 1170 2775 16⁰.
1217 2745 1307 2776 Alibi
1336 2747 1518 2783 appellatur

74 2776 271 2805 Stheneboea.
312 2780 423 2808 Faesi.

149 2822 248 2863 †††J
271 2825 328 2855 Od.
349 2828 401 2855 111.
425 2828 463 2865 7,
486 2830 536 2858 13.

130 2879 259 2907 Meum.
282 2879 355 2909 Οιϊ.
376 2881 454 2910 voi„
474 2882 528 2911 111.
548 2882 932 2918 [ttunxx.1⁴:n.'1¹02w.u.)
1210 2868 1238 2909 2
