1778 3096
169 1470 231 1500 48?

261 147 344 191 462
831 146 959 187 VAR.
997 146 1153 189 LECT.

263 276 302 301 τε
329 258 394 300 καὶ
422 258 516 300 ὅταν
544 255 696 310 νύμφαι
722 254 883 310 τύχωσιν
913 252 1050 308 οὖσαι,
1090 255 1213 311 ὥςπερ
1240 256 1267 311 ἦ
1297 256 1523 313 Νικηράτου
1555 274 1593 300 τε
1627 256 1713 299 τού-

262 332 332 356 του
364 315 429 355 καὶ
457 312 483 365 ἦ
508 311 795 366 Κριτοβούλου,
830 311 955 367 μύρου
983 313 1053 366 μέν
1084 329 1120 354 τι
1145 313 1211 353 καὶ
1247 315 1518 369 προςδέονται,
1555 311 1713 364 ναύταις

263 369 335 426 γὰρ
362 368 502 411 ταύτὸν
533 367 696 418 ὄζουσιν.

787 459 819 498 C
850 459 887 498 A
918 459 951 498 P
980 459 1017 498 U
1045 459 1080 498 T
1135 459 1188 498 X.

295 540 491 579 Ciceronis
520 540 693 590 Epistola
718 542 749 578 I.
783 540 836 577 ad
862 540 1031 577 Atticum
1063 539 1169 576 locus
1203 544 1338 576 eontra
1368 540 1552 580 Simeonis
1578 540 1690 579 Bosz'z'

557 597 781 633 senlenle’am
812 602 849 633 ec
876 595 1093 632 emendatus
1124 601 1163 632 et
1189 596 1416 645 caqile'catus.

264 660 362 726 Qm
391 695 435 720 eo
467 682 537 720 sibi
568 683 744 734 placent,
788 681 885 733 quod
917 682 1148 732 antiquiores
1186 689 1224 720 et
1255 683 1430 720 meliores
1460 682 1576 721 libros
1612 683 1712 721 nacti

263 740 352 784 siut,
385 739 420 776 in
456 751 574 789 eoque
606 751 646 775 se
677 741 840 783 iactant3
872 737 1029 775 ridicule
1060 738 1148 775 mibi
1175 739 1302 776 faeere
1336 737 1521 777 videntur.
1575 738 1711 790 Neque

263 795 360 832 enim
393 794 509 844 magis
550 794 692 844 ingenii
733 801 795 831 aut
836 793 1055 830 eruditionis
1088 794 1167 831 laus
1208 801 1289 839 est,
1332 795 1368 831 in
1406 794 1539 832 bonum
1578 794 1709 832 librum

262 848 454 896 incidere,
492 863 598 901 quam
628 848 876 900 prudentiae,
912 862 993 886 cum
1025 862 1154 899 agrum
1185 848 1328 895 fodias,
1362 850 1531 900 reperire
1560 850 1711 887 thesau-

261 919 357 944 rum.
405 904 458 942 Et
488 918 695 956 quanquam
717 912 867 942 veteres
898 904 983 941 libri
1011 905 1159 942 multum
1183 906 1265 955 opis
1293 904 1529 942 alserunt'ad
1551 906 1709 956 optimos

261 961 468 1011 scriptores
497 959 727 1011 purgandos,
758 974 830 997 non
860 967 983 997 tamen
1015 961 1051 997 in
1085 973 1129 998 eo
1161 961 1279 1011 posita
1311 967 1395 997 sunt
1424 962 1561 999 omnia.
1612 961 1709 998 Nam

260 1030 343 1054 cum
375 1029 503 1054 eorum
539 1017 658 1053 nullus
688 1029 803 1067 prope
834 1017 885 1053 ita
910 1015 1105 1053 emendate
1137 1017 1297 1067 scriptus
1327 1017 1391 1062 sit,
1415 1023 1454 1053 ut
1483 1030 1555 1054 non
1586 1016 1710 1053 multis

260 1072 455 1110 erroribus
487 1079 655 1117 scateat,
699 1084 811 1121 saepe
843 1072 990 1117 evenit,
1033 1078 1071 1108 ut
1101 1071 1197 1122 quod
1227 1085 1355 1109 verum
1386 1084 1429 1109 ac
1462 1079 1604 1109 rectum
1635 1078 1707 1117 cst,

260 1141 335 1165 non
365 1141 411 1165 ex
437 1141 509 1165 uno
544 1126 829 1165 describendum
862 1128 925 1172 sit,
957 1126 1023 1164 sed
1056 1127 1178 1164 multis
1208 1128 1306 1164 inter
1335 1140 1377 1165 se
1408 1127 1552 1164 collatis
1585 1127 1710 1178 quasi·

260 1196 332 1234 que
363 1190 507 1220 mutuas
536 1196 669 1234 operas
698 1182 930 1220 tradentibus
962 1182 1235 1233 colligendum:
1269 1183 1306 1220 in
1337 1196 1409 1234 quo
1438 1183 1570 1220 multos
1597 1194 1708 1233 saepe

260 1239 337 1276 falli
380 1238 563 1277 videmus.
625 1238 666 1276 ld
706 1245 793 1288 puto
835 1251 1095 1289 nonnunquam
1135 1239 1341 1288 contigisse
1372 1238 1539 1276 Simeoni
1572 1238 1705 1282 Bosio,

260 1307 466 1345 quanquam
499 1294 639 1331 homini
669 1293 841 1338 erudito,
884 1294 1102 1342 ingenioso,
1144 1293 1338 1344 diligenti,
1383 1294 1487 1331 cuius
1517 1307 1632 1344 opera
1671 1300 1709 1330 et

260 1349 382 1387 studio
413 1363 530 1400 nuper
558 1348 753 1399 Epistolae
782 1348 982 1386 Ciceronis
1012 1348 1058 1386 ad
1088 1349 1254 1386 Atticum
1281 1349 1417 1395 multo,
1450 1362 1556 1399 quam
1587 1349 1705 1399 prius,

260 1404 537 1442 emendatiores
576 1402 874 1455 prodieruntss'f).
936 1404 978 1441 In
1018 1405 1098 1454 ipso
1140 1405 1238 1441 enim
1271 1405 1395 1454 operis
1426 1405 1630 1450 vestibulo,
1670 1402 1707 1440 id

260 1467 341 1506 est,
387 1461 542 1510 epistola
572 1461 689 1509 prima
726 1459 809 1496 libri
840 1461 971 1509 primi,
1014 1472 1097 1496 cum
1129 1458 1174 1496 ad
1206 1460 1323 1496 locum
1367 1459 1413 1496 ab
1453 1460 1535 1496 aliis
1568 1461 1708 1496 frustra

260 1528 374 1566 saepe
404 1522 601 1560 tentatum,
628 1515 774 1564 iamque
806 1527 919 1564 prope
942 1514 1150 1564 depositum
1185 1527 1228 1551 ac
1251 1512 1484 1564 desperatum
1516 1515 1705 1560 venisset3

259 1571 456 1623 plurimum
485 1571 549 1607 ille
581 1569 726 1620 quidem
756 1568 800 1606 ad
840 1571 938 1607 illius
970 1569 1268 1607 emendationem
1306 1576 1342 1607 et
1371 1569 1562 1607 veteribus
1601 1570 1707 1608 libris

260 1634 298 1665 ct
329 1627 480 1676 ingenio
521 1626 641 1662 fretus
672 1625 850 1662 contulit:
898 1637 1018 1676 neque
1045 1631 1168 1662 tamen
1212 1638 1294 1662 eum
1338 1626 1575 1675 persanavit,
1618 1632 1655 1662 et
1685 1638 1704 1663 a

258 1695 349 1720 vera
380 1682 478 1720 illius
508 1681 711 1726 sententia,
742 1680 814 1717 nisi
844 1694 900 1719 me
927 1681 1171 1718 vehementer
1197 1680 1289 1718 fallit
1319 1682 1479 1725 animus,
1501 1681 1702 1718 aberravit.

258 1737 301 1775 Id
335 1751 419 1775 num
448 1745 592 1775 temere
623 1750 667 1774 an
700 1749 810 1773 secus
826 1734 899 1789 ⁴³5⁵)
934 1735 1119 1782 iudicem,
1161 1749 1223 1773 res
1255 1737 1334 1786 ipsa
1365 1735 1542 1774 indicium
1573 1737 1702 1774 faciet.

258 1792 421 1830 Dixerat
451 1792 608 1838 Cicero,
640 1791 686 1829 de
717 1792 780 1837 iis,
815 1794 877 1843 qui
906 1799 992 1829 tunc
1023 1792 1251 1829 consulatum
1281 1799 1467 1842 peterent,
1500 1790 1705 1829 Caesarem

260 1848 406 1900 quidem
433 1856 574 1894 certum
606 1847 752 1898 putari3
787 1847 855 1886 sed
886 1848 966 1898 quis
997 1847 1094 1884 illius
1124 1848 1269 1897 collega
1297 1848 1443 1885 futurus
1474 1854 1598 1892 esset,
1628 1860 1706 1885 am-

257 1904 362 1954 bigi:
403 1904 606 1942 Thermum
642 1903 739 1940 enim
769 1916 850 1940 cum
884 1904 1011 1941 Silano
1050 1902 1305 1941 contendere:
1351 1915 1471 1954 neque
1499 1903 1590 1940 satis
1618 1916 1706 1940 cou-

260 1967 378 2005 stare,
412 1960 529 1997 utrius
562 1959 683 1996 sutura
714 1966 815 1996 esset
842 1959 1013 1996 victoria.
1065 1957 1184 1995 Addit
1214 1957 1365 2003 deinde,
1394 1959 1472 1996 suis
1499 1958 1704 1996 rationibus

259 2016 419 2052 maxime
458 2013 697 2060 conducere,
738 2021 778 2051 ut
812 2015 998 2052 Thermus
1034 2014 1097 2051 liat
1134 2027 1215 2051 cuin
1254 2013 1443 2051 Caesare:
1485 2027 1567 2051 eum
1607 2015 1704 2052 enim

259 2078 471 2108 curatorem
501 2082 584 2107 esse
606 2071 689 2107 viae
713 2069 943 2107 Flaminiae:
976 2082 1070 2120 quae
1100 2069 1269 2107 absoluta
1298 2083 1466 2118 magnam
1495 2070 1530 2106 ei
1549 2071 1705 2119 gratiam

258 2127 296 2163 in
331 2126 462 2176 vulgus
491 2125 732 2162 conciliatura
763 2126 830 2162 sit:
864 2138 910 2162 ex
941 2138 1012 2176 quo
1042 2125 1298 2175 consequitur,
1327 2124 1439 2162 duras
1470 2132 1595 2175 partes
1625 2126 1705 2162 eius

259 2182 366 2226 fore,
412 2180 474 2231 qui
516 2193 597 2217 cum
638 2181 719 2231 ipso
756 2179 985 2218 contendere
1021 2180 1195 2218 voluerit.
1267 2179 1396 2227 Quare
1443 2180 1514 2217 sibi
1552 2181 1702 2217 minime

258 2235 459 2287 optandum
485 2248 586 2281 esse,
615 2242 653 2272 ut
676 2235 863 2273 Thermus
886 2236 923 2272 in
946 2249 1080 2272 annum
1108 2248 1212 2272 suum
1238 2234 1395 2272 recidat.
1442 2234 1516 2273 Sed
1537 2241 1705 2285 praestat

259 2291 461 2329 Ciceronis
488 2291 602 2329 verba
632 2291 811 2337 recitare,
843 2291 895 2328 ita
926 2298 964 2328 ut
991 2304 1011 2328 a
1031 2290 1143 2327 Bosio
1173 2290 1478 2340 ingeniosissime
1509 2290 1703 2328 emendata

260 2355 368 2384 sunt:
411 2360 493 2384 nam
532 2353 572 2384 ut
608 2347 645 2383 in
675 2346 781 2383 libris
821 2353 931 2383 antea
971 2345 1079 2384 editis
1109 2346 1306 2395 leguntur,
1343 2346 1492 2382 nimium
1529 2353 1701 2396 quantum

258 2402 393 2440 absunt
417 2416 438 2440 a
466 2403 641 2440 veritate.
690 2401 808 2439 Totus
837 2402 951 2452 igitur
981 2402 1084 2439 locus
1108 2401 1166 2438 bic
1197 2408 1277 2439 est:
1310 2402 1463 2439 Nostris
1492 2401 1705 2439 rationibus

258 2459 421 2496 maxime
453 2459 664 2495 conducere
691 2458 860 2503 videtur,
907 2458 1103 2495 Thermum
1128 2457 1231 2506 fieri
1256 2469 1337 2494 eum
1371 2458 1536 2494 Caesare
1546 2470 1559 2502 3
1597 2469 1703 2494 nemo

259 2520 320 2551 est
345 2514 441 2550 enim
471 2527 520 2550 ex
554 2514 625 2558 z'z‘s,
667 2514 735 2563 qm'
765 2525 864 2550 nunc
890 2518 1050 2562 petunt,
1094 2514 1182 2562 qui,
1228 2513 1267 2550 εί
1290 2513 1327 2550 in
1364 2519 1536 2549 nostrum
1565 2525 1702 2549 annum

259 2570 462 2614 reciderit,
486 2568 648 2619 firmior
675 2569 901 2606 candidatus
926 2568 1024 2620 sore
1048 2568 1244 2606 videatur.-
1276 2573 1483 2618 propterea
1510 2567 1611 2618 quod
1639 2580 1702 2605 cu-

333 2671 377 2707 *J
397 2671 536 2701 Ratiasti
556 2671 760 2700 Lemovicum
781 2678 809 2700 a.
833 2672 924 2701 1580.
945 2672 974 2700 8.
1005 2672 1161 2706 Antvern.
1185 2674 1274 2702 1585.
1295 2675 1324 2703 8.
1364 2673 1495 2703 iunctim
1516 2673 1702 2706 prodierunt

259 2711 362 2738 Notae
382 2711 490 2738 Paulli
509 2710 643 2738 Manutii
673 2712 704 2737 et
725 2710 799 2738 Sim.
822 2710 911 2738 Bosii
939 2710 1083 2738 Francos.
1107 2710 1195 2739 1580.
1216 2712 1245 2739 8.
1284 2713 1333 2740 De
1352 2711 1449 2741 Bosio
1477 2711 1552 2739 vide
1572 2711 1703 2740 Carrio-

257 2749 534 2814 pginmfilipptndatt.
562 2748 618 2777 lib.
639 2749 663 2777 I.
686 2754 755 2782 cap.
780 2749 828 2777 15.
877 2746 925 2777 cs.
951 2748 1089 2776 Fabricii
1115 2748 1265 2778 Biblioth.
1284 2750 1354 2779 Lat.
1384 2751 1472 2778 Tom.
1493 2750 1517 2777 Ι.
1538 2755 1609 2784 pag.
1631 2749 1702 2778 177.

333 2833 401 2868 sest)
432 2835 499 2861 Hoc
518 2833 588 2862 iure
615 2831 816 2867 reprehendit
837 2832 1005 2861 vavassor
1025 2832 1065 2860 de
1085 2833 1118 2862 vi
1139 2835 1170 2862 et
1189 2841 1250 2863 usu
1270 2835 1358 2863 verb.
1380 2841 1451 2869 pag.
1474 2834 1545 2865 172.
1582 2833 1701 2864 Dicen-

258 2871 333 2900 dum
353 2872 423 2900 erat
442 2873 528 2900 recte
545 2878 587 2900 an
603 2878 703 2901 secus.
742 2872 781 2900 D.
802 2872 840 2900 R.
859 2886 897 2892 —-
936 2870 984 2900 Cf.
1002 2871 1116 2901 Kreas.
1136 2873 1303 2902 Antibarb.
1324 2879 1399 2909 pag.
1416 2871 1489 2902 441.
