1726 3106
542 118 641 160 ΜΒ..
672 118 744 157 IX.
803 116 921 157 CAP.
953 117 1023 156 lx.
1427 117 1507 159 199

61 245 181 283 genus
212 232 247 269 in
277 228 373 268 nuda
400 234 438 267 et
460 228 622 279 simplici
652 228 840 267 amicitiae
870 227 1145 279 significatione
1168 226 1369 280 ponebant.
1421 226 1503 264 Ho-

62 289 179 326 ratius
196 286 266 338 ’Ὧι

118 354 315 397 Suaviter,
345 357 390 388 ut
413 363 512 388 nunc
540 356 617 394 est,
647 349 823 399 inquam.-
852 353 891 385 et
917 349 1025 398 cupio
1054 349 1198 395 omnia,
1235 360 1331 399 quae
1357 348 1426 386 υἷε.

60 430 211 468 Plautus
243 426 518 478 Amphitruone
533 424 633 478 **):

223 493 377 532 Debetz's
401 493 518 538 velle,
551 505 646 543 quae
671 479 838 530 velemus.
894 491 1104 529 Meruimus

220 550 275 588 Ec
299 561 368 599 ego
398 555 434 587 et
457 555 572 599 pater
603 548 649 586 de
678 546 780 584 vobis
807 551 845 583 et
871 545 1079 597 republica.

567 676 1000 735 CAPUrlx

58 759 114 796 Dc
136 763 231 809 pom
258 769 380 809 aquae
419 762 487 794 αιιί
524 757 605 793 vini
629 751 862 792 circumdata
899 755 983 807 nive
1011 753 1253 807 refugerati.
1282 804 1285 808 Ι
1311 748 1507 792 Macrobii

598 812 700 849 locus
729 810 962 848 emendatus.

59 890 226 953 AQUAM
258 923 305 947 cx
329 908 509 947 dissoluta
538 923 581 947 ac
601 909 858 960 colliquefacta
885 909 969 946 nive
990 908 1186 961 pessimam
1218 914 1255 945 et
1280 905 1501 957 eorporIbus

60 966 417 1017 perniciosissimam
448 978 557 1010 esse,
600 972 638 1002 et
676 966 745 1002 iam
789 964 927 1014 pridem
961 963 1188 1001 Aristoteles
1216 963 1321 1013 quasi
1351 962 1502 999 oraculo

61 1020 175 1058 edidit
192 1021 318 1068 *φῆς
363 1027 402 1058 et
434 1033 583 1066 eorum,
627 1021 686 1069 qui
719 1021 788 1070 pal
782 1027 838 1056 ito
871 1020 1025 1070 obsequi
1064 1031 1170 1069 quam
1206 1018 1304 1055 illius
1340 1020 1502 1055 auctori-

60 1083 171 1112 tatem
214 1076 318 1126 sequi
350 1076 509 1120 malunt,
549 1074 761 1124 quotidiana
798 1076 1053 1125 experimenta
1091 1073 1296 1111 declarant.
1356 1073 1503 1110 Incom-

60 1130 168 1168 moda
191 1131 319 1180 igitur,
344 1143 437 1179 quae
461 1130 555 1167 nivis
582 1137 704 1179 potum
727 1136 946 1180 sequuntur,
971 1130 1119 1178 fugere,
1144 1135 1181 1166 et
1203 1135 1325 1166 tamen
1350 1128 1502 1166 aestivis

60 1185 249 1223 mensibus
281 1184 456 1235 frigidum
486 1185 616 1222 bibere
644 1185 705 1234 qui
741 1185 888 1231 volunt,
930 1185 1029 1222 vasis
1061 1183 1266 1233 duplicibus
1298 1185 1350 1221 uti
1381 1184 1505 1232 solent

61 1253 82 1278 e
120 1240 339 1277 tenuissima
375 1240 510 1276 lamina
551 1252 596 1276 eo
635 1240 794 1276 artificio
834 1239 966 1283 factis,
1016 1245 1053 1275 ut
1091 1239 1214 1275 vinum
1255 1245 1317 1275 aut
1353 1252 1503 1289 aquam,

61 1308 155 1346 quae
185 1295 287 1346 potui
308 1301 476 1345 paratur,
508 1294 606 1330 omni
629 1293 777 1343 quidem
799 1306 846 1331 ex
877 1300 980 1344 parte
1006 1293 1069 1330 nix
1093 1293 1246 1339 ambiat,
1279 1292 1346 1331 sed
1375 1307 1503 1331 eorum

61 1358 184 1388 tamen
214 1356 383 1387 neutrum
423 1350 613 1398 contingat
642 1361 763 1400 neque
794 1362 874 1386 cum
912 1350 968 1386 eis
1004 1350 1304 1387 commisceatur.
1363 1349 1418 1386 Ita
1448 1349 1502 1394 fii,

62 1413 101 1443 ut
132 1418 253 1456 neque
291 1405 417 1441 bibant
448 1405 594 1450 nivem,
639 1411 676 1442 et
706 1411 828 1441 tamen
869 1403 1108 1441 nihilominus
1145 1403 1320 1454 frigidum
1357 1404 1502 1449 bibant,

63 1473 169 1512 quam
210 1461 239 1497 si
280 1460 452 1497 biberent
500 1460 634 1505 nivem,
701 1458 760 1496 Ea
801 1472 857 1496 me
903 1458 1174 1496 consuetudine
1221 1466 1385 1496 utentem
1421 1472 1504 1496 cum

63 1517 203 1553 amicus
234 1514 394 1566 quidam,
428 1515 488 1564 qui
519 1514 744 1553 medicinam
770 1514 978 1561 factitabat,
1001 1527 1066 1564 pro
1097 1521 1224 1551 nostra
1255 1515 1506 1552 familiaritate

64 1569 382 1621 reprehenderet:
430 1569 505 1607 Vel
543 1582 591 1606 ex
628 1568 847 1613 Macrobio,
898 1569 1038 1619 inquit,
1082 1570 1113 1605 si
1157 1570 1254 1606 forte
1292 1577 1506 1607 nostrorum

64 1627 179 1664 libros
208 1626 328 1663 minus
362 1624 581 1674 frequenter
608 1623 776 1669 lectitas,
807 1623 956 1661 discere
988 1631 1164 1674 poteras,
1198 1625 1319 1662 nivem
1348 1625 1430 1675 quis
1457 1637 1506 1662 an

63 1694 194 1732 aquam
227 1679 297 1717 isto
336 1678 444 1716 modo
481 1678 757 1728 refrigeratam
780 1679 901 1724 bibat,
948 1679 1036 1716 nihil
1074 1680 1278 1717 interesse.
1339 1679 1507 1730 Cumque

65 1749 136 1786 ego
172 1734 374 1779 subridens
413 1733 607 1784 quidquam
649 1735 721 1772 tale
761 1733 857 1784 apud
884 1733 1119 1771 Macrobium
1158 1735 1233 1785 legi
1270 1735 1504 1773 abnuissem:

65 1791 233 1836 Iubesis,
265 1790 386 1840 inquit
414 1789 497 1834 ille,
530 1789 691 1840 proferri
723 1789 870 1826 libium.
931 1788 1014 1836 Quo
1044 1789 1183 1839 prolato
1219 1790 1270 1827 ita
1299 1789 1446 1841 quidem
1471 1791 1507 1828 in

66 1859 111 1884 eo
127 1845 178 1898 ἦ)
219 1845 332 1895 scrip
326 1858 397 1882 um
435 1844 672 1895 reperimus:
713 1847 793 1883 Iam
821 1845 981 1890 dadum,
1019 1845 1149 1895 z'nquzt
1170 1846 1360 1890 Avienus,
1401 1858 1510 1883 nosse

66 1915 176 1946 avec,
216 1914 286 1938 cm
314 1912 437 1950 aqua,
475 1913 570 1950 quae
604 1899 669 1938 obs
656 1901 766 1937 ρ’(ῑῐα
750 1900 874 1950 globis
908 1901 1046 1937 nl'vzzmz
1069 1901 1298 1950 perducam
1327 1901 1378 1937 ad
1405 1901 1508 1938 niva-

67 1958 137 1995 lem
168 1969 276 2006 71g0]
279 1969 357 2001 em
388 1968 466 1997 non,
493 1956 615 1992 minus
645 1957 682 1993 in
708 1963 802 2005 potu
830 1967 946 1993 nooeza
977 1962 1056 2000 est,
1097 1968 1207 2005 quam
1237 1969 1287 1992 ex
1316 1957 1398 2005 ipsa
1426 1968 1510 1993 neve

68 2024 167 2062 aqna
206 1983 390 2049 resolafa.
458 2008 534 2047 Sed
574 2009 620 2048 ad
658 2010 742 2047 libri
792 2010 994 2059 marginem
1032 2008 1258 2060 adscriptum
1304 2017 1385 2048 erat
1429 2023 1510 2048 mea

70 2080 201 2113 manu,
242 2065 457 2117 particulam
495 2078 568 2102 non
601 2064 812 2103 redundare
852 2072 889 2102 et
927 2063 1122 2102 delendam
1152 2064 1288 2102 videti.
1348 2064 1400 2101 At
1429 2066 1507 2112 ille,

67 2123 168 2167 Isto,
202 2121 345 2172 inquit,
388 2117 495 2157 modo
525 2120 632 2157 facile
664 2121 778 2163 fuerit
807 2120 958 2163 cuilibet
988 2121 1163 2170 scriptoii
1194 2120 1394 2171 quamlibet
1424 2134 1509 2158 sen-

68 2177 220 2214 tentiam
253 2175 468 2226 adfingere,
511 2175 541 2212 si
572 2187 618 2213 ex
651 2177 852 2226 negatione
890 2175 1186 2213 adfirmationem
1226 2177 1354 2213 facere
1384 2175 1506 2213 liccat.

68 2232 162 2270 Tum
193 2232 281 2282 ego,
313 2230 480 2278 Quaeso,
513 2230 675 2281 inquam,
707 2226 905 2269 considera
935 2244 1060 2276 earum
1092 2232 1276 2269 rationum
1309 2238 1509 2277 momenta,

71 2287 202 2338 quibus
239 2287 358 2325 statim
392 2286 613 2323 sententiam
654 2300 757 2324 suam
789 2287 1004 2324 confirmat:
1047 2294 1087 2323 nt
1115 2293 1245 2337 aperte
1282 2285 1410 2323 videas
1447 2299 1512 2323 nc-

72 2343 258 2392 gationem
288 2353 373 2379 esse
404 2339 617 2379 tollendam.
670 2341 736 2380 Ait
764 2343 860 2379 enim
887 2355 1015 2392 aquam
1048 2355 1068 2379 c
1091 2343 1175 2379 nive
1209 2342 1409 2392 liquefacta
1438 2355 1512 2378 non

74 2397 153 2434 solo
184 2397 328 2447 frigore
360 2408 523 2433 nocere:
566 2396 663 2447 quod
692 2398 724 2434 si
754 2404 880 2443 esset,
920 2398 1060 2435 faterer
1089 2397 1180 2443 tibi,
1212 2410 1331 2448 aeque
1364 2397 1513 2434 noxiam

74 2464 160 2490 esse
190 2453 319 2504 aquam
349 2451 398 2489 ex
429 2451 530 2490 fonte
558 2458 622 2489 aut
651 2465 697 2491 ex
724 2460 863 2506 pute0,
897 2460 962 2491 aut
985 2453 1103 2504 etiam
1134 2465 1240 2500 eam,
1277 2465 1348 2504 qua
1377 2465 1448 2503 ego
1475 2458 1516 2490 ut

151 2571 312 2607 ※)Satir.
333 2573 357 2600 1.
378 2571 408 2607 9,
430 2572 460 2599 5

150 2620 325 2655 τ)Ρι·οΙ
348 2626 379 2647 ν.
398 2619 440 2647 39
458 2627 506 2654 sq

204 2668 245 2702 -:::-)
267 2669 383 2695 Extant
404 2667 472 2695 eius
494 2667 593 2695 verba
612 2675 654 2696 ex
673 2669 913 2704 quaestionibus
933 2669 1075 2704 physicis
1093 2675 1144 2704 ap.
1164 2668 1311 2703 Gellium,
1333 2667 1386 2703 qui
1407 2668 1519 2697 eadem

79 2707 119 2736 de
139 2714 174 2734 re
195 2705 260 2739 agit
281 2707 368 2732 Noct.
389 2705 456 2733 Att.
486 2705 538 2732 lib.
559 2706 640 2733 XIX.
661 2713 728 2740 can
749 2709 797 2744 5.,
828 2708 884 2735 sed
906 2714 945 2735 ea
964 2708 1058 2735 hodie
1082 2707 1114 2735 in
1133 2690 1346 2736 Promema’tis
1367 2713 1429 2734 non
1454 2706 1519 2741 legi

78 2745 259 2774 iamdudum
281 2741 375 2771 Gellii
396 2741 585 2776 interpretes
605 2747 807 2773 annotarunt.
847 2747 958 2773 Faus-1.

155 2791 202 2835 Τ)
225 2793 353 2819 saturn.
374 2790 426 2817 lib.
449 2791 516 2818 v.11
536 2792 671 2824 cap.12.
692 2793 772 2821 med.
794 2793 864 2822 vot.
885 2793 924 2821 11.
945 2797 1017 2828 pag
1036 2791 1100 2821 254
1115 2799 1161 2828 sq.
1184 2792 1232 2822 ed.
1255 2791 1326 2829 Bip.
1358 2791 1522 2822 Editiones

81 2829 277 2860 recentiores
297 2828 497 2864 negationem
518 2829 676 2858 omittunt.

1531 1414 1594 1445 209
