1778 3096
510 157 611 197 LIB.
643 157 757 199 XIX.
817 156 937 198 CAP.
970 156 1100 198 XVII.
1442 156 1526 200 469

86 266 164 306 Sed
194 268 231 306 in
260 279 342 306 meo
370 273 500 306 vetere
528 266 639 306 Livio
667 267 828 318 legitur,
864 270 912 308 Ut
934 269 1095 318 propius
1115 267 1328 318 periculum
1345 266 1524 318 suerint.-

85 323 198 374 idque
219 323 381 361 fortasse
411 329 554 361 rectum
577 330 649 361 est.
694 323 825 361 Livius
856 323 1002 375 quidem
1028 335 1142 372 saepe
1158 322 1228 359 hac
1249 323 1527 361 constructione

85 381 220 415 utiturt
254 385 295 415 ut
323 377 420 416 libro
449 378 523 418 IV.
542 376 589 431 ᾗ)
624 380 784 428 Propius
814 386 873 416 est
893 378 1031 429 fidem.
1091 377 1141 415 Et
1171 377 1267 415 libro
1295 376 1429 416 XXV.
1447 375 1524 429 Μ)

78 434 311 483 propiusque
349 434 512 484 inopiam
550 440 664 471 erant
695 433 926 479 obsidentes,
975 446 1085 484 quum
1121 433 1272 470 obsessi.
1340 431 1393 469 Et
1430 432 1526 469 libro

83 486 275 527 XXVIII.
294 486 404 538 Ἠῶ)
441 490 490 527 Ut
512 490 669 539 propius
685 487 893 539 fastidium
921 489 1002 525 eius
1030 489 1112 534 sim,
1141 501 1251 538 quam
1282 488 1524 525 desiderium.

83 541 137 580 Et
165 542 259 580 libro
287 542 463 581 XXXV.
484 542 535 596 †)
575 544 703 581 Maior
729 544 859 591 gloria
888 544 1096 592 Scipionis.-
1135 550 1173 580 et
1201 556 1272 593 quo
1301 544 1424 581 maior
1433 570 1448 588 ,
1483 555 1527 580 eo

77 599 239 648 propior
267 599 459 636 invidiam.
514 597 564 634 Et
593 598 688 635 libro
716 596 863 636 XLIV.
883 595 966 649 ††)
993 598 1225 647 propiorque
1253 599 1528 647 gladiatorium

83 665 274 692 armorum
303 666 423 691 usum.
482 652 623 690 Notum
653 658 739 698 est,
783 660 821 691 et
849 652 941 690 alios
970 653 1114 703 primae
1153 652 1284 690 classis
1326 653 1528 702 scriptores

83 720 356 758 saepenumero
394 708 445 744 ita
485 707 601 758 loqui.
661 707 770 745 Talia
811 708 911 745 enim
948 714 1033 745 sunt
1070 707 1130 745 illa
1171 706 1366 746 Ciceronis
1381 707 1524 759 †††).

84 764 262 802 Prooez‘me
293 764 500 812 Pompeium
529 762 728 808 sedebam3
767 769 806 800 et
817 761 891 815 ᾗ),
931 763 1108 801 Prooeime
1136 763 1225 800 deos
1254 764 1416 800 accessit
1445 764 1527 800 Clo-

85 818 185 855 dius.
243 817 295 855 Et
324 816 417 854 illud
444 816 614 855 Sallustii
631 816 733 869 φῆς
775 820 817 856 In
847 819 985 855 dextro
1015 819 1159 863 latere,
1192 820 1292 868 quod
1313 819 1528 868 proximum

84 873 210 911 hostes
240 879 353 910 eratt
389 871 453 909 u-hi
482 880 605 910 tamen
646 873 757 923 vulgo
787 871 967 911 adversus
1004 880 1171 910 veterum
1204 872 1381 910 librorum
1418 871 1526 910 fidem

83 927 221 977 legitur
255 927 470 978 proximum
498 927 681 966 hostibus.
743 927 820 966 Sed
860 927 956 978 apud
987 927 1200 965 Sallustium
1240 927 1387 978 quidem
1420 927 1527 965 huius

82 982 238 1032 generis
267 982 518 1032 exemplorum
549 983 656 1033 copia
686 990 759 1021 est.
808 982 921 1030 Quod
948 990 1069 1021 autem
1100 983 1208 1033 paulo
1238 990 1322 1033 post
1350 984 1388 1020 in
1418 982 1527 1020 Livio

83 1038 136 1075 ita
164 1037 301 1088 legitur
316 1036 454 1086 ***),
488 1039 538 1076 Ut
562 1045 766 1089 appareret
789 1039 981 1085 omnibus,
1011 1039 1131 1076 maius
1162 1051 1258 1083 eum,
1290 1051 1399 1088 quam
1429 1039 1529 1088 quod

82 1099 261 1142 gereret„
287 1093 440 1142 agitare
464 1093 502 1130 in
532 1094 655 1132 animo
686 1094 846 1132 bellum.-
875 1107 948 1131 vox
976 1093 1143 1130 omnibus
1169 1093 1206 1130 in
1236 1093 1367 1131 ecdem
1397 1100 1526 1130 vetere

82 1147 181 1185 libro
219 1160 292 1185 non
334 1155 503 1198 apparet.
565 1146 675 1195 Quod
709 1149 915 1199 pueritiam
949 1148 1175 1186 Hannibalis
1212 1147 1324 1185 dicit:
1368 1160 1527 1186 necesse

83 1209 164 1248 est,
204 1202 456 1240 Hannibalem
487 1203 671 1241 moriente
709 1210 814 1254 patre
857 1217 929 1241 non
965 1204 1146 1240 minorem
1175 1202 1382 1241 octodecim
1420 1204 1527 1241 annis

82 1257 226 1295 fuisse:
267 1264 307 1294 ut
335 1258 468 1296 merito
499 1257 604 1295 credi
632 1259 773 1309 possit,
817 1259 1035 1296 calumniam
1061 1270 1171 1303 esse,
1212 1256 1309 1308 quod
1339 1257 1385 1295 de
1411 1259 1527 1309 ipsius

81 1311 313 1363 impudicitia
340 1311 500 1350 traditur
512 1311 581 1364 †).
639 1314 857 1351 Borehinae
884 1320 1008 1350 autem
1038 1312 1191 1350 factioni
1229 1312 1388 1350 libenter
1417 1313 1528 1363 spiri-

82 1375 159 1405 tum
190 1366 415 1405 detraxerim
449 1368 728 1419 Barcinamque
765 1368 998 1414 vocaverim,
1039 1380 1061 1404 a
1091 1370 1240 1412 Barca,
1281 1367 1376 1417 quod
1405 1369 1529 1406 Amil-

83 1424 172 1461 cari
196 1435 403 1473 cognomen
433 1423 519 1461 fnit.
579 1422 657 1460 Sed
687 1430 724 1461 et
750 1422 814 1460 ubi
842 1423 952 1473 vulgo
982 1424 1160 1473 auspiciis
1188 1424 1403 1472 regulormn
1434 1424 1528 1473 legi-

83 1484 145 1516 tur
158 1476 267 1530 ††)‚
309 1478 392 1516 sine
421 1478 682 1515 controversia
707 1478 837 1516 melius
875 1485 933 1515 est
961 1479 1005 1515 in
1029 1477 1218 1515 veteribus
1251 1479 1446 1528 auoupiis:
1486 1485 1526 1516 ut

81 1533 357 1583 intelligamus,
407 1545 491 1571 eum
530 1533 744 1582 regulorum
782 1534 965 1571 amicitias
1007 1533 1184 1583 aucupari
1231 1531 1375 1569 solitum
1422 1545 1522 1572 esse.

82 1587 376 1637 Elegantissima
413 1594 536 1625 autem
566 1588 791 1626 Hannibalis
827 1587 1031 1639 descriptio
1047 1586 1160 1640 †††)
1199 1587 1273 1624 olet
1307 1587 1444 1639 aliquid
1478 1600 1525 1626 ex

83 1642 337 1695 descriptione
377 1641 562 1681 Catilinae
599 1642 826 1680 Sallustiana
842 1643 910 1696 9ρε’).
988 1643 1098 1681 Hauc
1144 1641 1290 1693 quidem
1328 1643 1523 1683 Livianam

82 1698 199 1737 Silius
235 1699 402 1736 carmine
442 1699 707 1750 pereleganter
746 1699 949 1749 expressit.
1019 1698 1105 1735 Hoc
1148 1705 1293 1744 tamen,
1342 1698 1439 1750 quod
1478 1698 1526 1737 de

81 1753 296 1793 Hannibale
327 1752 421 1791 dixit
445 1751 688 1806 Livius**),
730 1766 812 1792 eum
835 1755 1042 1805 prinoipem
1067 1755 1250 1803 proelium
1280 1755 1402 1800 inire,
1436 1755 1523 1792 ulci-

81 1823 179 1848 mum
209 1808 382 1861 consecto
414 1810 564 1860 proelio
599 1810 781 1847 eme-edere
808 1811 981 1855 solitum,
1027 1808 1141 1846 Silius
1156 1806 1258 1861 ’ἵῆεῆ
1296 1809 1345 1848 ad
1378 1810 1522 1860 Tagum
1551 1818 1612 1849 495

81 1863 399 1913 accommodavit,
428 1865 489 1903 cui
516 1864 587 1902 hoc
618 1864 769 1911 tribuit,
802 1863 900 1915 quod
929 1864 1044 1902 fuerit

244 1943 395 1982 Primus
421 1943 521 1982 inire
547 1954 685 1992 manu,
709 1950 925 1994 postremus
947 1955 1090 1994 ponere
1119 1942 1266 1982 bellum.

155 2076 201 2113 *J
221 2083 289 2112 cap.
311 2075 362 2106 1⁷.

154 2125 225 2161 >xz-*J
244 2133 314 2161 cap.
334 2125 384 2154 1¹.

154 2174 250 2210 etz-³:³23)
268 2181 338 2209 cap.
358 2173 410 2203 40.

154 2222 203 2263 ἦ)
223 2230 291 2258 cap.
312 2222 361 2252 1⁰.
400 2221 561 2253 Drakenb.
583 2224 684 2253 maior
701 2222 804 2262 yloria
822 2222 859 2252 in
879 2222 1078 2260 Scipione.

153 2271 230 2311 ††)
250 2279 318 2307 can-
337 2271 369 2300 9·

155 2318 259 2359 †††]
278 2319 380 2354 Epist.
399 2319 441 2348 ad
459 2319 528 2349 Att.
548 2321 573 2351 1.
594 2320 644 2350 14.
663 2321 696 2356 §-
713 2320 744 2350 3.

155 2367 201 2403 ὅτε)
221 2374 279 2402 pro
299 2367 409 2396 Milon.
429 2373 498 2403 cap.
519 2368 569 2397 22.
591 2368 624 2404 S.
644 2368 695 2397 59.

80 2452 105 2492 S
135 2415 225 2485 iat-³12)
245 2416 385 2482 1u5ggrtn.
400 2421 469 2451 cap.
483 2414 534 2445 49.
549 2415 582 2452 S.
593 2416 624 2446 6.
656 2415 816 2451 Exempla
829 2414 958 2450 collegit
970 2414 1114 2445 Kritqus
1130 2414 1171 2445 ad
1187 2414 1267 2446 San.
1285 2415 1380 2447 Catil.
1395 2421 1463 2452 cap.
1476 2414 1526 2445 11.

108 2476 115 2484 .
157 2475 165 2484 .
185 2459 257 2489 pag.
320 2474 328 2482 .

158 2501 253 2537 *³33
272 2507 342 2536 cap.
362 2501 392 2530 2.
412 2501 551 2531 omnibus
569 2502 609 2530 ab
629 2500 806 2531 editoribus
826 2500 999 2539 reiectum,
1019 2501 1174 2530 Barcinae
1194 2508 1278 2532 nunc
1295 2502 1467 2538 receptum.

158 2549 206 2590 ἦ)
225 2556 294 2585 cap.
313 2550 345 2579 3.
385 2548 433 2580 Cf.
453 2556 552 2585 supra
570 2549 624 2578 lib.
645 2550 714 2579 XV.
734 2556 804 2584 cap.
825 2548 875 2579 14.
894 2581 897 2584 Α

159 2596 233 2637 >kl-J
254 2604 322 2634 cap.
343 2597 374 2627 2.
412 2598 543 2628 Recent.
564 2597 653 2628 editt.
671 2597 822 2633 hospitiis.

161 2645 263 2685 *effi
283 2653 352 2682 can.
372 2645 403 2675 4.

159 2694 206 2730 εκ)
226 2694 321 2724 Catil.
340 2701 411 2729 cap.
429 2693 461 2723 5.
499 2692 548 2724 ef.
569 2692 642 2724 Silii
661 2693 770 2724 Punlc.
790 2695 815 2723 Ι.
835 2692 898 2723 242
913 2699 982 2729 sqq.

159 2742 232 2777 >22==÷1÷J
251 2749 321 2778 cap.
339 2742 370 2772 4.
409 2742 508 2773 Codd.
529 2744 561 2772 et
580 2741 668 2770 editt.
689 2743 849 2778 conserto,
877 2741 1026 2776 Sigonius
1046 2739 1196 2777 confecto.

161 2790 256 2828 *uta—2)
275 2790 388 2823 Punic.
406 2792 431 2822 1.
451 2790 523 2823 16⁰.
544 2789 598 2822 ubi
617 2789 737 2826 legitur
753 2796 872 2827 ponere
889 2790 1035 2821 Martem.
