1778 3096
512 126 610 165 LIB.
639 125 793 167 XVIII.
854 126 973 167 CAP.
1008 127 1096 167 Vll.
1446 126 1529 169 427

88 235 161 275 fide
192 238 502 289 repraesentavit.
556 236 692 275 Extitit
723 243 852 288 postea
883 235 992 275 homo
1023 237 1347 288 ingeniosissimus
1376 244 1413 276 et
1442 250 1530 276 eru-

87 291 293 330 ditissimus
310 291 380 344 *)‚
412 294 473 345 qui
504 291 550 330 de
582 306 626 330 eo
659 293 741 330 loco
771 292 862 329 satis
895 293 1047 343 copiose
1077 293 1250 342 scripsit,
1283 295 1530 331 necessariis-

87 361 159 399 que
188 348 394 386 rationibus
418 349 588 399 pervicit,
615 360 734 398 neque
757 354 906 397 patrem
932 360 1051 398 neque
1072 355 1271 398 parentem
1298 348 1370 398 legi
1393 362 1525 399 posse:

87 401 183 454 quod
213 416 331 453 neque
370 403 416 440 de
447 410 549 455 patre
582 402 761 447 Antonii,
803 415 922 452 neque
955 401 999 440 de
1036 404 1190 448 vitrico,
1235 417 1355 455 neque
1387 403 1433 441 de
1464 417 1527 455 pa-

87 464 193 503 truo,
233 471 353 508 neque
384 457 430 496 de
460 472 640 510 quoquam
680 470 727 494 ex
759 457 936 494 fratribus
968 457 1103 494 dietum
1140 458 1209 495 hoc
1241 459 1456 508 intelligere
1487 460 1532 497 li·-

88 519 208 550 ceret.
269 514 408 551 Statuit
449 515 585 565 igitur,
625 511 820 562 legendum
853 524 939 549 esse
979 514 1031 550 ad
1060 522 1217 550 matrem
1248 521 1374 552 tuam.-
1420 513 1531 565 idque

86 567 133 605 ab
163 568 246 605 aliis
276 582 408 619 magno
436 581 618 607 consensu
649 567 842 618 probatum
874 574 943 604 est.
992 567 1119 617 Magis
1144 576 1266 606 autem
1292 569 1531 608 confirmatus

87 630 189 660 esset
229 624 265 661 in
306 625 367 661 illa
407 624 614 669 sententia,
655 623 688 659 si
723 629 888 660 veterem
927 622 1060 660 librum
1098 622 1273 669 vidisset,
1318 638 1426 675 quem
1459 638 1531 675 ego

87 685 218 728 postea
248 686 376 717 nactus
407 693 510 725 sum,
544 679 579 716 in
611 691 682 729 quo
712 678 848 728 legitur
876 677 1020 728 quidem
1052 679 1104 716 od
1124 685 1273 728 patrem
1302 686 1428 726 tuum,
1464 679 1532 718 sed

87 733 163 779 ita,
205 740 245 770 ut
274 736 471 772 manifesto
511 747 557 771 ex
594 734 702 770 litura
733 740 932 782 appareat,
975 734 1151 784 scriptum
1191 735 1293 784 prius
1330 735 1446 773 fuisse
1482 735 1535 773 ad

87 795 243 827 matrem
274 797 399 835 tuum,
432 788 566 826 deinde
598 801 705 826 erasa
735 789 858 826 littera
886 802 920 826 m
949 790 1181 826 substitutam
1214 789 1251 826 in
1283 790 1403 827 locum
1434 791 1532 828 illius

88 843 247 881 litteram
271 859 323 895 p,
365 845 409 882 ab
442 844 566 894 aliquo
606 843 806 890 videlicet,
851 845 911 894 qui
949 851 1022 881 tam
1063 851 1231 895 apertum
1271 845 1533 883 soloecismum

88 898 191 937 ferre
224 913 295 936 non
326 907 466 950 posset.
526 898 611 949 Ego
641 906 762 936 autem
794 912 866 936 non
897 899 1045 946 dubito,
1084 900 1170 950 quin
1199 898 1294 937 duae
1324 901 1444 950 potius
1473 901 1535 938 lit-

88 960 193 991 terae
224 953 483 1006 adiungendae
524 955 687 1001 suerint,
730 953 1042 1006 seribendumque
1078 957 1130 992 ad
1167 962 1371 995 amatorem
1407 963 1531 994 tumn.-

88 1016 128 1046 ut
156 1009 406 1060 intelligamus
436 1009 654 1054 Curionem,
688 1009 793 1048 cuius
824 1010 990 1060 impurae
1021 1009 1167 1047 libidini
1194 1023 1262 1062 pro
1293 1018 1417 1048 scorto
1448 1019 1535 1049 tunc

89 1071 171 1101 erat
197 1064 403 1103 Antonius.
463 1064 588 1116 Atque
630 1065 699 1102 hoc
741 1066 792 1102 ita
834 1065 922 1102 mihi
964 1066 1160 1116 perspicue
1201 1077 1329 1103 verum
1370 1066 1533 1113 videtur,

88 1125 130 1156 ut
159 1132 204 1157 ne
236 1120 527 1158 confirmandum
564 1120 710 1171 quidem
752 1120 918 1171 pluribus
949 1121 1073 1159 verbis
1113 1127 1253 1171 putem.
1314 1120 1430 1159 Certe
1462 1121 1537 1159 Ca-

90 1174 192 1212 retus
223 1175 425 1225 Sigonius,
464 1189 544 1213 cum
575 1175 795 1213 sententiam
827 1188 940 1226 super
969 1188 1015 1214 eo
1048 1176 1128 1215 loco
1160 1189 1278 1214 meam
1309 1175 1439 1214 decem
1470 1177 1536 1214 ab·

91 1228 178 1267 hinc
206 1243 323 1267 annos
353 1244 420 1281 per
450 1232 594 1268 litteras
625 1231 884 1281 exquisiisset,
916 1231 967 1268 ita
998 1244 1078 1268 eam
1109 1231 1301 1282 probavit,
1333 1238 1373 1268 ut
1402 1231 1447 1270 ad
1478 1245 1536 1270 me

88 1291 221 1335 postea
256 1286 472 1338 scripserit,
526 1285 617 1323 nihil
653 1286 722 1323 sibi
759 1284 878 1323 videri
918 1287 1087 1337 potuisse
1126 1287 1268 1325 rectius
1311 1293 1374 1324 aut
1409 1288 1536 1326 verius

90 1340 263 1391 eogitari.

584 1428 877 1469 CAPUT
931 1429 1037 1470 VII.

311 1508 406 1549 Alia
435 1508 521 1545 item
550 1521 599 1546 ex
626 1509 754 1546 eadem
783 1510 956 1547 oratione
984 1509 1119 1547 menda
1146 1509 1312 1550 sublata.

93 1585 215 1644 SUNT
251 1606 286 1643 in
317 1605 539 1658 Philippicis
577 1605 697 1645 adhuc
728 1606 933 1659 quaedam,
974 1620 1068 1659 quae
1106 1614 1143 1646 et
1174 1622 1290 1647 meam
1327 1615 1365 1648 et
1393 1608 1537 1648 Fae'rni

92 1661 322 1711 diligentiam
354 1662 551 1711 fugerunt:
588 1675 701 1713 quae,
745 1670 783 1700 ut
811 1663 980 1714 quodque
1014 1665 1224 1702 occurrerit
1240 1665 1338 1715 ἱΜ’ἓ),
1381 1666 1535 1704 notabo.

92 1717 186 1756 Tale
226 1724 285 1754 est
323 1717 410 1754 illud
444 1730 465 1755 e
503 1717 597 1755 libro
639 1717 803 1756 secundo
820 1716 946 1771 ***):
992 1721 1175 1757 Licinium
1218 1722 1451 1759 Denticulam
1492 1723 1538 1759 de

93 1774 177 1811 alea
206 1773 504 1819 condemnatum,
537 1774 761 1811 collusorem
790 1787 911 1820 suum,
942 1776 1130 1812 restituit:
1162 1777 1380 1826 quasivero
1410 1778 1540 1815 ludere

94 1841 176 1866 cum
205 1829 452 1866 condemnato
481 1842 555 1866 non
586 1829 741 1867 liceret.-
781 1831 850 1867 secl
878 1836 940 1875 ut,
982 1831 1082 1880 quod
1111 1831 1150 1867 in
1180 1833 1265 1869 alea
1296 1833 1536 1882 perdiderat,

95 1883 273 1933 beneficio
303 1885 398 1933 legis
428 1884 661 1922 dissolveret.
711 1884 786 1922 Ubi
818 1886 869 1922 ita
893 1884 1090 1935 legendum
1115 1892 1194 1922 est:
1228 1887 1412 1925 Licinium
1440 1890 1540 1925 Den-

96 1939 249 1977 ticulam
284 1939 330 1975 de
360 1939 443 1976 alea
484 1940 765 1977 condemnatum
775 1968 787 1986 ‚
831 1941 1052 1978 collusorem
1085 1954 1192 1978 suum
1230 1944 1423 1981 restituit.-
1465 1957 1539 1981 non

96 1994 209 2044 quasi
244 1994 372 2031 ludere
411 2007 492 2032 eum
530 1996 772 2032 condemnato
809 2009 882 2033 non
922 1997 1055 2033 liceret
1081 2002 1118 2033 et
1145 2003 1287 2034 cetera.
1346 1998 1400 2034 At
1429 1997 1542 2035 Lam-

95 2048 204 2086 binus
235 2062 340 2100 quam
372 2050 482 2087 multa
512 2048 557 2087 de
588 2063 654 2087 suo
685 2049 825 2087 addidit
843 2050 927 2104 †)?
982 2050 1117 2102 Neque
1148 2052 1299 2089 mirum:
1333 2067 1406 2090 non
1440 2055 1540 2092 enim

96 2103 333 2143 librariorum
361 2112 483 2142 errata
509 2105 686 2151 tollebat,
714 2105 780 2144 sed
809 2105 1032 2145 Ciceronem
1063 2108 1204 2157 ipsum,
1238 2108 1268 2144 si
1294 2108 1439 2158 quando
1466 2123 1539 2147 non

99 2160 190 2197 satis
229 2159 420 2198 commode
459 2161 602 2198 locutus
637 2160 851 2208 videretur,
892 2162 1118 2211 corrigebat.
1182 2165 1220 2200 V
1216 2165 1378 2201 o'lumlzza
1416 2172 1539 2202 autem

97 2217 232 2260 mima.
268 2215 313 2254 de
347 2229 417 2266 qua
447 2216 522 2253 illic
554 2223 627 2253 tam
659 2218 771 2255 multa
801 2217 974 2255 dicuntur
988 2217 1096 2270 ††)‚
1140 2218 1212 2255 fitia
1241 2226 1323 2255 crat
1351 2219 1540 2257 Volumnii

97 2271 220 2316 mimi,
261 2284 367 2322 quem
398 2284 522 2309 secum
554 2273 589 2309 in
625 2273 758 2310 castris
789 2273 977 2312 Antonius
1008 2273 1189 2319 habebat,
1232 2280 1270 2310 ut
1298 2276 1542 2324 cognoscitur

99 2338 148 2364 ex
176 2326 379 2364 Plutarcho
409 2327 446 2364 in
474 2326 592 2364 Bruto
610 2327 749 2381 †††):
783 2336 842 2375 et,
876 2330 948 2367 nisi
981 2342 1037 2367 me
1069 2329 1198 2366 fallunt
1227 2330 1365 2375 omnia,
1398 2331 1429 2367 is
1460 2331 1540 2380 ipse

99 2388 159 2419 est
195 2382 441 2427 Volumnius,
480 2380 526 2420 ad
563 2396 670 2434 quem
707 2383 845 2422 Cicero
881 2385 1008 2423 iocose
1047 2391 1085 2422 et
1122 2384 1357 2423 fimiliariter
1392 2387 1540 2433 scribit,

174 2490 219 2554 ἶ)
241 2493 594 2525 Georg.Buct1ananuS.
632 2492 865 2523 Vid.1ambin.
904 2496 1016 2523 FAEsr.

191 2539 244 2574 ⁴52³)
266 2540 377 2574 Quidni
399 2541 519 2574 potius:
541 2543 573 2569 u!
590 2543 744 2577 quidque?
765 2543 816 2571 Sir
837 2545 922 2571 certe
940 2542 1017 2571 alibi
1036 2543 1177 2578 loquitur
1195 2545 1348 2582 mitreum,
1368 2546 1402 2574 ut
1421 2546 1474 2574 lib.
1490 2547 1545 2576 lX.

101 2584 170 2613 cap.
178 2580 235 2636 13
251 2581 333 2606 extr.
355 2579 407 2609 lib
425 2580 461 2607 X.
479 2586 548 2613 cap.
566 2579 594 2607 4.
616 2587 677 2607 non
697 2582 791 2615 longe
812 2582 851 2609 ab
873 2581 938 2610 init.
972 2580 1019 2609 Cf.
1040 2582 1079 2609 ad
1096 2582 1149 2610 lit).
1166 2584 1247 2610 th.
1265 2590 1333 2617 cap.
1342 2567 1404 2612 ⁷.19
1434 2586 1544 2613 lensi

100 2636 215 2693 ωθῃῑζ
216 2625 357 2662 ffijcap,
379 2627 429 2656 ²³·
450 2627 483 2663 §—
503 2628 553 2657 56.
590 2628 727 2658 Orelltus
747 2630 945 2668 Lenticulam,
967 2629 999 2658 in
1019 2638 1106 2667 seqq.
1127 2639 1197 2660 cum
1215 2631 1360 2660 Ernestio
1382 2633 1545 2667 vulgatam

107 2749 136 2779 n
153 2711 226 2779 aig-3
241 2711 344 2779 clefpsit
362 2712 525 2744 nimirum:
552 2716 702 2753 restituit,
730 2721 793 2744 non
811 2715 844 2744 ut
863 2716 982 2746 luderet
1001 2723 1070 2745 eum
1089 2717 1260 2747 restituto.
1291 2741 1298 2748 .
1326 2721 1359 2748 ut
1385 2720 1468 2755 quod
1493 2720 1547 2750 ille

102 2758 114 2779 ι
186 2758 201 2778 e

181 2797 254 2836 -Χ-τ)
276 2806 345 2834 cap.
365 2799 406 2829 24
425 2808 473 2836 sq.

181 2846 281 2886 †††)
300 2856 368 2885 cap.
390 2850 441 2880 45.

1561 1293 1624 1325 45⁰
