1726 3106
527 125 625 166 LIB.
656 127 748 169 VII.
807 125 926 166 CAP.
958 126 1068 166 XXI.
1438 128 1518 172 157

81 239 305 278 Ciceronem
342 238 499 291 reperiri
537 237 714 276 arbitror.
775 235 818 275 Id
854 249 911 274 me
950 237 1068 286 magis
1103 242 1249 284 movet,
1295 235 1390 288 quod
1431 251 1518 287 gra-

81 296 191 333 minis
221 307 351 332 nomen
383 307 449 345 pro
488 293 550 330 illo
582 300 657 330 toto
685 305 825 343 genere
864 291 1059 328 herbarum
1092 293 1341 342 pratensium,
1384 294 1516 343 quibus

81 351 278 388 exsiccatis
316 356 353 386 et
380 348 493 386 aridis
530 347 575 385 ad
607 350 809 398 pastionem
839 347 1048 384 animalium
1085 348 1243 393 utimur,
1289 347 1384 398 apud
1415 349 1515 385 solos

79 408 206 455 poe'tas
238 404 336 454 lego.
393 402 555 447 Deinde,
588 410 627 440 ut
656 403 745 440 satis
775 402 844 439 hoe
873 414 893 437 e
917 399 1114 438 Ciceronis
1145 402 1412 440 consuetudine
1441 403 1515 440 diei

79 472 189 510 posse
219 457 369 496 demus:
415 456 555 494 insulsa
588 464 707 494 tamen
740 463 777 494 et
813 454 962 505 illepida
993 456 1065 492 erit
1100 458 1235 495 oratio.
1293 458 1377 496 Hoc
1417 460 1514 496 enim

79 512 237 563 denique
265 511 365 549 dicet
394 510 555 549 Cicero:
594 515 691 551 Num
723 512 841 562 egitur·
867 511 1052 548 utiliorem
1086 511 1158 548 tibi
1188 513 1287 550 hunc
1326 515 1514 551 Triarium

78 580 160 605 esse
182 580 294 618 posse
316 572 445 617 putas,
478 579 585 616 quam
616 568 653 603 si
677 573 762 604 tuae
789 567 869 603 sinc
895 566 1057 602 Puteolis
1084 566 1255 604 herbae?
1305 566 1358 604 At
1385 567 1509 606 dices:

77 629 182 674 prata
218 621 288 659 hoc
327 620 498 671 loquendi
535 633 674 671 genere
718 620 907 670 intelligit.
974 618 1027 656 Et
1062 627 1186 669 potest
1223 622 1391 671 cuiquam
1429 636 1515 673 per-

79 676 253 722 suaderi,
295 675 515 713 Ciceronem
548 684 619 713 tam
651 682 818 713 contorte
846 675 1030 720 locutum,
1064 681 1124 720 ut,
1155 688 1236 713 cum
1266 677 1378 714 vellet
1409 685 1514 728 prata

77 731 223 777 dicere,
257 732 417 768 nolucrit
446 744 490 768 ca
520 745 584 768 suo
616 731 761 768 nominc
794 730 1004 781 appellare,
1036 731 1204 779 gramina
1232 732 1422 770 maluerit:
1457 740 1512 779 ut,

77 787 139 838 qui
180 785 352 824 audirent
398 786 614 835 legeremve
661 799 725 836 pro
773 785 1002 835 graminibus
1051 785 1209 832 herbas,
1270 800 1336 837 pro
1384 787 1512 826 herbis

76 848 182 892 prata
219 841 392 892 accipere
431 854 587 878 necesse
626 840 832 878 haberent?
887 840 983 877 Nam
1015 841 1157 886 locum,
1204 855 1310 892 quem
1342 855 1363 880 e
1394 844 1512 894 primo

76 896 123 934 de
160 896 305 934 Natura
342 895 490 932 deorum
527 895 737 945 adduxit*)
779 896 994 941 Victorius,
1039 895 1125 946 quid
1163 897 1288 935 valere
1329 897 1375 941 ad
1413 899 1512 937 illam

75 952 294 1002 scripturam
333 951 619 988 confirmandam
649 949 873 995 crediderit,
918 951 1069 987 neseio:
1108 964 1203 1001 ego,
1243 954 1304 1004 qui
1335 966 1412 990 eam
1444 955 1513 992 im-

74 1020 220 1057 pugno,
262 1018 343 1043 eum
373 1007 487 1055 ipsum
525 1006 643 1043 locum
684 1005 789 1043 valde
822 1007 947 1043 facere
978 1019 999 1043 a
1030 1018 1087 1043 me
1124 1015 1225 1057 puto.
1286 1008 1437 1047 Etenim
1479 1012 1511 1048 si

74 1062 126 1098 ita
157 1060 312 1098 dixisset
341 1060 503 1098 Cicero:
550 1061 739 1110 gramina,
772 1068 809 1097 ct
837 1074 946 1105 arva,
985 1067 1022 1097 et
1050 1061 1231 1111 pecudum
1260 1077 1397 1113 greges
1427 1065 1512 1103 diti-2

74 1124 213 1166 guntur
247 1117 318 1152 isto
349 1115 475 1166 mod03
520 1122 706 1160 tacerem,
751 1116 1007 1166 quiescerem,
1053 1117 1205 1154 verbum
1239 1120 1395 1169 amplius
1436 1135 1510 1160 nou

73 1170 269 1208 adderem:
316 1171 411 1207 nullo
446 1169 552 1206 modo
593 1170 637 1207 de
670 1171 877 1220 scripturae
910 1171 1006 1207 illius
1043 1171 1255 1221 integritate
1285 1173 1507 1214 dubitarem.

72 1225 181 1263 Nunc
211 1224 295 1276 quid
327 1225 406 1262 ait‘?
461 1227 599 1271 Prata,
629 1231 667 1262 et
695 1238 809 1271 ανιά,
853 1232 891 1262 el
911 1226 1094 1274 pecudum
1120 1240 1259 1277 greges
1296 1236 1333 1266 et
1363 1238 1507 1269 cetera.

71 1280 217 1331 Nempe
246 1281 380 1330 igitur,
424 1287 462 1315 ut
492 1280 552 1316 hic
582 1286 686 1330 prata
715 1293 782 1316 suo
812 1280 960 1316 nomine
990 1283 1201 1330 expressit,
1236 1284 1285 1320 ita
1316 1285 1390 1322 illic
1419 1299 1509 1335 quo-

72 1348 169 1386 que,
211 1335 242 1372 si
283 1341 384 1384 prata
426 1333 550 1372 dicere
589 1333 792 1380 voluisset,
838 1341 942 1384 prata
981 1334 1155 1382 dixisset,
1210 1352 1280 1375 non
1320 1342 1504 1389 gramina.

70 1390 195 1428 Recte
232 1391 346 1439 igitur
386 1389 560 1427 iudicavit
588 1389 800 1435 Manutius,
842 1390 958 1427 locum
999 1391 1095 1428 hunc
1123 1392 1211 1430 vitio
1248 1407 1319 1431 non
1359 1409 1504 1434 carere.

71 1445 166 1483 Illud
194 1446 312 1482 minus
343 1451 466 1482 recte:
509 1444 603 1495 quod
635 1445 715 1481 sine
753 1447 973 1483 auctoritate
1010 1447 1147 1484 vetusti
1177 1447 1317 1487 codicis
1344 1454 1507 1501 praedia

73 1514 139 1551 pro
176 1502 352 1549 gramina
393 1498 685 1536 substituendum
731 1501 885 1550 putavit.
955 1499 1039 1551 Ego
1084 1502 1120 1539 in
1160 1504 1374 1554 quibusdam
1415 1510 1506 1546 satis

72 1555 260 1593 veteribus
297 1555 399 1592 libris
436 1555 486 1591 ita
518 1555 692 1604 scriptum
724 1556 897 1605 reperio:
939 1557 1036 1594 Num
1071 1558 1190 1606 rge‘tur
1224 1562 1408 1600 utiliorem
1439 1565 1512 1602 tibi

73 1611 170 1648 leuno
209 1611 396 1648 Triarium
430 1616 545 1659 putas
574 1622 653 1646 esse
685 1623 819 1659 posse,
862 1623 970 1660 quam
1005 1613 1081 1649 sinc
1122 1620 1186 1650 lua
1217 1617 1381 1654 Puteolis
1410 1631 1506 1668 gra-

72 1665 215 1704 naria?
270 1664 394 1714 Atque
430 1664 522 1701 haec
551 1671 738 1714 postrema
768 1678 838 1701 vox
874 1665 923 1702 ita
951 1666 1058 1702 etiam
1100 1667 1136 1704 in
1172 1670 1387 1718 quibusdam
1419 1675 1505 1712 olim

72 1721 221 1758 excusis
249 1719 400 1769 legitur.
462 1719 567 1766 Quae
597 1719 781 1769 scriptura
817 1733 895 1757 cum
927 1720 1077 1758 absurdi
1112 1723 1201 1760 nihil
1240 1725 1398 1774 habeat,
1439 1743 1508 1768 cur

71 1776 131 1820 ei,
176 1787 268 1826 quae
298 1775 407 1824 vulgo
445 1780 595 1823 recepta
634 1782 710 1824 cst,
751 1774 1006 1825 anteponenda
1045 1791 1114 1814 non
1155 1779 1224 1824 sit,
1267 1795 1337 1818 non
1379 1783 1503 1823 video,

71 1830 175 1868 Nihil
193 1830 287 1866 enim
314 1829 498 1879 prohibet,
531 1829 756 1879 Torquatum
788 1830 883 1867 hunc
905 1833 1078 1880 granaria
1107 1835 1297 1885 quaepiam
1319 1837 1506 1890 Puteolis,

70 1898 91 1924 e
122 1885 252 1936 quibus
279 1897 431 1935 magnos
461 1884 604 1922 fruetus
634 1885 867 1936 perciperet,
898 1885 1087 1925 habuisse.

550 2003 835 2043 CAPUT
890 2004 1019 2043 XXI.

73 2083 148 2133 Quz'
159 2079 315 2132 suerint
327 2078 406 2134 *ἢ
437 2083 659 2120 Arz‘stotelz‘s
687 2081 780 2119 libre·
801 2083 847 2119 cle
872 2082 1125 2134 Philosophia,
1158 2087 1328 2138 quodque
1355 2091 1503 2132 illorum

161 2142 439 2187 argumentum.
498 2138 716 2175 Illustralus
746 2138 849 2175 locus
879 2150 898 2174 e
922 2140 1046 2188 primo
1081 2141 1177 2179 libro
1209 2144 1401 2184 Ciceronis

570 2193 616 2229 cle
644 2193 795 2231 Natura
826 2194 994 2231 deorum.

66 2270 308 2336 VELLEIUS,
340 2291 401 2341 qni
429 2289 523 2340 apud
547 2289 768 2329 Ciceronem
802 2291 846 2330 de
873 2292 1017 2330 Natura
1049 2292 1200 2333 deorum
1215 2294 1315 2349 ἢῆ)
1346 2298 1502 2351 Epicuri

67 2353 193 2398 partes
222 2352 368 2391 tuetur,
407 2346 589 2396 principio
627 2345 886 2397 disputationis
926 2361 1014 2386 suae
1056 2357 1221 2390 veterum
1259 2353 1501 2407 philosopho-

67 2414 148 2439 rum
181 2413 293 2451 supcr
332 2413 375 2438 ea
413 2413 453 2438 re
492 2402 694 2438 sententias
732 2403 982 2440 enumerando
1012 2414 1233 2455 percenset:
1280 2410 1417 2456 eredo,
1461 2420 1502 2450 ut

68 2469 149 2494 cum
181 2456 273 2493 alias
303 2468 431 2493 omnes
461 2462 523 2493 aut
553 2456 773 2503 refellisset,
806 2466 867 2495 aut
895 2459 1093 2505 illusisset,
1126 2464 1372 2504 constitueret
1401 2479 1497 2514 eam,

68 2524 175 2562 quam
205 2511 440 2560 sequebatur.
493 2510 544 2547 lbi
576 2510 621 2549 de
644 2510 850 2550 Aristotele
870 2514 919 2551 ita
938 2514 1089 2565 loquens
1111 2516 1317 2557 inducitur:
1346 2524 1502 2560 Aristo-

70 2568 160 2604 tcles
196 2566 235 2602 in
275 2567 384 2603 tertio
420 2566 466 2603 de
499 2567 735 2617 philosophia
773 2569 870 2606 libro
908 2571 1023 2608 multu
1061 2572 1214 2619 turbat,
1256 2587 1279 2613 α
1317 2579 1499 2626 magistro

68 2622 227 2659 Platone
254 2633 327 2658 non
365 2622 605 2668 delssente‘ens,
647 2629 685 2660 ct
712 2636 805 2674 quae
841 2631 1057 2676 sequuntur.
1117 2627 1241 2675 Quem
1280 2629 1399 2669 locum
1434 2631 1498 2672 de-

140 2733 184 2769 εῐε)
205 2733 291 2762 Corr.
311 2734 420 2762 attulit.
459 2733 529 2763 Via.
549 2734 589 2763 ad
608 2734 661 2764 lib.
681 2737 734 2766 111.
754 2743 822 2773 cap.
841 2737 871 2768 6.

140 2781 209 2816 ³233)
229 2781 409 2810 Ruhnkenii
429 2788 545 2816 operae
562 2781 699 2818 fuerunt.

140 2829 234 2866 *ze-³2³)
253 2830 308 2860 lib.
328 2831 351 2859 1.
371 2836 441 2866 eap-
462 2831 510 2861 13.

1532 2021 1594 2052 166
