1726 3106
104 1592 164 1623 167

198 150 277 195 158
754 151 883 194 VAR.
915 152 1068 194 LECT.

197 263 343 303 claraus
371 263 507 302 Petrus
531 261 685 301 Marsus
701 260 772 317 9ἕ),
814 263 948 310 homo,
991 270 1030 301 ut
1060 264 1130 303 illis
1157 265 1409 316 temporibus,
1442 278 1514 304 non
1542 278 1632 304 con·

195 318 438 357 temnendus:
488 319 599 356 multa
636 320 734 356 enim
772 319 841 357 iam
882 327 957 356 tum
989 322 1150 368 notavit,
1203 320 1247 358 de
1282 321 1413 372 quibus
1459 327 1632 371 tanquam

195 376 301 413 novis
349 382 387 411 et
422 387 442 411 a
482 386 524 411 se
561 374 718 423 primum
756 374 1026 412 animadversis
1066 377 1166 414 multi
1204 376 1313 414 hodic
1351 376 1422 413 sibi
1463 376 1630 426 placent:

196 431 227 467 is
259 430 372 479 igitur
401 429 514 466 libros
537 428 752 466 Aristotelis
783 428 827 467 dc
851 428 967 466 Caelo
997 431 1143 468 tertium
1175 430 1220 469 de
1237 430 1478 482 Philosophia
1500 431 1633 470 librum

194 484 321 522 vocari
351 491 473 534 putat:
523 491 561 520 et
591 490 629 521 ut
658 484 803 521 stultam
843 485 1053 535 opinionem
1085 499 1210 532 suam,
1251 499 1395 536 quoquo
1431 485 1538 523 modo
1568 500 1634 536 po-

193 546 314 585 terat,
354 539 618 584 confirmaret,
660 552 851 585 errorem,
891 546 929 576 ut
968 540 1031 585 fit,
1074 552 1204 578 errore
1234 542 1415 586 cumulat,
1454 541 1633 578 librorum

194 594 275 630 cius
307 593 516 644 philosophi
546 593 736 630 ridiculum
769 593 948 644 quendam
980 594 1147 632 ordinem
1178 603 1418 633 commentus.
1467 595 1633 634 Primum

195 646 345 686 enim*
346 645 377 699 )
402 647 447 686 de
469 648 699 699 philosophia
719 648 847 686 librum
871 650 922 686 ait
943 662 1029 686 essc
1054 650 1169 687 libros
1192 654 1268 690 τῶν
1287 648 1379 702 μετὰ
1399 648 1445 690 τὰ
1464 647 1630 701 φυσικάε

193 702 417 750 secundum,
449 704 565 741 libros
594 715 762 754 φυσικης
789 701 950 756 ἕικροάσε
954 720 1027 750 ως.·
1068 706 1240 750 tertium,
1274 707 1387 743 libros
1418 706 1463 744 dc
1496 706 1630 744 Caelo.

193 758 312 805 Quam
342 759 515 810 ineptiam
537 759 702 809 pluribus
730 760 853 796 veihis
884 761 1076 809 exagitare
1104 760 1192 798 nihil
1215 775 1305 811 opus
1335 768 1406 799 est.
1453 761 1493 798 Id
1525 760 1633 798 modo

192 813 396 852 admonere
434 828 505 851 non
544 814 588 850 ab
632 827 673 851 re
704 814 837 860 suerit,
882 816 1080 865 scripsisse
1108 815 1349 854 Aristotelem
1392 816 1506 854 libros
1536 823 1631 861 tres,

192 869 323 919 quibus
359 882 489 906 nomen
523 869 658 906 feccrit
691 868 778 923 περὶ
804 867 958 922 ἀγαθοῦ
986 867 1011 921 ἢ
1039 869 1126 922 περὶ
1154 869 1518 923 φιλοσοφίαςῆἳῆἳῆ),
1553 872 1633 921 qui-

192 924 261 962 bus
292 925 505 975 complexus
532 932 611 961 crat
637 938 702 969 ca,
735 938 828 975 quae
858 926 892 962 in
923 927 1158 963 sermonibus
1187 940 1207 963 a
1231 927 1387 964 Platone
1415 933 1630 976 acceperat,

194 981 358 1030 itemque
399 980 572 1017 nonnulla
612 979 854 1031 Pythagorae
893 979 1078 1029 dogmata.
1154 981 1359 1019 Numerum
1395 981 1573 1019 librorum
1611 994 1634 1019 a

192 1035 344 1072 Laertio
361 1034 411 1087 †)
443 1036 674 1085 accepimus:
720 1037 780 1085 qni
809 1036 844 1072 in
874 1035 997 1074 indice
1028 1037 1249 1086 scriptorum
1273 1037 1489 1074 Aristotelis
1512 1037 1631 1087 ponit,

191 1090 279 1139 περὶ
312 1090 543 1141 φιλοσοφίας
571 1087 605 1128 α’
635 1087 669 1141 β’
698 1088 742 1143 γ’.
806 1091 970 1141 lpsemct
1007 1099 1127 1129 antem
1166 1105 1295 1130 eorum
1335 1093 1500 1129 meminit
1538 1091 1632 1129 liliro

192 1147 311 1197 primo
352 1145 396 1183 de
425 1145 563 1182 Aninio
579 1145 662 1198 ††)
700 1147 756 1183 his
796 1146 945 1184 verbis:
986 1143 1149 1197 Ὁμοίως
1185 1145 1226 1186 δὲ
1259 1145 1326 1186 καὶ
1354 1146 1394 1186 ἐν
1429 1151 1509 1193 τοῖς
1546 1146 1633 1199 περὶ

192 1200 423 1251 φιλοσοφίας
448 1200 663 1253 λεγομένοις
688 1201 888 1253 διωρίσθη.
947 1202 1053 1249 Quae
1082 1203 1195 1240 verba
1227 1203 1276 1240 ita
1303 1203 1454 1253 exponit
1482 1203 1633 1271 {impii-

193 1258 298 1294 eius:
337 1255 424 1308 περὶ
452 1257 684 1305 φιλοσοφίας
719 1260 789 1295 τῦν
816 1255 931 1309 λέγει,
971 1273 1017 1295 τα
1045 1273 1130 1310 περι
1157 1261 1226 1297 τοῦ
1249 1254 1419 1315 ἀγαθοῦ
1459 1254 1561 1310 αὐτῷ
1591 1257 1633 1297 ἐκ

191 1314 261 1362 τῆς
298 1291 506 1357 Πλάτωνος
539 1309 653 1364 ἄναγε
656 1327 799 1363 γραμμε
784 1310 850 1350 έια
887 1312 1104 1359 συνουσίας.
1148 1312 1188 1351 ἐν
1225 1315 1283 1360 οἱς
1319 1313 1462 1365 ἱστορεῖ
1490 1328 1558 1360 τας
1592 1327 1632 1352 τε

192 1366 492 1419 Πυθαγορείους
523 1366 589 1406 καὶ
619 1363 870 1414 Πλατωνικας
904 1366 991 1420 περὶ
1026 1371 1102 1406 τῶν
1142 1365 1262 1407 όντων
1292 1353 1415 1415 δόξας.
1472 1367 1533 1406 Ex
1572 1367 1628 1405 his

193 1430 315 1459 antem
347 1422 457 1459 facile
486 1423 661 1473 cognosci
694 1429 817 1473 potest
846 1436 953 1459 error
982 1423 1150 1467 illorum,
1192 1425 1251 1474 qni
1283 1422 1378 1474 apud
1407 1422 1630 1462 Ciceronem

193 1477 388 1528 legebant:
421 1480 464 1516 A
492 1479 673 1529 magistro
702 1479 858 1516 Platone
888 1491 959 1516 uno
989 1480 1212 1517 dissentiens
1226 1478 1358 1531 -Ῐ-Τ-Γ).

665 1585 954 1624 CAPUT
1010 1586 1156 1626 XXII.

278 1658 470 1697 Ciceronis
498 1670 518 1694 e
545 1658 657 1696 tertio
687 1657 731 1694 cle
759 1658 913 1695 Natura
942 1657 1094 1695 deorum
1127 1659 1229 1696 locus
1258 1671 1307 1696 em
1333 1659 1544 1698 Aristotele

799 1726 1012 1763 expressus.

193 1781 376 1838 SEMPER
403 1800 613 1838 existimavi
642 1813 709 1846 ea,
751 1813 844 1851 quae
882 1800 977 1838 libro
1007 1801 1117 1838 tertio
1151 1799 1196 1838 de
1228 1800 1375 1838 Natura
1414 1801 1565 1840 deorum
1581 1800 1629 1854 ᾗ)

193 1857 330 1894 Cicero
355 1855 500 1894 Cottam
532 1857 712 1893 dicentem
746 1857 847 1901 facit,
878 1863 913 1893 ut
943 1856 1115 1893 ostendat
1142 1857 1177 1893 in
1205 1854 1274 1892 diis
1303 1858 1475 1895 virtutem
1505 1858 1632 1895 inesse

192 1926 265 1949 non
297 1925 429 1961 posse,
470 1910 686 1961 deprompta
715 1924 800 1948 esse
837 1925 882 1948 ex
911 1911 1135 1949 Aristotele.
1197 1911 1273 1948 Sed
1301 1919 1339 1948 ut
1372 1911 1418 1950 de
1449 1912 1518 1950 hoc
1548 1925 1632 1950 meo

193 1967 328 2005 iudicio
358 1975 569 2004 ceterorum
600 1966 772 2004 iudicium
798 1967 948 2012 faciam,
975 1967 1043 2004 hoc
1073 1968 1154 2004 loco
1189 1968 1377 2017 utriusque
1409 1968 1523 2005 verba
1546 1982 1632 2019 pro-

192 2036 341 2073 ponam.
401 2022 455 2058 Ita
485 2035 576 2071 ergo
609 2023 768 2071 loquitur
792 2021 927 2059 Cotta.
963 2023 1062 2072 Quid
1088 2024 1217 2059 enim
1244 2024 1532 2072 prudentiamne
1552 2026 1631 2062 Deo

194 2077 426 2115 tribuemus?
458 2090 552 2126 qnae
575 2084 722 2114 constat
746 2090 795 2113 eoe
815 2080 971 2115 scientia
1002 2091 1128 2114 tetum
1160 2077 1340 2115 honarum
1369 2084 1409 2115 et
1427 2080 1628 2125 malarum,

194 2140 231 2170 et
267 2145 337 2170 nec
376 2131 558 2169 bonarum
595 2145 663 2169 nec
702 2134 899 2169 malarum.
963 2134 1036 2169 Cui
1067 2133 1159 2168 male·
1189 2133 1288 2169 m'lzz‘l
1324 2139 1402 2177 est,
1445 2146 1513 2171 nee
1552 2147 1631 2171 esse

187 2194 336 2238 potest,
381 2188 472 2236 qnid
500 2187 588 2223 huie
618 2200 709 2236 opus
739 2194 797 2223 est
833 2188 979 2224 delectet
1009 2186 1187 2223 bonorum
1223 2194 1262 2224 et
1287 2187 1496 2224 malorum?
1541 2189 1633 2239 quid

194 2250 317 2280 autem
345 2241 522 2279 ratione?
564 2243 654 2291 quid
682 2242 961 2291 intelligentia?
1004 2241 1136 2291 quibus
1166 2243 1306 2279 utimur
1337 2244 1388 2280 ad
1424 2255 1504 2280 eam
1532 2257 1627 2289 rem,

193 2305 235 2335 ut
264 2299 405 2349 apertis
443 2297 604 2334 obseura
634 2310 891 2346 assequamur.
950 2300 1009 2335 Ac
1041 2297 1235 2334 obscuram
1266 2299 1343 2335 Deo
1380 2299 1481 2335 nihil
1505 2305 1631 2348 potest

193 2366 287 2391 esse.
345 2354 441 2391 Nam
473 2353 642 2397 institia,
682 2364 776 2402 quae
804 2366 909 2390 suum
939 2353 1071 2402 cuique
1098 2353 1315 2398 distribuit,
1353 2354 1444 2404 quid
1464 2355 1634 2404 pertinet

267 2460 310 2496 ἣτε)
331 2460 435 2489 Edidit
455 2461 553 2489 libros
575 2460 737 2490 Ciceronis
758 2461 797 2489 de
816 2462 886 2489 Nat.
910 2462 1002 2489 Deor.
1023 2461 1135 2490 venet.
1159 2461 1249 2491 1507.

269 2508 336 2545 ἰε-’33)
358 2511 444 2538 Haec
464 2510 619 2545 particula
640 2511 731 2539 abest
752 2511 791 2538 ab
812 2510 884 2540 edit.
906 2509 1027 2538 W'offii.

268 2558 361 2593 ἣκετε-τῖε)
384 2557 472 2587 conf.
502 2559 574 2587 cnr.
596 2559 677 2592 Aug.
700 2558 834 2586 Brandis
865 2557 998 2585 diatribe
1018 2557 1198 2586 academica
1226 2558 1265 2586 de
1290 2557 1422 2592 perditis
1443 2557 1630 2587 Aristotelis

191 2595 281 2625 libris
303 2597 341 2624 de
357 2596 438 2623 ldeis
459 2598 488 2624 et
505 2597 543 2624 de
557 2597 644 2624 Bono
666 2596 737 2624 sive
752 2596 967 2630 Philosophia.
988 2596 1119 2623 Bonnae
1138 2596 1226 2624 1823.
1247 2602 1319 2631 pag.
1335 2597 1435 2632 Ssqq.
1456 2599 1487 2625 et
1504 2599 1629 2631 menag-

192 2636 233 2664 δα
253 2636 356 2663 locum
376 2634 504 2664 Laertii.
544 2636 653 2662 FAESI.

268 2682 313 2720 »Η
334 2681 389 2709 lib.
410 2682 445 2710 V.
468 2683 544 2710 sect.
567 2683 616 2710 22.
644 2683 732 2710 Τοιιι.
754 2684 777 2710 1.
798 2688 869 2716 pag,
890 2682 961 2710 327.
983 2682 1031 2710 ed.
1051 2682 1209 2711 Hnebner.

269 2730 342 2768 ᾖ)
363 2737 431 2764 cap.
452 2731 481 2759 2.
501 2737 571 2765 pag.
593 2730 655 2758 404
669 2731 686 2757 b
709 2730 755 2758 19.
778 2731 878 2757 Bekk.

267 2777 367 2816 †††]
390 2779 527 2806 Orellius
547 2785 615 2806 cum
632 2780 754 2806 mureto
774 2785 836 2806 non
855 2779 1046 2814 dissentiens,
1068 2785 1161 2814 quam
1181 2777 1368 2814 scripturam
1387 2779 1469 2808 bene
1487 2777 1628 2815 explicat

193 2816 374 2850 Madvigius
395 2822 520 2853 „aeque
539 2816 720 2845 inconstans
740 2822 778 2845 ac
798 2816 926 2846 Plato.“

268 2864 311 2899 δὲ)
332 2871 399 2899 cap.
423 2866 470 2893 15.
491 2864 524 2900 S.
544 2864 594 2892 38.
