1726 3106
499 132 601 171 LIB.
618 130 709 171 .1X.'
762 130 895 172 CAP.¹
911 130 1022 173 XVI.
1402 130 1486 172 2e7

48 244 166 283 Simul
202 251 321 283 autem
359 254 404 280 eo
443 241 573 279 alludit
588 239 658 294 24⁶),
701 241 794 293 quod
833 255 948 287 oves,
996 252 1097 293 quae‘
1127 246 1295 279 ventrem
1325 240 1490 292 pilosum·

50 314 120 339 uon
159 301 358 343 haberent,
398 298 580 335 vocabant
614 311 698 335 oves
732 299 853 335 minas
890 304 953 334 aut
987 299 1139 347 apicas,
1179 309 1269 347 quas
1305 298 1416 333 etiam
1446 299 1491 334 iri

49 356 205 393 emendo
244 352 484 392 reficiebant:
526 360 565 390 ut
593 359 650 390 est
678 351 1012 402 apud.Varr0nem
1046 352 1142 389 libro
1172 350 1335 389 secundo
1365 350 1410 389 de
1443 364 1490 389 re

48 411 187 448 rustica
207 407 293 460 ἑῆς).
353 407 475 444 Erant
512 408 596 445 illae
638 409 750 458 igitur
788 407 895 458 planc
926 420 1014 445 oves
1042 408 1189 445 minae:
1233 419 1353 459 neque
1384 408 1484 445 enim

48 466 158 518 pilosi
188 470 272 502 sunt
301 463 414 501 numi.
475 462 737 509 Quodvautem
768 463 957 513 sequitur:

262 541 353 578 Fuit
379 541 538 590 aedepol
561 542 672 578 Mars
702 552 780 577 meo
801 540 1002 589 periratus
1026 540 1150 589 patri.

263 597 362 633 Nam
391 608 475 632 oves
503 597 603 633 illias
626 595 730 649 lzaacl
758 596 869 644 longe
900 593 1040 631 absunt
1065 607 1089 631 a
1123 595 1244 645 lape's:

47 671 135 710 inde
173 671 308 710 dictum
348 678 429 718 est,
469 671 566 723 quod
603 671 707 722 lupas
736 670 854 708 Marti
893 682 1021 708 sacras
1057 669 1248 720 putabant.
1307 667 1418 707 Unde
1448 675 1486 707 et
1514 676 1576 706 217

49 728 156 765 huius
186 728 288 765 urbis
308 724 408 775 ***)
437 727 673 773 conditores,
708 725 804 777 quod
834 739 855 763 a
882 724 1007 763 Marte
1034 726 1149 776 geniti
1179 731 1320 772 essent,
1347 725 1487 762 aluisse

48 782 185 821 dicitur
221 783 319 834 lupa.
380 785 507 833 Lapas
543 783 653 821 etiam
688 781 871 820 vocabant
908 781 1150 826 meretrices,
1191 793 1212 817 a
1252 779 1382 830 quihus
1414 793 1487 817 uon

48 838 159 888 longe
188 837 323 876 abesse
354 836 443 875 dicit
473 851 537 875 eas
567 850 674 884 oves,
706 850 796 889 quas
825 838 905 887 ipse
935 843 1022 873 tunc
1053 837 1089 873 in
1117 848 1292 873 crumena
1325 835 1485 874 ferebat.

47 892 171 931 Parva
211 901 297 930 sunt
334 893 426 930 haec
463 901 501 931 et
531 893 682 939 facilia,
723 892 823 930 dicet
851 893 996 943 aliquis.
1057 891 1222 929 Fateor:
1265 903 1384 940 neque
1415 903 1488 940 ego

48 961 93 986 ea
121 962 188 999 pro
219 948 361 998 magnis
392 955 451 985 aut
486 949 690 986 reconditis
719 947 882 985 vendito.
943 945 1021 984 Sed
1053 953 1176 984 tamen
1206 959 1299 997 quae
1320 947 1489 983 homines

48 1004 292 1042 eruditissimi
321 1003 479 1041 obscura
510 1003 583 1041 sibi
614 1016 701 1041 esse
730 1003 823 1041 fassi
851 1008 951 1050 sunt,
983 1015 1030 1040 ea
1059 1002 1269 1040 illustrasse
1299 1013 1359 1039 me
1383 1013 1490 1038 num-

48 1072 156 1111 quam
185 1059 343 1111 pigebit.

544 1166 575 1205 C
604 1166 642 1205 A
669 1168 703 1206 P
730 1167 768 1206 U
792 1167 827 1206 T
881 1167 1005 1206 XVI.

329 1245 386 1282 De
414 1246 600 1295 Mitylene
629 1246 786 1283 Horatii
811 1246 887 1282 loci
912 1246 985 1282 dao
1013 1244 1211 1282 illustrati.

46 1321 152 1381 NoN
181 1349 324 1381 temere
353 1349 437 1390 est,
475 1342 571 1394 quod
601 1342 784 1381 Horatius
815 1342 1024 1395 Mitylenen
1040 1341 1091 1395 †)
1124 1342 1224 1380 inter
1261 1341 1374 1381 urbes
1410 1340 1491 1393 pul-

49 1399 255 1437 cherrimas
289 1405 484 1444 numerat3
515 1405 590 1436 tum
620 1399 657 1436 in
688 1398 783 1436 Odis
798 1397 900 1451 ††):

157 1463 389 1502 Laudabant
416 1465 488 1501 alii
505 1465 703 1514 pulchram
731 1465 887 1503 Rhodon
917 1470 987 1502 aut
1011 1464 1219 1515 Mitylenen
1234 1480 1247 1502 .-

49 1535 127 1568 tum
156 1530 193 1567 in
222 1528 406 1579 Epistolis
421 1528 562 1581 †††).

158 1595 344 1634 Incolumi
367 1596 516 1632 Rhodos
543 1601 582 1633 et
607 1597 790 1646 Mitylene
815 1596 977 1646 pulchra
997 1593 1130 1645 facit,
1162 1595 1263 1646 qaod

159 1652 326 1688 Paenula
356 1651 541 1696 solstitio,
568 1658 776 1700 campestre
801 1651 987 1702 nivalibus
1017 1651 1137 1688 aures.

51 1716 182 1755 Talem
212 1717 311 1753 enim
343 1715 424 1752 fere
454 1715 569 1753 fuisse
598 1714 781 1766 proditum
814 1723 896 1762 est,
939 1716 1065 1767 quales
1099 1721 1207 1761 sunt,
1253 1727 1347 1766 quae
1378 1712 1491 1752 hodie

52 1785 126 1810 non
163 1771 294 1809 ltaliae
335 1772 468 1816 modo,
507 1770 572 1808 sed
609 1771 784 1808 universo
819 1772 899 1808 orbi
936 1779 1120 1809 terrarum
1159 1776 1377 1807 ornamento
1407 1776 1493 1807 sunt

51 1827 251 1865 Venetiae.
312 1825 409 1862 Nam
435 1833 473 1862 et
500 1827 536 1862 in
564 1825 775 1877 Mitylenen
806 1827 965 1864 influens
997 1839 1098 1864 mare
1128 1825 1251 1863 multis
1281 1838 1362 1863 eam
1390 1825 1492 1862 euri-

53 1883 110 1934 pis
142 1881 394 1931 distinguebat
422 1894 465 1917 ae
497 1881 730 1919 dissecabat:
763 1889 800 1919 et
826 1889 955 1933 pontes
985 1890 1059 1920 tota
1092 1882 1184 1919 urbe
1212 1882 1358 1931 plurimi
1382 1886 1492 1918 erant

53 1951 101 1976 ex
131 1936 288 1974 candido
318 1949 361 1973 ac
393 1936 508 1986 polito
537 1937 657 1987 lapide
686 1937 790 1983 facti,
822 1946 859 1974 ut
889 1951 962 1975 non
993 1938 1096 1982 urbs,
1127 1936 1192 1974 sed
1225 1937 1345 1973 insula
1365 1947 1492 1972 amoe-

54 1993 208 2030 nissima
244 1991 447 2030 videretur.
526 1991 568 2028 ld
607 1993 659 2029 ita
699 1993 851 2043 exponit
891 1991 1126 2030 dulcissimus
1170 2004 1213 2029 ac
1250 1992 1492 2028 suavissimus

55 2049 238 2098 scriptor,
276 2047 429 2096 Longus
470 2047 653 2097 principio
685 2050 930 2098 Ποιμενικῶν
971 2049 1027 2085 his
1062 2047 1215 2085 verbis·
1260 2043 1383 2092 Πόλις
1414 2044 1493 2084 ἐστὶ

53 2101 209 2154 Λέσβου
248 2098 455 2153 Μιτυληνη
510 2118 553 2153 με
540 2100 651 2154 εγάλη
688 2119 755 2142 και
793 2100 901 2153 καλη.
960 2103 1170 2153 διείληπται
1202 2098 1274 2155 γὰρ
1320 2098 1494 2169 εὗρίποις

53 2154 324 2210 υπειςρεούσης
348 2160 417 2208 τῆς
441 2155 676 2226 θαλάσσης,
702 2157 768 2197 καὶ
797 2157 1025 2210 κεκόσμηται
1052 2154 1239 2225 γεφύραις
1267 2158 1398 2205 ξεστοῦ
1425 2154 1493 2195 καὶ

53 2216 191 2256 λευκοῦ
232 2213 374 2253 λίθου·
420 2213 588 2264 νομίσεις
634 2209 682 2253 οὐ
724 2210 837 2253 πόλιν
876 2211 992 2267 ὁρᾶν,
1036 2210 1130 2254 ἀλλὰ
1164 2216 1285 2265 νῆσον
1300 2211 1363 2265 Ὅ.
1430 2211 1493 2250 Eo

127 2344 172 2379 *J
191 2343 262 2372 Vid.
283 2340 410 2371 Krebsii
431 2339 596 2369 Antibar-b.
620 2348 691 2376 pag.
714 2340 784 2371 103.

127 2392 195 2427 42:³22]
215 2398 283 2426 cap.
304 2391 332 2419 2.
354 2391 384 2424 ἕ.
407 2390 436 2417 3.
458 2393 489 2417 et
510 2396 559 2423 ap.
580 2389 660 2418 Plin.
681 2391 719 2419 H.
740 2392 775 2419 N.
796 2390 849 2420 lib.
871 2391 952 2420 Vlll.
973 2397 1042 2425 cap.
1062 2390 1112 2419 48.
1134 2397 1159 2419 s.
1180 2390 1229 2419 75.
1252 2390 1284 2426 S.
1308 2389 1378 2420 198.

129 2440 224 2474 εῐεεῑεεῖε)
245 2439 265 2467 i.
286 2446 312 2466 e.
341 2439 470 2466 Romae.
509 2439 557 2465 De
586 2445 620 2465 re
647 2439 710 2467 vid.
732 2438 844 2467 Livius
871 2439 926 2468 lib.
948 2441 970 2467 l.
998 2446 1066 2474 cap.
1088 2439 1117 2467 4.
1142 2440 1302 2468 Plutarch.
1324 2441 1379 2468 vit.
1401 2440 1493 2468 Rom.

55 2486 124 2513 cap.
145 2478 174 2506 4.
195 2477 285 2504 Dion.
307 2476 406 2504 Halic.
429 2478 501 2504 Ant.
525 2476 612 2503 Rom.
632 2475 687 2505 lib.
707 2478 732 2506 1.
752 2484 821 2512 cap.
841 2478 892 2506 84.
933 2477 1163 2506 wantis-mutu:
1183 2478 1235 2506 die
1255 2479 1355 2507 altere
1384 2477 1494 2506 aest-h.

54 2519 109 2546 des
127 2516 204 2543 rom.
225 2515 346 2542 scaetes
366 2520 437 2548 pag.
459 2514 519 2541 1²5
539 2520 585 2547 sq.

85 2588 87 2591 .
160 2573 178 2608 )
209 2570 397 2600 praeferunt
430 2568 524 2597 hodie
561 2567 699 2596 editores
738 2569 926 2604 scripturam
959 2571 1124 2609 Mytilene,
1160 2560 1366 2606 Μυτιλήνη.
1419 2569 1493 2599 vid.

55 2612 181 2641 RuhnK.
199 2610 238 2638 ad
254 2607 366 2638 Vellei
380 2607 1104 2644 Pat.1ih.11.cap.18.§.3.10:11.1.pag.75.
1126 2611 1329 2639 ed.1·¹rots(li.
1352 2608 1493 2636 Goeller.

56 2650 97 2716 ag
123 2647 281 2719 Ἰὲιὸιεέἑία
291 2645 347 2675 lib.
372 2646 426 2674 111.
452 2651 521 2680 cap.
544 2645 572 2673 1.
599 2645 688 2673 '10n1.
708 2646 731 2676 l.
761 2652 832 2680 pag.
859 2646 922 2676 405
948 2654 996 2683 sq.
1027 2649 1076 2677 ed.
1105 2656 1169 2678 sec.
1195 2646 1321 2678 Plelmii
1346 2644 1494 2674 Lesbiae.

56 2696 76 2724 Β
101 2694 205 2772 gffl
226 2734 250 2761 1
271 2732 300 2761 τ

131 2780 233 2821 ’χή-ἵ)
254 2777 425 2816 Ι.11,1·7
445 2783 494 2812 sq.

132 2833 177 2871 rs)
202 2835 251 2864 De
270 2832 432 2870 scriptura
456 2819 620 2871 νομίσεὶς
645 2831 710 2863 vid.
731 2832 893 2863 Schael'er.
920 2833 963 2865 ad
987 2835 1018 2864 h.
1037 2834 1060 2865 l.
1085 2840 1158 2871 pag.
1177 2835 1250 2866 328.
1288 2835 1357 2867 Alii
1383 2827 1493 2873 νομί-
