1726 3106
528 139 631 180 LIB.
661 139 716 179 X.
778 139 897 180 CAP.
930 139 1042 179 xm.
1426 140 1509 182 227

60 258 186 290 monet
214 251 275 289 ille
303 263 370 302 pro
398 243 493 301 ἄτης
521 247 722 299 legendum
752 248 871 288 videri
903 246 952 289 ὅὶσ
952 265 1023 302 ηςε
1056 262 1127 301 quo
1158 248 1247 288 nibil
1278 250 1403 287 verius
1432 249 1507 288 dici

58 308 227 357 potuisse
263 318 414 344 censeo.
487 304 564 342 Sed
606 312 729 343 tamen
764 265 977 355 smupulusn
1005 304 1176 343 residere
1216 304 1337 342 adhuc
1373 305 1506 355 aliquis

58 368 181 413 potest
211 366 362 411 propter
392 358 556 410 syllabae
588 360 756 405 modum,
798 361 860 410 qui
888 360 1039 397 obstare
1068 367 1177 411 atque
1207 359 1388 410 impedire
1420 360 1504 397 huic

58 415 252 454 mutationi
269 412 314 466 ³³¹²)
359 413 516 451 videtur.
564 411 686 466 ’Ἀτην
724 414 820 452 enim
861 415 987 465 priore
1019 415 1160 466 syllaba
1190 414 1370 465 producta
1412 413 1506 452 dici-

58 483 155 516 muS,
186 466 284 520 άσην
313 476 501 519 correpta.
558 470 705 508 Auctor
730 470 841 508 huius
868 470 925 507 rei
957 469 1191 517 Eustathius‚
1223 470 1284 522 qui
1313 482 1506 521 exponens

58 524 147 563 illud
175 524 418 562 Homericum
433 522 528 574 **)‚

214 586 415 640 Ἀασάμην
444 585 528 628 οὐδ’
562 586 680 636 αὐτὸς
708 585 925 639 ἀναίνομαι,

56 654 108 693 ita
139 655 271 692 scribit
287 651 414 706 ἢῆ).
446 652 488 694 τὸ
518 653 558 693 δὲ
581 651 758 705 ἀασάμην
786 651 890 721 ῥῆμά
918 653 1030 701 ἔστιν,
1060 651 1098 700 ἐξ
1126 646 1174 692 οὐ
1198 650 1227 705 ἦ
1251 649 1322 706 ἅτη
1349 654 1507 721 γίνεται,

57 706 118 748 ἀεὶ
147 709 383 757 ἐκτείνουσα,
424 705 476 756 ὥς
505 707 580 749 ἀπὸ
589 708 801 776 κράσεως,
840 705 882 748 τὸ
913 708 953 747 ἐν
983 705 1078 762 ἀρχῇ
1109 708 1294 776 δίχρονον,
1325 710 1360 748 εἰ
1386 710 1451 748 καὶ
1478 707 1507 760 ἦ

58 760 151 815 άση,
191 761 318 804 άλλοτι
344 761 448 816 παρὰ
481 761 552 815 τὴν
586 761 679 815 άτην
717 764 833 813 οὐσα,
875 779 927 810 ως
962 763 1027 803 καὶ
1062 762 1101 802 οἵ
1126 760 1404 815 Ἀσκληπιάδαι
1441 765 1505 815 δη-

57 822 187 869 λοῦσι,
235 818 423 859 συστέλλει
465 834 534 870 την
573 816 773 871 άρχουσαην
815 815 925 859 καθὰ
963 817 1029 857 καὶ
1064 815 1283 871 Ευριπίδης
1318 820 1430 870 δηλοῖ
1464 819 1506 858 ἐν

56 878 112 928 τῷ
143 905 268 915 ......
308 874 449 914 ἔπαυσε
486 875 648 926 καοδίαν
685 872 787 926 άτης.
853 874 989 925 Neque
1029 881 1151 911 tamcn
1195 882 1392 925 propterea
1432 888 1503 913 non

57 914 118 968 ilia
149 938 251 968 recta
283 942 326 967 ac
355 943 443 967 vera
475 938 531 967 est
555 930 788 968 emendatio:
821 937 959 968 tantum
989 929 1235 968 immutandus
1263 937 1321 968 est
1350 929 1505 968 duarum

57 998 189 1023 vocum
221 985 333 1030 ordo,
368 992 406 1021 ut
438 986 487 1022 ita
519 986 680 1035 legatur,

223 1048 398 1103 Πότερον
425 1047 521 1102 ἄσης
545 1048 629 1100 ὕπ’,
660 1048 686 1103 ἢ
718 1053 856 1091 θανεῖν
884 1049 1119 1104 πειρωμένης

58 1125 135 1165 Sed
174 1126 283 1164 huius
324 1128 441 1177 ipsius
471 1129 575 1166 vocis
606 1128 795 1178 ignoratio
826 1128 994 1178 corrupit
1032 1128 1142 1165 etiam
1175 1127 1294 1165 locum
1325 1124 1505 1177 quendam

58 1195 106 1219 ex
136 1182 291 1232 epistola
322 1183 439 1231 prima
469 1183 553 1220 libri
587 1183 722 1221 decimi
753 1183 800 1221 ad
829 1184 995 1220 Atticum
1011 1181 1087 1234 †),
1129 1182 1216 1228 ubi,
1256 1194 1338 1219 cum
1368 1182 1508 1231 vulgati

57 1236 141 1274 libri
174 1238 223 1274 ita
258 1237 437 1273 babeant:
482 1240 585 1276 Haec
626 1245 684 1276 est
720 1235 812 1288 ἄλη,
852 1239 889 1275 in
932 1251 1006 1287 qua
1044 1250 1144 1275 neme
1179 1250 1327 1282 smnus,
1376 1238 1509 1274 mordis

58 1294 204 1329 inslat‘:
239 1292 325 1328 mihi
356 1291 502 1342 quidem
533 1292 682 1330 dubium
717 1306 787 1330 non
819 1293 881 1338 sit,
913 1293 997 1342 quin
1028 1292 1103 1342 legi
1135 1290 1285 1337 debeat,
1318 1293 1422 1329 Haec
1452 1297 1510 1328 est

56 1343 142 1397 ὅση.
201 1347 398 1396 Significat
433 1356 553 1385 autem
594 1354 736 1385 aestum
775 1346 956 1398 quendam
998 1348 1110 1384 animi
1151 1347 1242 1384 nihil
1281 1345 1375 1397 quod
1413 1347 1503 1383 satis

57 1402 189 1453 probet
227 1403 466 1452 reperieritis.
527 1402 598 1439 Est
638 1404 748 1440 etiam
789 1403 824 1439 in
866 1402 995 1440 eadem
1036 1403 1194 1453 epistola
1232 1402 1335 1439 locus
1374 1415 1504 1452 super-

56 1470 221 1494 vacanea
253 1471 381 1495 vocum
413 1458 552 1509 aliquot
580 1457 792 1495 adiectione
825 1457 1071 1508 depravatus,
1105 1470 1211 1508 quem
1244 1458 1293 1495 ita
1324 1457 1393 1495 hoc
1422 1458 1505 1494 loco

58 1511 289 1558 describam,
323 1520 363 1549 ut
393 1525 440 1550 ex
468 1514 608 1551 veteris
639 1513 724 1550 libri
754 1513 825 1550 mei
855 1514 1078 1550 auctoritate
1110 1511 1287 1562 legendus
1318 1520 1377 1550 est
1393 1511 1501 1565 ††).

58 1568 170 1606 Nt'lzz'l
194 1569 321 1615 video,
354 1569 455 1617 quod
482 1581 649 1618 sperem,
680 1575 749 1605 aut
775 1569 876 1618 quod
905 1569 977 1604 iam
998 1575 1124 1618 putem
1141 1568 1244 1619 fieri
1262 1581 1396 1618 posse:
1439 1569 1508 1605 sed

61 1629 183 1661 tamen
220 1623 290 1660 hoc
325 1624 442 1673 ipsum
482 1629 538 1661 est
574 1635 684 1660 unum
719 1625 796 1662 τῶν
832 1619 1134 1662 πολιτικωτάτων
1169 1620 1409 1673 σκεμμάτων,
1447 1637 1506 1661 ve-

60 1678 282 1715 niendumne
318 1679 369 1715 sit
406 1679 443 1716 in
481 1679 674 1715 consiliam
713 1680 892 1728 tyranni,
940 1679 978 1715 εἰ
1010 1680 1042 1715 is
1082 1679 1209 1728 aliqua
1244 1680 1289 1715 de
1326 1692 1370 1716 re
1410 1679 1506 1716 bona

61 1733 342 1771 deliberaturus
370 1735 434 1770 sit.
495 1733 606 1770 Hanc
642 1733 862 1783 scripturam
901 1733 962 1783 qui
1003 1745 1085 1770 cum
1120 1733 1280 1784 vulgatis
1316 1734 1504 1779 conferet,

61 1786 106 1825 de
138 1789 218 1827 eius
247 1789 460 1839 integritate
488 1787 738 1826 dubitaturum
768 1802 842 1826 non
868 1795 972 1840 puto.

541 1912 833 1952 CAPUT
889 1913 1019 1951 XIII.

236 1991 300 2029 Ex·
326 1992 603 2042 Amphitruone
632 1993 810 2030 Plautina
843 1993 918 2029 loci
946 1993 1089 2042 aliquot
1118 1990 1318 2030 emendati.

61 2069 192 2127 APUD
221 2088 392 2127 Plautum
422 2089 632 2128 Alcumena
661 2104 743 2128 cum
776 2089 955 2140 dixisset,
995 2090 1108 2128 multo
1137 2090 1218 2140 plus
1251 2102 1335 2127 esse
1368 2090 1404 2126 in
1429 2089 1504 2127 vita

61 2145 336 2191 molestiarum,
374 2158 479 2196 quam
511 2147 760 2198 voluptatum,
802 2159 923 2197 neque
950 2146 1031 2184 fere
1071 2145 1267 2197 quidquam
1295 2145 1382 2182 boni
1425 2146 1503 2182 cui-

137 2258 178 2294 *J
207 2260 292 2286 Male
313 2260 445 2293 impedio
465 2266 535 2288 cum
555 2259 674 2289 Dativo
702 2260 902 2289 construitur.
942 2261 980 2289 D.
1001 2261 1038 2288 R.
1060 2276 1097 2281 —
1136 2260 1198 2288 Sed
1221 2259 1380 2295 praecedit
1408 2258 1503 2287 etiam

63 2298 194 2325 obstare.
234 2297 387 2325 Similiter
404 2300 560 2325 muretum
582 2298 719 2326 defendit
736 2298 861 2332 Scionp.
883 2299 921 2326 de
935 2299 1000 2326 stil.
1020 2298 1129 2326 histor.
1151 2305 1221 2332 pag.
1240 2299 1308 2326 133.
1331 2298 1377 2324 ed.
1398 2297 1503 2324 Fabri.

62 2336 172 2362 FAEsi.
196 2349 231 2355 —
270 2334 433 2362 Rariorem
456 2336 536 2363 hanc
556 2339 747 2365 structuram
769 2336 863 2364 facite
883 2336 1064 2371 excusabis,
1088 2335 1140 2363 ubi
1160 2337 1307 2368 impedire
1326 2334 1408 2362 idem
1429 2341 1504 2362 esse

63 2371 215 2399 statueris
245 2372 326 2406 quod
347 2373 559 2405 impedimemo
579 2381 655 2401 esse.
695 2375 796 2402 varro
818 2374 857 2401 de
878 2373 966 2407 Ling.
988 2374 1057 2401 Lat.
1077 2373 1130 2400 lib.
1152 2374 1233 2401 thl.
1255 2380 1322 2406 cap.
1347 2373 1392 2400 14.
1414 2372 1504 2399 novi-

62 2410 118 2452 tati
134 2410 258 2517 {impedit
274 2431 296 2437 ..
309 2411 528 2452 ..consueluaa
549 2413 655 2446 Atque
671 2411 817 2440 similiter
831 2414 965 2446 possunt
979 2410 1134 2446 explicari
1147 2410 1212 2439 alia
1230 2411 1385 2446 quaedam
1404 2410 1504 2438 verba

62 2454 130 2475 elus
156 2454 203 2474 ein
224 2454 359 2481 generis.

148 2495 314 2529 x-zxjniad
335 2496 480 2525 ix.116.

138 2549 208 2572 *a*
202 2547 231 2582 )
253 2548 424 2576 Comment.
446 2547 476 2575 in
492 2547 579 2576 Iliad.
596 2550 620 2576 l.
635 2556 706 2583 pag.
727 2549 797 2586 739,
817 2550 867 2578 3¹.
885 2549 932 2578 ed.
945 2549 1034 2578 Rom
1053 2549 1105 2578 ubi
1121 2551 1210 2580 recte
1227 2549 1376 2579 scribitur
1398 2542 1502 2585 δηλοῖ

65 2588 105 2623 ἒν
127 2590 175 2631 τῶ
201 2588 337 2622 ἔπαυσε
361 2587 516 2634 καρδίαν
540 2584 644 2641 α’σης,
674 2604 755 2631 quae
775 2598 873 2626 verba
894 2598 967 2626 sunt
995 2603 1037 2625 ex
1057 2597 1165 2635 Eurip.
1185 2599 1270 2628 Med.
1292 2605 1323 2628 v.
1343 2597 1414 2626 245.
1444 2595 1502 2626 alii

65 2634 216 2680 καοὸίας
241 2627 332 2675 άσην
361 2642 393 2668 et
427 2633 578 2679 καρδίας
598 2631 722 2677 χόλον.
771 2644 882 2670 FAEsi.

140 2694 185 2733 ἡ)
206 2696 237 2731 5.
258 2695 287 2723 4.
328 2692 466 2722 Orellius
487 2697 560 2728 post
577 2694 756 2723 Ernestium
775 2693 904 2723 retinuit
925 2683 1004 2729 α’λη.

140 2742 213 2782 ††)
241 2743 273 2778 5
301 2743 332 2771 3,
377 2743 560 2771 Ernestius:
589 2743 644 2770 sed
673 2743 771 2770 tamen
797 2742 927 2770 hominis
954 2742 1011 2770 hoc
1039 2743 1138 2777 ipsum
1163 2743 1270 2779 ρι’,οὺί
1308 2745 1338 2772 et
1363 2749 1501 2779 nmynum

63 2783 136 2816 τῶν
159 2777 444 2814 πολιτικωτάτων
464 2787 522 2813 cet.
563 2784 716 2812 Oreltius:
737 2784 802 2812 Sed
820 2785 921 2811 tamen
939 2784 1069 2813 hominis
1083 2786 1140 2814 hoc
1159 2787 1258 2821 ipsum
1269 2788 1362 2822 probi
1382 2788 1444 2816 est:
1464 2802 1500 2808 —

64 2840 205 2871 maynum
224 2835 270 2862 est
290 2831 358 2869 [et]
380 2825 453 2857 τῶν
477 2820 767 2856 πολιιικωτάτων
790 2818 1009 2866 σκεμμάτων
1030 2829 1091 2858 cet.

1141 2865 1230 2908 15*

1533 1349 1596 1378 238
