1778 3096
546 132 648 171 LIB.
679 131 827 172 XVIII.
888 129 1006 169 CAP.
1036 129 1087 169 V.
1457 127 1539 170 425

100 242 276 294 bigatur‘?
333 240 410 281 Sed
448 248 487 280 et
521 254 603 279 cum
642 240 678 279 id
718 243 836 292 ipsum
876 241 1091 292 quaeritur,
1142 239 1240 276 sitne
1280 236 1441 288 aliquid,
1490 251 1538 276 an

102 312 150 337 ne
165 298 214 351 ³5⁵)
247 299 316 344 sit3
346 297 545 334 convenire
570 304 608 334 et
636 304 809 334 constare
838 302 983 346 oportet
1008 296 1107 332 inter
1133 307 1215 340 θος,
1245 294 1306 344 qui
1336 293 1536 343 disputant,

103 354 208 391 cuius
238 353 296 390 vel
326 353 380 390 rei
407 352 467 389 vel
497 352 636 403 speciei
665 358 803 389 temere
833 351 975 389 effictae
1004 363 1077 387 vox
1106 349 1183 396 illa,
1215 361 1285 398 qua
1313 347 1349 385 id
1378 348 1541 398 appella-

102 415 187 454 tur,
226 407 428 459 symbolum
460 407 520 444 sit.
583 407 633 445 Ut
660 408 692 443 si
726 418 968 456 quaeramus,
1014 406 1061 441 sit
1091 405 1239 441 omnino
1270 403 1454 454 SatyruS,
1491 416 1539 440 an

103 476 177 501 non
207 463 277 508 sit,
309 462 489 512 explicari
520 462 629 499 aliter
659 461 856 511 disputatio
886 474 957 496 non
990 461 1140 509 poterit,
1166 472 1272 509 quam
1302 459 1334 495 si
1364 464 1538 509 ponatur,

105 518 184 555 sive
216 517 285 554 hoc
316 517 475 563 animal,
516 518 594 554 sive
632 516 726 553 hanc
764 516 867 552 inani
907 515 1080 564 opinione
1119 521 1335 563 conceptam
1372 513 1540 550 animalis

103 572 301 622 imaginem
333 585 439 617 esse,
470 586 575 622 quam
604 571 777 622 Satyrum
806 578 952 607 vocent.
1011 568 1066 605 lta
1096 567 1190 618 quod
1225 570 1293 614 sit,
1326 581 1444 605 necne
1476 568 1539 613 sit,

104 627 345 677 ambigimus,
388 626 424 664 id
454 627 594 678 ipsum,
628 639 708 664 cum
738 624 783 662 ‹le
815 637 860 662 eo
890 623 1118 674 disputatur,
1153 636 1239 660 esse
1271 622 1540 673 quodammodo

103 684 290 734 ponimus.
349 681 567 719 Formarum
601 682 696 718 enim
726 680 886 717 inanium
916 687 954 716 et
981 679 1322 716 commenticiarum
1358 677 1423 716 καὶ
1449 692 1544 716 παν-

104 752 180 776 των
207 740 283 776 τῶν
317 733 388 776 οὐκ
418 733 536 783 ὄντως
566 732 688 775 όντων
726 731 820 774 αὐτὸ
850 731 892 773 τὸ
931 731 1047 782 εἶναι,
1085 740 1125 770 ut
1155 734 1406 779 somniorum,
1451 731 1544 770 nihil

106 791 203 829 aliud
231 799 289 829 est
317 805 422 842 quam
452 792 503 828 ita
532 791 567 827 in
599 798 721 829 mente
751 790 944 827 informari
973 802 1016 827 ac
1047 789 1208 838 concipi.
1268 788 1395 825 Utitur
1421 795 1544 825 autem

105 847 333 885 Aristoteles
360 846 406 884 ad
433 845 485 892 id,
511 845 607 896 quod
638 847 776 897 agitur,
802 844 1056 883 illustrandum
1081 843 1358 893 comparatione
1388 842 1542 894 quadam

105 910 320 953 geometrae
358 914 441 939 cum
477 901 653 965 ‘physico
710 900 807 938 Nam
847 907 1084 951 geometres,
1129 899 1161 935 si
1193 898 1273 948 quis
1311 905 1425 947 neget
1455 910 1545 936 vera

108 970 196 995 esse
223 970 283 1003 ea,
312 969 407 1008 quae
430 957 612 1009 principio
642 963 812 1006 tanquam
842 963 946 994 cetta
974 954 1019 992 ab
1042 967 1086 992 eo
1116 959 1154 991 et
1183 953 1374 1003 explorata
1403 966 1546 1005 ponun-

106 1018 190 1058 tur,
236 1019 275 1049 ut
313 1025 527 1049 communes
565 1013 794 1056 sententias,
843 1011 1044 1062 postulata,
1095 1009 1308 1054 finitiones,
1355 1021 1377 1045 a
1413 1008 1546 1059 quibus

108 1079 237 1105 omnes
268 1068 520 1117 geometricae
550 1065 887 1104 demonstrationes
926 1073 1109 1116 tamquam
1137 1077 1158 1101 a
1186 1061 1402 1113 quibusdam
1435 1064 1548 1100 fonti-

106 1121 175 1160 hus
203 1129 371 1160 manant:
412 1122 602 1167 haerebit,
645 1122 676 1159 si
703 1121 848 1172 quidem
878 1122 970 1158 artis
1000 1133 1088 1157 snae
1118 1119 1251 1156 finibus
1282 1120 1475 1156 continere
1505 1130 1549 1155 se

107 1177 290 1215 voluerit:
322 1190 442 1228 neque
465 1178 562 1214 enim
591 1178 728 1228 poterit
757 1189 801 1214 ea
831 1175 1104 1220 demonstrare,
1131 1180 1170 1210 ut
1193 1180 1422 1223 geometres,
1453 1185 1548 1223 quae

107 1232 145 1269 in
175 1233 381 1282 geometria
409 1233 568 1269 omnium
600 1234 717 1282 prima
745 1238 843 1269 sunt.
891 1231 944 1268 Ut
971 1232 1085 1280 igitur
1109 1235 1323 1279 geometres
1351 1227 1548 1265 adversum

108 1287 232 1332 illum,
280 1288 342 1338 qui
380 1287 474 1324 tollit
513 1287 716 1337 principia,
770 1300 843 1323 non
881 1285 1103 1336 disputabit,
1150 1284 1201 1320 ita
1239 1295 1310 1320 nec
1352 1283 1546 1334 physicus.

109 1341 220 1389 Quod
256 1342 371 1392 igitur
403 1341 596 1378 adversum
637 1354 747 1386 eum,
790 1341 850 1392 qui
879 1342 970 1379 artis
1011 1339 1165 1377 alicuius
1197 1338 1379 1388 principia
1416 1339 1548 1375 tollere

110 1404 286 1443 conatur,
328 1397 535 1448 perfugium
573 1395 658 1434 est?
721 1397 763 1434 Si
801 1409 871 1447 qua
910 1397 956 1433 sit
994 1408 1056 1432 ars
1097 1394 1290 1444 superior,
1340 1393 1399 1430 cui
1437 1393 1547 1438 haec,

111 1465 205 1503 quae
230 1453 280 1489 ita
310 1459 487 1496 vexatur,
519 1452 668 1502 proprie
699 1452 817 1489 subsit
840 1458 878 1488 et
907 1464 954 1488 ex
984 1463 1054 1500 qua
1085 1448 1267 1499 pendeat3
1297 1448 1342 1486 ab
1370 1461 1413 1486 ea
1443 1448 1550 1485 auxi-

110 1507 200 1545 lium
233 1509 403 1558 petimus.
464 1506 636 1557 Exempli
666 1519 815 1552 caussa,
846 1519 927 1543 cum
958 1505 1165 1542 medicinae
1196 1511 1393 1566 praecepta
1424 1504 1473 1540 ita
1502 1516 1551 1540 ex

111 1562 279 1614 physicis
318 1569 409 1626 ampta
439 1562 531 1607 sint,
575 1568 614 1598 ut
654 1561 716 1598 ubi
754 1560 893 1598 desinit
930 1560 1133 1612 physicus,
1175 1559 1327 1609 incipiat
1365 1557 1547 1604 medicus,

113 1618 259 1667 sintque
291 1618 473 1668 principia
503 1615 709 1654 medicinae
739 1629 783 1654 ea
813 1617 915 1667 ipsa,
959 1628 1051 1666 qnae
1082 1614 1257 1651 conclusa
1292 1621 1376 1651 sunt
1405 1627 1426 1651 a
1457 1613 1552 1665 phy-

114 1673 213 1710 sico:
258 1673 290 1710 si
319 1671 523 1710 medicinae
560 1672 744 1722 principia
783 1678 987 1721 negentur3
1029 1683 1049 1707 a
1081 1670 1249 1721 physicis
1288 1667 1446 1720 petenda
1477 1669 1551 1706 erit

114 1740 242 1765 eorum
271 1728 514 1765 confirmatio.
575 1727 639 1764 Sic
679 1728 710 1764 si
742 1733 927 1776 negentur
955 1725 1139 1777 principia
1171 1726 1341 1774 optices,
1382 1723 1429 1762 ad
1460 1737 1551 1774 geo-

114 1783 307 1821 metriam:
341 1783 372 1820 si
403 1783 580 1828 musices,
606 1781 652 1819 ad
681 1782 942 1819 arithmeticen
972 1792 1224 1819 recurremus·
1271 1780 1338 1817 Sin
1369 1779 1554 1819 eiusmodi

115 1838 213 1876 nulla
242 1845 458 1889 succurret3
499 1851 541 1875 ea
572 1837 800 1888 imploranda
829 1838 925 1883 erit,
960 1849 1054 1887 quae
1084 1836 1244 1872 omnium
1276 1848 1448 1885 suprema
1477 1842 1552 1881 est,

117 1906 224 1942 quarn
255 1893 364 1930 Plato
395 1894 651 1939 dialecticam,
685 1892 912 1930 Aristoteles
937 1893 1097 1942 primam
1123 1891 1398 1941 philosophiam
1428 1897 1550 1928 vocat.

116 1947 252 1999 Neque
279 1949 418 1986 inutilis
447 1948 491 1986 ad
522 1949 616 1986 hanc
648 1960 725 1985 rem
754 1949 877 1985 futura
906 1954 964 1985 est
993 1960 1037 1984 ea
1065 1958 1232 1995 quoque,
1265 1959 1371 1997 quam
1402 1944 1556 1983 Aristo-

117 2004 210 2041 teles
242 2003 474 2042 dialecticam
504 2003 689 2048 nominat,
731 2015 911 2053 quamque
940 2009 1024 2040 octo
1053 2001 1276 2051 Topicorum
1319 2001 1424 2038 libris
1455 2014 1556 2038 com-

118 2058 248 2110 plexus
287 2066 366 2096 est:
406 2072 487 2097 nam
518 2066 555 2096 et
591 2059 670 2108 ipsa
705 2057 750 2095 (le
779 2059 932 2096 aliarum
973 2057 1106 2095 artium
1145 2056 1338 2107 principiis
1376 2055 1553 2106 disputat,

120 2113 188 2151 sed
217 2114 402 2160 molliore,
427 2122 464 2152 ut
491 2114 643 2159 dicitur,
667 2113 821 2151 brachio
837 2112 938 2166 ᾗῇ),
971 2113 1106 2163 quippe
1135 2124 1228 2174 quae
1256 2111 1555 2162 probabilitatem

119 2175 256 2206 tantum
288 2177 538 2215 consectetur,
565 2182 645 2207 cum
677 2169 739 2206 illa
769 2169 886 2207 altera
916 2167 961 2206 ad
985 2168 1179 2206 velitatem
1210 2167 1326 2218 ipsam
1356 2166 1553 2217 dirigatur.

118 2222 172 2262 Et
200 2224 295 2263 hanc
333 2224 479 2275 quidem
509 2225 590 2262 fere
620 2224 840 2263 Aristotelis
879 2236 962 2261 esse
1002 2223 1222 2261 sententiani
1259 2229 1418 2260 constat.
1480 2220 1558 2259 Sed

120 2274 236 2317 verba
266 2280 380 2330 ipsius
416 2294 488 2318 non
523 2293 651 2318 omnes
686 2279 815 2317 eodem
850 2278 956 2317 modo
987 2278 1127 2328 legunt.
1190 2277 1340 2314 Etenim
1374 2278 1410 2314 in
1442 2277 1560 2314 omni-

121 2333 215 2380 bus,
255 2349 346 2386 qnos
386 2347 456 2385 ego
493 2335 638 2386 quidem
669 2334 850 2381 viderim,
891 2333 1109 2372 Aristotelis
1147 2332 1253 2368 libris
1292 2333 1342 2369 ita
1380 2333 1558 2397 scriptum

124 2389 252 2427 videas
268 2366 430 2454 *ifffio
435 2388 556 2441 ὥςπερ
584 2406 655 2456 γαο
683 2389 749 2429 καὶ
775 2394 827 2429 τῶ
841 2387 1043 2456 γεωμέτοῃ
1067 2384 1192 2426 οὐκέτι
1219 2383 1331 2452 λόγος
1359 2386 1435 2426 ἐστὶ
1464 2383 1560 2439 πρὸς

122 2441 190 2483 τὸν
219 2441 400 2484 ἀνελόντα
428 2442 495 2491 τὰς
529 2442 661 2497 (ἰσχὰς,
706 2432 810 2484 ἀλλὰ
824 2442 910 2496 ἤτοι
947 2443 1074 2495 ἑτέρας
1103 2439 1331 2494 ἐπιστήμης,
1371 2459 1396 2494 η
1427 2445 1561 2482 πασῶν

124 2503 276 2551 κοινῆς,
319 2497 409 2539 οὐδὲ
437 2516 489 2539 τω
516 2499 603 2553 περὶ
632 2497 765 2552 ἀρχῶν.
821 2500 955 2551 Neque
985 2500 1095 2537 aliter
1132 2498 1225 2548 legit
1254 2498 1354 2536 rudis
1393 2499 1456 2537 illc
1486 2498 1562 2537 La-

199 2614 242 2649 ³2²)
262 2615 330 2642 Hoc
348 2621 427 2643 anne
447 2614 597 2644 vitiosum
617 2614 745 2643 videtur
765 2615 797 2643 et
816 2613 998 2643 mutandum
1019 2612 1050 2641 in
1069 2619 1172 2640 annon
1192 2613 1245 2639 vel
1265 2617 1320 2639 nec
1343 2617 1389 2640 ne.
1429 2613 1544 2640 FAESI.

201 2662 270 2696 ·''·³‘-²·]
291 2661 356 2691 Cic.
372 2663 471 2697 Epist.
492 2664 532 2692 ad
549 2664 615 2692 Att.
630 2664 668 2691 11.
686 2665 714 2691 1.
729 2662 760 2697 S.
770 2663 800 2692 6.
838 2663 926 2697 Quod
942 2669 989 2689 me
1009 2662 1139 2695 quodam
1155 2661 1244 2687 modo
1264 2660 1378 2688 molli
1398 2660 1563 2688 brachio

126 2701 165 2730 de
184 2701 322 2774 Pompeii
338 2700 551 2734 familiaritate
571 2701 732 2735 obiurqas,
751 2700 845 2728 nolim
863 2701 907 2728 zla
926 2700 1083 2728 existimes
1103 2702 1160 2727 cet.

205 2754 274 2764 ““““““““
243 2752 297 2788 -τ-τ)
318 2755 504 2782 Bekkerus:
526 2746 600 2781 ἀλλ’
623 2744 700 2790 ήτοι
719 2747 838 2791 ἑτέρας
856 2744 1054 2792 ἐπιστήμης
1071 2743 1090 2788 ἢ
1112 2747 1242 2779 πασῶν
1261 2745 1395 2786 κοινῆς,
1426 2757 1444 2779 o
1457 2758 1566 2784 υτως

130 2807 149 2829 ο
162 2765 243 2827 1’Jd'
224 2813 238 2826 c
248 2794 313 2872 (1523
336 2795 419 2839 περὶ
441 2792 575 2839 ἀοχῶν.
595 2797 803 2829 Ruhnkenius
819 2800 851 2828 et
866 2800 897 2828 h.
909 2799 930 2828 l.
947 2800 981 2828 et
996 2801 1138 2827 extremo
1155 2796 1261 2834 capito
1272 2796 1402 2826 exhibet
1422 2789 1566 2826 οὐδεπω

132 2851 186 2881 mo
217 2836 258 2873 οιῖ·
326 2851 386 2873 ιω.

1577 1730 1641 1760 448
