1778 3096
684 168 803 209 CAP.
837 167 930 209 XV.
1447 166 1527 211 491

94 278 304 334 proditum:
354 275 554 316 vindicabit
592 279 689 316 enim
728 292 749 316 a
786 276 935 316 domino
981 276 1223 329 proprietatis
1261 276 1529 315 usumfructum

95 350 222 375 suum:
268 340 331 373 aut
357 334 502 372 vicinus
542 333 679 384 aliquid
711 334 800 371 facit
827 335 864 371 in
902 346 993 380 suo,
1037 345 1108 383 quo
1138 333 1325 369 minuatur
1358 332 1416 369 ius
1447 332 1529 369 eius

94 390 261 443 praedii,
302 402 372 439 quo
403 389 626 426 fructuarius
665 389 821 426 fruitur:
864 395 902 426 et
935 388 1004 425 hoc
1046 401 1134 425 casu
1167 388 1345 425 variatum
1385 394 1444 424 est
1482 387 1530 424 ab

93 446 272 496 antiquis.
311 444 475 481 Iulianus
499 444 700 481 fructuario
723 444 830 480 ctiam
852 442 1139 480 vindicationem
1161 443 1378 480 servitutum
1401 440 1528 487 dabat,

93 501 155 539 cui
193 512 425 549 consequens
462 505 566 546 erat,
605 506 645 536 ut
674 497 779 535 daret
809 505 846 536 et
882 498 1174 543 nuntiationem,
1217 504 1255 535 et
1285 495 1430 547 quidem
1462 508 1531 534 suo

93 555 256 593 nomine.
303 554 398 600 Alii,
431 555 491 604 qui
523 554 558 591 ei
585 560 624 590 ut
653 552 812 604 praedii,
846 553 900 590 sic
931 559 970 590 et
998 553 1214 589 servitutum
1244 551 1530 589 vindicationem

93 616 298 661 negarent,
343 608 537 654 dicebant,
578 621 680 654 eum,
728 609 798 645 nisi
836 608 1094 659 procuratorio
1133 607 1306 653 nomine,
1357 606 1530 644 nuntiare

93 678 167 704 non
197 677 330 716 posse:
372 677 482 715 posse
508 671 629 701 tamen
658 663 703 701 ab
742 663 812 700 hoc
852 675 995 713 quoque
1034 661 1225 700 vindicare
1262 662 1532 699 usumfructum

93 733 214 758 suum.
272 719 407 757 Iuliani
443 719 628 757 sententia
658 719 862 769 simplicior
900 724 1005 763 erat,
1047 724 1085 754 et
1113 718 1298 768 aequitate
1328 717 1528 755 nitebatur.

93 774 293 813 Contraria
321 781 445 811 tamen
481 781 631 825 recepta
662 780 741 811 est:
785 779 825 810 ut
862 785 954 823 quae
995 778 1034 810 et
1063 772 1194 809 melius
1227 779 1314 822 apta
1345 780 1446 810 esset
1484 784 1535 809 ex

92 830 287 881 principiis
321 829 414 867 iuris
444 829 586 875 civilis,
625 835 663 867 et
689 841 807 879 aeque
842 833 1040 866 conservet
1076 827 1282 865 fructuario
1320 827 1377 864 ius
1408 840 1530 864 suum.

92 885 202 923 Haec
237 883 326 922 mihi
364 884 565 922 veniebant
602 884 639 921 in
670 890 852 930 mentem,
894 883 1104 921 conferenti
1142 884 1258 932 legem
1290 883 1453 932 primam
1485 882 1534 919 de

94 941 219 991 operis
248 940 338 978 nove·
371 940 605 978 nuntiatione
625 936 696 991 ᾗ),
741 952 822 976 cum
857 940 884 977 l.
919 940 1029 976 unica
1058 938 1104 975 de
1132 937 1413 975 remissionibus
1430 933 1531 989 Δλέᾅ).·

93 995 166 1033 etsi
196 994 386 1039 sciebam,
419 995 522 1040 eius,
565 995 623 1032 cui
657 994 848 1045 plurimum
879 993 1002 1031 tribuo
1020 989 1147 1043 meze),
1189 992 1297 1029 aliam
1330 1005 1416 1030 esse
1445 1004 1534 1030 sen-

92 1049 261 1087 tentiam.
315 1049 387 1087 Cui
417 1050 447 1087 si
477 1062 559 1087 mea
588 1049 680 1088 haec
711 1063 784 1087 non
813 1048 1031 1101 probentur,
1065 1060 1136 1098 ego
1166 1059 1311 1098 quoque
1339 1061 1535 1100 παρεωρα-

91 1104 198 1144 κέναι
235 1117 293 1142 me
332 1117 405 1141 non
435 1105 570 1142 invitus
610 1104 769 1142 fatebor.
830 1103 906 1142 Sed
937 1110 975 1141 et
1012 1104 1050 1140 in
1083 1101 1211 1140 eadem
1243 1103 1306 1139 illa
1343 1103 1370 1140 l.
1403 1104 1532 1147 unica,

92 1160 154 1197 ubi
185 1160 322 1209 legitur
337 1158 406 1212 †),
438 1160 697 1206 detentionem,
727 1160 899 1211 putabam
928 1159 1002 1209 legi
1032 1170 1143 1208 posse
1173 1164 1237 1195 aut
1266 1157 1532 1209 defensionem,

92 1221 157 1253 aut
183 1216 451 1262 retentionem,
482 1222 522 1252 ut
550 1215 671 1253 minus
702 1229 723 1253 a
749 1221 878 1254 vetere
910 1215 1094 1265 scriptura
1121 1211 1383 1251 recederetur.

588 1322 619 1362 C
652 1322 690 1362 A
719 1324 751 1362 P
779 1324 816 1362 U
844 1323 880 1362 T
933 1321 1033 1362 XV.

247 1390 480 1440 Emendatas
513 1389 659 1440 Ulpian.
695 1391 721 1429 l.
752 1391 790 1428 si
813 1389 1019 1427 hereditas.
1054 1387 1100 1425 de
1128 1392 1276 1426 testam.
1308 1392 1381 1426 tut.

91 1455 257 1515 VERBA
293 1485 379 1515 sunt
404 1476 556 1528 Ulpiani
584 1478 620 1515 in
659 1477 684 1516 l.
715 1476 753 1513 si
780 1476 986 1514 hereditas.
1022 1477 1068 1513 de
1099 1482 1185 1514 test.
1219 1481 1290 1513 tat.
1312 1471 1422 1527 -1‘·1⁴).·
1465 1475 1540 1524 Qui

80 1532 209 1584 filium
250 1539 289 1570 et
324 1546 373 1570 cx·
410 1546 452 1570 eo
492 1539 659 1583 nepotem
697 1531 881 1576 habebat,
932 1532 970 1569 si
1004 1532 1133 1582 nepoti
1168 1537 1328 1568 tutorem
1369 1530 1534 1576 dederit,

92 1587 208 1626 ltabet
244 1588 569 1638 disceptationem,
610 1600 658 1626 an
688 1587 815 1636 aliquo
845 1599 937 1624 casn
972 1599 1044 1624 non
1074 1587 1125 1623 sit
1159 1587 1263 1623 utilis
1295 1586 1415 1623 datio.
1474 1585 1537 1623 Ita

94 1643 193 1680 enim
230 1643 367 1693 legitur
395 1642 433 1679 in
472 1642 620 1692 optimis
649 1641 778 1679 libris:
826 1654 909 1678 cum
947 1642 986 1678 in
1020 1641 1248 1692 pervulgatis
1278 1640 1448 1690 legatur,
1485 1653 1537 1678 an

94 1699 221 1748 aliquo
242 1710 332 1735 casa
359 1699 411 1735 sit
427 1698 530 1735 utilis
550 1698 668 1736 datio,
718 1695 834 1733 Certe
861 1703 983 1734 autem
1005 1696 1153 1746 vulgata
1180 1695 1366 1745 scriptura
1390 1695 1540 1746 planior

94 1759 132 1791 et
159 1753 327 1803 apertior
356 1759 438 1798 est,
478 1765 598 1803 neque
631 1752 727 1790 enim
759 1751 829 1788 hoc
864 1750 1128 1789 dubitationem
1160 1750 1294 1796 habet,
1334 1764 1418 1788 num
1447 1763 1538 1788 casu

94 1807 216 1859 aliquo
254 1807 407 1846 evenire
438 1808 580 1857 possit,
618 1814 658 1844 ut
692 1807 754 1844 illa
786 1808 921 1844 tutoris
960 1806 1059 1844 datio
1089 1819 1161 1843 non
1201 1806 1250 1843 sit
1282 1805 1406 1843 utilis:
1453 1819 1537 1844 cum

94 1863 155 1901 vel
183 1875 295 1901 caeco
326 1863 560 1913 perspicuum
591 1863 655 1908 sit,
681 1862 711 1899 si
743 1874 858 1912 nepos
884 1862 946 1900 ille
975 1875 1043 1899 avo
1073 1867 1217 1898 mortuo
1249 1861 1285 1898 in
1316 1867 1538 1911 potestatem

95 1919 212 1969 patris
242 1916 408 1963 recidat,
450 1918 617 1955 inutilem
647 1918 753 1954 fore:
797 1916 863 1954 scd
893 1931 977 1955 num
1018 1916 1140 1966 aliquo
1171 1929 1260 1954 casu
1296 1917 1414 1966 possit
1451 1928 1539 1954 esse

96 1973 213 2010 utilis.
274 1971 494 2023 Elegantius
522 1980 644 2011 tamen
675 1973 748 2022 legi
777 1979 879 2022 puto,
913 1979 952 2010 ut
979 1970 1196 2009 Florentiae
1227 1977 1304 2008 est:
1339 1971 1409 2008 hoc
1438 1972 1539 2010 enim

98 2026 213 2074 dicit,
245 2040 367 2065 annon
399 2028 550 2066 evenire
582 2028 699 2079 possit
727 2027 850 2077 aliquo
879 2040 983 2072 casu,
1016 2035 1056 2064 ut
1089 2025 1186 2064 datio
1217 2027 1266 2063 sit
1294 2026 1410 2063 utilis.
1464 2026 1538 2064 Ρο-

96 2082 258 2122 nendum
295 2089 352 2120 est
389 2090 532 2128 autem,
570 2090 765 2134 utrumque
803 2083 921 2121 fuisse
954 2083 991 2119 in
1022 2089 1229 2133 potestate:
1275 2082 1411 2132 alioqui
1440 2083 1539 2119 enim

97 2139 216 2176 omnis
258 2137 436 2175 dubitatio
475 2138 684 2176 tolleretur.
752 2137 900 2176 Deinde
936 2138 1118 2189 Ulpianus
1156 2150 1280 2175 casum
1321 2137 1446 2182 illum,
1492 2136 1539 2174 de

97 2207 168 2244 quo
199 2192 360 2231 dubitari
391 2200 558 2244 poterat,
592 2193 743 2244 exponit
772 2193 830 2230 his
861 2193 1011 2232 verbis:
1058 2194 1106 2232 Ut
1129 2199 1246 2243 pata,
1289 2193 1325 2229 si
1344 2205 1540 2242 proponas

83 2249 214 2300 filiam
252 2250 333 2286 vivo
370 2255 483 2299 patre
522 2250 748 2296 decessisse,
788 2255 827 2287 et
854 2256 1022 2300 nepotem
1053 2262 1102 2286 ex
1138 2261 1180 2285 eo
1209 2250 1430 2285 successisse
1459 2249 1540 2285 vivo

97 2317 181 2342 avo.
240 2303 335 2341 Tum
367 2304 518 2353 exponit
546 2318 648 2342 suam
688 2317 800 2355 super
828 2305 1019 2356 proposita
1048 2303 1267 2354 quaestione
1298 2303 1536 2349 sententiam,

97 2371 204 2409 quam
236 2365 274 2396 et
296 2358 502 2409 Pomponio
533 2360 681 2411 probari
710 2361 785 2406 ait,
818 2360 877 2398 his
906 2359 1053 2398 verbis:
1094 2360 1145 2396 Et
1163 2357 1314 2410 sorcius
1341 2358 1550 2397 dieendnms

98 2420 170 2460 est,
197 2415 350 2452 tutelam
372 2427 516 2465 qaoque
543 2416 624 2464 lege
648 2417 759 2453 Iunia
784 2416 926 2454 Velleia
954 2414 1211 2464 confirmatam
1226 2429 1237 2451 .-
1265 2426 1351 2451 nam
1376 2420 1413 2450 et
1433 2415 1540 2451 Pom-

95 2470 231 2520 ponius
261 2469 356 2507 libro
394 2469 643 2508 seaetodeczmo
682 2484 730 2507 ex
758 2469 901 2508 Sabino
930 2471 1101 2520 scripsit,
1141 2470 1267 2507 valere
1297 2469 1434 2506 tatoris
1472 2469 1540 2505 da-

100 2525 251 2562 tionem.
314 2525 403 2562 Cnm
444 2525 541 2562 enim
571 2525 829 2574 confirmatura
859 2526 910 2563 sit
946 2531 1228 2570 testamentum,
1269 2530 1540 2573 consequenter

101 2580 238 2617 tutoris
258 2592 403 2629 quoque
431 2580 534 2617 datio
564 2580 703 2618 valebit
730 2582 766 2618 in
789 2593 832 2617 eo
862 2586 1082 2619 testamento
1111 2581 1270 2630 scripta,
1296 2579 1396 2629 quod
1422 2580 1536 2616 valet.

99 2632 306 2672 Accursius
346 2640 469 2672 autem
517 2635 674 2674 mirifice
710 2635 856 2675 laborat
893 2636 932 2674 in
971 2634 1218 2688 concipienda
1262 2634 1388 2687 specie
1429 2633 1537 2675 sacti.

174 2733 218 2767 ὓ)
238 2733 276 2761 D.
298 2734 437 2762 XXXIX.
456 2734 485 2762 1.

174 2770 242 2804 ἓξὲξ)
263 2771 301 2798 D.
323 2771 433 2799 XLIII.
456 2770 508 2799 25.

173 2806 267 2854 *iffi-2
287 2807 411 2836 Cuiacii
431 2808 612 2839 ousexvatt.
633 2807 687 2838 lib.
707 2810 732 2838 1.
753 2810 820 2838 θὴς.
846 2808 892 2839 16.
933 2809 1045 2837 FAESI.

175 2843 377 2921 ῃῗίῗιο.
400 2881 433 2919 S.
453 2884 483 2913 2.
511 2884 549 2912 ι).
571 2884 681 2913 xxv1.
702 2884 731 2912 2.

1561 1324 1625 1357 519
