1726 3106
484 141 587 180 Llss.
619 139 723 181 VIII.
784 137 902 178 CAP.
934 140 1067 180 Xth.
1418 147 1499 192 187

62 255 270 308 Iphicrates
309 252 490 293 dicitur..
523 249 701 302 Idemque
741 248 975 301 eloquentiae
1011 249 1142 289 studiis
1179 251 1326 291 deditus
1365 255 1497 303 fuisse,

64 319 104 350 et
135 325 215 349 cum
246 321 359 359 saepe
390 307 531 345 dixisse
558 307 595 343 in
626 306 796 357 publico,
834 312 909 342 tum
947 309 1210 345 ostentationis
1240 322 1383 360 quoque
1413 325 1501 362 gra-

43 368 117 405 tia
144 365 240 404 domi
272 375 543 412 nonnumquam
575 360 835 399 declamitasse
866 360 1097 411 perhibetur.
1157 363 1251 401 Erat
1281 372 1402 403 autem
1435 380 1502 404 ex—

67 422 171 460 celso
200 421 258 457 vir
286 426 325 456 et
350 419 448 456 elato
477 417 623 461 animo,
663 417 796 467 quique
827 414 872 452 de
900 428 940 453 sc
971 417 1155 456 interdum
1187 421 1502 470 magnificentius,

67 489 174 528 quam
213 474 314 524 vulgi
358 485 468 510 aures
505 472 667 510 libenter
705 473 806 510 ferre
844 479 1017 521 possent,
1057 473 1369 528 praedica1·et²‘⁶).
1428 477 1505 515 Ita-

68 544 138 583 que
179 543 260 568 cum
297 528 502 566 orationem
541 527 587 564 de
624 535 746 565 statua
780 526 850 564 sibi
890 526 935 564 ab
965 528 1264 567 Atheniensibus
1291 532 1411 581 posita
1440 531 1507 570 ad-

66 598 200 624 versus
228 582 470 622 Harmodium
500 582 678 633 quendam
709 595 730 621 e
757 582 896 620 veteris
928 582 1026 620 illius
1057 585 1315 635 tyrannicidae
1343 588 1507 638 posteris

68 640 248 686 haberet,
287 638 400 676 multa
436 637 530 675 dixit
563 638 609 675 de
648 651 689 676 se
722 638 802 687 ipso
838 638 1005 675 animose
1044 646 1082 676 et
1108 653 1222 690 prope
1256 650 1504 692 arroganter:

70 703 109 734 ut
138 695 343 746 Dionysius
376 693 688 731 Halicarnasseus
706 689 779 744 aa)
823 706 894 730 nou
933 693 1007 730 alio
1046 696 1417 746 magis-argumento
1447 711 1510 736 re-

69 751 209 790 fellerit
236 763 325 796 eos,
358 750 420 801 qui
449 749 654 786 orationem
684 748 780 786 illam
809 748 988 798 Iphicrati
1020 761 1040 785 a
1069 749 1188 800 Lysia
1218 752 1392 802 scriptam
1424 766 1510 791 esse

70 805 263 852 dicebant,
305 818 411 856 quam
450 802 545 855 quod
574 817 596 842 a
623 804 766 855 Lysiae
796 803 1050 841 moderatione
1081 806 1230 843 nimium
1263 807 1371 857 longe
1402 809 1513 846 abes-

72 868 144 900 set.
203 861 245 899 ln
276 873 319 907 ea
350 859 421 898 hoc
450 860 564 904 dixit,
603 858 712 910 quodv
737 858 975 897 adversarius
1014 862 1170 909 generis
1197 862 1254 899 sui
1282 863 1511 902 nobilitatem

72 916 255 955 extollens
301 915 400 953 illius
446 914 707 952 obscuritatem
753 920 792 952 et
829 915 1097 964 ignobilitatem
1140 918 1424 968 exagitaverat,
1471 925 1516 958 nt

74 973 229 1023 quisque
256 972 395 1009 virtute
422 971 583 1008 maxime
605 977 846 1020 praestaret,
886 972 940 1007 ita
968 971 1233 1010 nohilzlcsimum
1264 987 1354 1013 esse.
1414 976 1515 1013 Nam

72 1040 121 1065 nc
159 1027 403 1064 Harmodium
451 1026 595 1076 quidem
641 1032 680 1062 et
711 1026 1013 1075 Aristogitonem
1058 1027 1201 1065 nobiles
1230 1029 1360 1078 faisse
1391 1031 1514 1080 prius,

75 1094 185 1132 qnam
219 1083 461 1131 praeclarum
501 1081 648 1129 aliquid
673 1081 936 1129 designassent
952 1078 1066 1130 mii-².)
1129 1082 1297 1133 Itemque
1333 1084 1423 1121 illud
1437 1084 1511 1137 »ωε

72 1150 114 1174 sc
148 1138 325 1174 maiorem
361 1135 501 1172 habere
542 1137 805 1183 cognationem
844 1149 926 1172 eam
965 1136 1065 1180 illis,
1109 1151 1217 1187 quam
1244 1140 1360 1188 ipsam
1392 1141 1514 1186 illam,

75 1204 231 1242 quocum
264 1191 524 1227 contenderet:
561 1203 633 1240 quo
664 1203 749 1235 sua,
785 1203 895 1239 qaam
925 1192 1028 1227 illius
1045 1191 1162 1241 saeta
1188 1196 1347 1243 propias
1375 1196 1428 1231 ad
1455 1208 1517 1232 eo-

75 1259 158 1284 ram
189 1247 354 1296 gloriam
393 1245 630 1282 accederent.
691 1243 742 1281 Et
754 1243 867 1296 ††),
905 1247 1076 1283 Meol‘am
1118 1247 1294 1285 nobilitas
1323 1262 1345 1286 (ι
1377 1263 1432 1287 mc
1461 1251 1518 1288 in·-

74 1302 213 1352 cipiet:
242 1307 389 1339 tuorum
416 1301 454 1336 in
485 1305 520 1336 te
550 1300 707 1336 desinet.
769 1298 876 1345 Quae
906 1300 1029 1336 omnia
1064 1301 1227 1340 imitatus
1249 1310 1320 1350 est,
1353 1306 1520 1356 quicum-

78 1370 150 1408 que
190 1356 339 1406 scripsit
366 1354 670 1392 declamationem
701 1355 739 1391 in
771 1354 987 1391 Sallustium
1005 1354 1136 1409 †††).
1197 1357 1274 1395 Sed
1311 1366 1350 1397 et
1379 1373 1426 1398 ex
1456 1373 1521 1398 ea-

79 1412 160 1450 dem
198 1411 368 1448 oratione
398 1410 490 1447 baec
521 1410 671 1459 reperi:
710 1410 777 1455 Si,
809 1411 931 1460 qualis
961 1424 1033 1460 ego
1061 1426 1165 1458 snm,
1209 1415 1304 1451 tales
1331 1416 1434 1454 vobis
1463 1429 1521 1453 se-

75 1474 175 1519 ptem
214 1468 461 1518 imperatores
482 1464 682 1516 fuissent,
726 1465 879 1503 deserta
915 1467 988 1502 iam
1022 1475 1120 1505 esset
1156 1475 1196 1506 et
1231 1470 1372 1509 inculta
1402 1474 1523 1510 Laee-

80 1524 251 1560 daemon.
311 1520 364 1558 Et
402 1533 483 1558 cum
521 1521 567 1557 de
605 1519 814 1558 Harmodio
854 1527 892 1558 et
927 1521 1187 1573 Aristogitone
1228 1533 1382 1575 ageret:
1425 1530 1524 1577 Quo-

81 1591 190 1624 rum,
228 1576 374 1626 inquit,
415 1588 488 1625 ego
523 1576 562 1612 si
587 1576 815 1625 temporibus
829 1576 1018 1626 finissem,
1055 1585 1124 1617 ant
1151 1583 1428 1630 assumpsissem
1459 1595 1524 1620 eos

83 1634 136 1672 ad
176 1633 390 1671 societatem
423 1631 624 1680 praeclari
661 1631 762 1668 illius
802 1632 952 1681 operis,
993 1640 1062 1670 ant
1098 1635 1176 1684 ipse
1217 1636 1264 1672 ab
1295 1638 1348 1674 eis
1379 1639 1524 1675 ascitas

82 1701 214 1727 essem.
273 1685 349 1732 Et,
393 1687 470 1723 Vos
496 1685 673 1736 sortasse
701 1685 955 1723 Athenienses
991 1689 1100 1726 istam
1130 1691 1226 1727 milei
1248 1692 1455 1730 colamnam
1487 1699 1527 1730 et

83 1745 178 1782 istas
205 1744 243 1780 in
274 1754 319 1779 ca
349 1742 553 1791 inscriptas
582 1741 732 1778 litteras
755 1742 1000 1792 praeclaram
1032 1746 1209 1794 quiddam
1236 1753 1274 1783 et
1293 1749 1525 1796 gloriatione

85 1800 239 1849 dignum
279 1810 302 1834 a
336 1797 440 1834 vobis
475 1797 680 1845 contigisse
713 1796 968 1836 arbitramini.
1027 1801 1085 1838 At
1118 1801 1211 1838 milti
1237 1803 1407 1841 columna
1438 1816 1526 1841 cae-

87 1855 162 1893 lum
197 1854 388 1901 attingens
424 1853 461 1889 in
487 1853 739 1901 Peloponneso
768 1853 920 1889 virtutis
949 1867 1052 1891 meae
1086 1858 1190 1893 testis
1219 1860 1422 1896 constituta
1453 1865 1522 1897 est.

86 1909 196 1948 Haec
236 1914 426 1959 postrema
465 1906 597 1956 quibus
638 1907 763 1943 verbis
791 1907 939 1946 Graece
976 1912 1216 1959 pronunciata
1247 1912 1344 1961 sint,
1384 1915 1414 1951 si
1446 1915 1527 1966 quis

87 1964 218 2003 videre
254 1963 379 2012 cupit,
423 1962 588 2012 reperiet
625 1960 723 2013 apud
762 1963 912 2001 Aelium
941 1963 1149 2005 Aristidem
1190 1966 1232 2007 ἐν
1258 1971 1310 2023 τῷ
1343 1968 1431 2022 περὶ
1462 1972 1531 2010 τοῦ

89 2016 418 2073 παραφθέγματος
434 2014 494 2070 ²³).

169 2202 213 2238 εκ)
233 2203 282 2231 De
303 2208 341 2230 eo
368 2207 427 2229 nos
448 2205 571 2234 quoque
600 2197 738 2227 diximus
763 2197 796 2227 in
816 2199 897 2230 Hist.
918 2201 994 2231 Crit.
1020 2201 1107 2232 Orat.
1128 2206 1180 2233 Gr.
1206 2212 1278 2241 pag.
1298 2207 1349 2235 58.
1380 2208 1419 2236 1).
1440 2209 1476 2238 R.
1498 2224 1535 2232 —

94 2241 177 2271 Vide
204 2241 452 2269 Westermann:
481 2239 592 2266 Gesch.
621 2237 677 2264 der
701 2237 818 2271 griech.
850 2240 1070 2269 Beredtsamk.
1099 2249 1169 2276 pag.
1191 2244 1240 2272 71.
1269 2247 1373 2273 annot.
1397 2247 1446 2275 16.
1487 2247 1534 2277 Cf.

94 2280 213 2310 Victor.
233 2279 273 2307 ad
294 2277 429 2307 Aristot.
449 2277 577 2304 Rhetor.
597 2276 636 2304 Π.
657 2281 730 2310 pag.
750 2275 822 2305 408.
841 2277 905 2306 LL.
933 2278 1063 2313 'Pastori
1083 2282 1208 2315 Fragm.
1230 2283 1305 2317 Lys.
1327 2290 1399 2319 pag,
1422 2285 1472 2314 18,

170 2338 238 2374 εει-κε)
259 2337 356 2366 ludic.
377 2336 416 2364 de
435 2336 513 2370 Lys.
532 2341 605 2370 pag.
624 2335 696 2364 478.
717 2335 828 2364 Reisk.

173 2397 268 2434 *aa-J
289 2396 426 2427 Aristot.
445 2396 537 2424 Rhet.
558 2395 612 2424 lib.
632 2397 670 2424 11.
691 2402 760 2430 cap.
782 2397 832 2425 23.
872 2396 919 2427 Cf.
939 2399 1020 2428 Mur.
1045 2399 1122 2435 Opp.
1144 2401 1234 2430 Tom.
1255 2403 1308 2431 111.
1329 2409 1400 2439 pag.
1423 2404 1493 2433 720.

176 2456 222 2496 ἦ)
243 2457 378 2486 Aristot.
397 2457 527 2484 Rhetor.
547 2454 601 2483 lib.
622 2457 659 2483 ΙΙ.
680 2462 748 2490 cap.
769 2457 819 2485 23.

178 2515 250 2555 {vl-J
263 2518 422 2545 Plutarch.
441 2516 673 2550 Apophthegm.
691 2523 762 2550 pag.
782 2517 850 2544 187.
872 2517 907 2545 Β.
930 2517 1046 2547 xvcim.
1063 2535 1102 2540 --
1129 2521 1198 2549 Hoc
1218 2521 1332 2549 dicium
1351 2521 1432 2549 falso
1453 2523 1539 2549 The-

103 2556 239 2586 misatocli
265 2554 378 2591 tribuit>
393 2556 535 2582 Muretus
557 2553 588 2581 in
608 2553 750 2583 oratione
769 2554 913 2584 Venetiis
933 2555 1043 2585 habita
1070 2558 1108 2586 de
1128 2559 1242 2588 studiis
1261 2561 1438 2589 litterarum
1460 2562 1536 2596 opp.

104 2596 192 2624 Tum.
215 2595 237 2622 1.
259 2599 337 2627 pag..
349 2591 420 2621 369.
458 2593 571 2620 FAESt.

182 2650 283 2690 ††-i-)
304 2658 372 2686 cap.
393 2651 422 2680 2.
462 2650 636 2685 sequentia
656 2652 739 2687 apud
760 2651 936 2683 Aristidem
956 2654 1114 2689 leguntur.

181 2711 223 2749 *J
243 2718 315 2749 pag.
334 2711 405 2741 385.
425 2710 474 2742 ed.
493 2711 577 2742 lebb,

1547 1200 1608 1232 197
