1726 3106
535 131 634 169 Lm.
665 131 738 169 IV.
798 129 916 168 CAP.
950 131 1061 168 ΧΙΙΙ.
1463 130 1518 171 85

84 243 297 283 Tusculana
315 239 360 293 2‘)
405 239 556 279 adducit
604 241 752 286 locum,
809 239 942 277 melius
992 240 1027 277 in
1076 239 1233 289 vulgatis
1277 237 1382 276 libris
1425 238 1515 290 legi,

83 311 190 350 quam
221 296 402 349 quomodo
433 297 510 346 ipse
542 296 637 341 vult,
669 296 858 338 arbitron
889 295 1052 332 ostendit
1081 296 1178 332 enim
1211 306 1251 331 se
1280 294 1330 331 ita
1360 294 1516 344 legere:

87 354 286 404 Voluptati
316 352 574 390 malevolentia
605 353 749 388 laetans
778 352 874 388 malo
904 351 1049 395 altene,
1089 350 1306 398 delectatio,
1343 350 1514 394 iactatio,

85 416 126 447 et
156 409 307 446 sinn'lia.
376 406 516 444 Melius
561 413 682 442 nutem
721 405 830 454 vulgo
871 405 1035 454 legitur:
1081 406 1336 442 malevolentia
1371 406 1518 442 laetans

84 466 181 502 malo
216 464 353 500 alieno.
412 460 497 498 Non
534 462 629 498 enim
678 460 823 497 dubium
864 466 946 504 est,
989 460 1074 509 quin
1106 458 1243 496 Cicero
1285 459 1519 509 expresserit

84 518 268 556 Graecum
305 516 520 553 vocabulum
549 515 840 568 ἐπιχαιρεκακία.
897 513 976 551 Sed
1005 515 1114 551 multa
1143 526 1188 551 eo
1218 513 1325 551 modo
1356 521 1394 551 ct
1421 512 1518 564 apud

83 573 273 618 Nonium,
316 578 354 609 et
391 570 486 621 apud
516 572 679 608 eiusdem
711 570 839 607 classis
879 570 971 606 alios
1002 582 1128 619 parum
1160 568 1355 606 emendate
1390 569 1521 619 legun-

83 634 171 676 tur3
211 627 319 678 quale
358 634 416 664 cst
451 625 539 663 illud
570 639 616 663 cx
643 624 882 663 Academicis
899 622 994 675 *2¹52
1038 626 1114 673 Qai
1137 625 1232 661 enim
1260 625 1382 660 serias
1406 625 1520 661 hono-

83 696 146 721 res
174 684 494 727 adlzamaverwzt3
540 682 576 718 in
609 694 679 732 quo
710 680 791 730 quis
824 687 905 724 est,
944 679 1004 730 qui
1039 679 1196 729 aliquem
1229 679 1413 715 sermonis
1438 678 1520 715 Ro-

84 739 182 775 mani
221 750 366 776 sensum
410 737 568 784 habeat,
612 737 695 786 quin
729 735 839 771 multo
869 735 970 771 malit
999 734 1297 771 adamaverunt?
1329 732 1422 770 Eius
1455 746 1522 782 gc-

83 794 183 830 neris
223 799 281 829 est
320 799 357 829 et
391 791 507 840 illud,
546 791 639 842 quod
672 789 767 841 apud
799 789 952 827 cundem
987 789 1147 826 Nonium
1180 789 1340 837 legitur:
1386 790 1518 826 Conie-

83 849 266 893 ctariam,
311 846 468 897 efficax,
502 846 728 897 perfectam.
788 847 844 883 M.
896 846 1037 883 Tallias
1068 845 1113 881 de
1152 844 1306 882 Finibus
1341 843 1520 881 bonorum

83 910 123 940 et
148 904 329 940 maloram
359 902 455 939 libro
489 907 625 951 quarto
641 898 740 953 zzzsszss)
756 929 769 947 ,
811 901 912 938 Illud
939 912 1027 937 vero
1056 900 1204 936 minime
1234 900 1517 944 cometarium,

82 959 150 995 sed
189 959 226 995 in
258 959 393 1008 primis
426 957 536 994 hebes
574 957 737 993 illoram.
798 955 905 992 Haec
945 955 1019 991 ille.
1077 953 1152 991 Sed
1182 954 1348 1003 profecto
1376 961 1438 990 ant
1465 953 1521 990 lo-

84 1026 164 1051 cum
207 1013 326 1063 ipsum
362 1025 433 1048 non
470 1012 638 1061 legerat,
684 1017 745 1047 ant
785 1009 868 1060 quid
914 1022 995 1047 eum
1037 1009 1194 1046 hominis
1236 1009 1354 1046 fuisse
1383 1007 1517 1054 dicam,

84 1068 235 1112 nescio,
271 1068 326 1112 si,
359 1079 440 1103 cum
472 1067 649 1115 legisset,
684 1079 754 1102 non
789 1064 1073 1109 animadvertit,
1114 1066 1412 1108 consectarium,
1446 1077 1519 1101 non

82 1123 364 1166 consectarium,
398 1120 595 1170 legendum
622 1133 733 1157 esse:
768 1132 922 1168 eamque
947 1131 1072 1156 vocem
1104 1131 1222 1168 neque
1243 1119 1420 1164 efficacis,
1453 1132 1521 1155 ne-

81 1189 151 1228 que
190 1176 349 1227 perfecti
379 1176 687 1226 significationem
718 1175 826 1212 ullam
862 1175 1017 1211 habere.
1080 1173 1274 1223 Utcunque
1304 1180 1425 1209 nutem
1456 1174 1519 1218 sit,

79 1233 274 1283 praeclare
314 1231 436 1281 agitur
476 1244 557 1268 cum
599 1229 817 1280 quibusdam
849 1229 1133 1274 Grammaticis,
1172 1227 1267 1278 qnod
1307 1235 1378 1264 tam
1409 1229 1522 1266 multa

81 1300 238 1332 eorum,
287 1287 346 1338 qui
385 1285 430 1323 ab
467 1286 558 1336 ipsis
597 1286 782 1332 citantur,
825 1291 1015 1322 auctorum
1056 1290 1290 1320 monumenta
1321 1283 1519 1333 perierint.

79 1341 282 1380 Perierant
311 1342 397 1392 ipsi,
429 1341 499 1378 nisi
529 1341 591 1378 illa
620 1341 836 1390 periissent.
896 1339 1159 1377 Emolumento
1188 1338 1276 1375 mihi
1305 1345 1426 1374 tamen
1456 1339 1523 1375 nli-

83 1398 142 1435 cui
182 1397 252 1434 hoc
293 1409 436 1448 quoque
476 1397 557 1433 loco
587 1395 732 1433 Nonius
773 1396 864 1441 snit3
906 1394 1028 1432 lumen
1061 1395 1157 1431 enim
1189 1394 1364 1444 praetulit
1392 1393 1438 1430 ad
1470 1394 1522 1430 lo-

82 1466 163 1490 cum
198 1453 296 1489 illum
330 1465 351 1489 e
379 1451 473 1489 libro
502 1458 633 1502 quarto
661 1450 705 1487 de
732 1450 889 1487 Finibus
919 1448 1193 1500 corrigendum.
1256 1449 1388 1498 Neque
1417 1450 1523 1499 pige-

83 1508 157 1553 bit,
190 1507 259 1545 hoc
286 1506 457 1558 quicquid
486 1515 543 1544 est
571 1506 694 1543 lucelli
726 1519 768 1543 ac
797 1505 1015 1556 quaesticuli
1045 1505 1317 1542 communicare
1349 1517 1429 1541 cum
1461 1516 1522 1541 ce-

83 1562 256 1615 teris†).
316 1562 512 1599 Ciceronis
543 1562 658 1612 igitur
692 1561 807 1598 verba
837 1561 887 1597 ita
917 1561 953 1597 in
989 1560 1148 1609 vulgatis
1186 1560 1289 1596 libris
1320 1559 1519 1609 leguntur:

83 1619 185 1656 Illud
221 1630 309 1655 vero
349 1619 496 1654 minime
532 1618 826 1661 consectarium,
864 1616 931 1652 secl
974 1617 1010 1652 in
1036 1616 1170 1665 primis
1197 1615 1330 1660 ltebes,
1373 1616 1521 1652 illorum

81 1674 231 1710 scilieet
263 1673 449 1718 nominum
483 1672 715 1721 gloriatione
750 1672 901 1720 dignam
939 1683 1019 1707 esse
1056 1670 1204 1707 beatam
1239 1671 1352 1707 vitam
1368 1697 1381 1714 ,
1427 1682 1523 1720 quae

81 1741 156 1766 non
181 1728 304 1778 possit
329 1728 410 1764 stam
440 1727 635 1764 honestate
665 1728 896 1775 contingere,
928 1732 969 1762 at
992 1727 1074 1762 iare
1100 1727 1291 1776 qaisquam
1311 1725 1519 1773 glorietur.

83 1782 211 1830 Quare
250 1782 405 1833 primum
443 1782 595 1819 miratus
637 1794 740 1826 sum,
783 1779 870 1831 quid
905 1781 954 1817 ita
991 1780 1160 1816 venisset
1190 1780 1226 1816 in
1256 1786 1415 1816 mentem
1443 1778 1523 1816 No-

83 1839 170 1884 nio,
210 1844 249 1874 ut
278 1837 316 1874 in
343 1849 436 1874 voce
467 1838 615 1874 illoram
644 1837 818 1873 sisteret:
865 1847 1003 1885 curque
1030 1848 1103 1872 non
1129 1841 1191 1872 aut
1219 1847 1300 1871 eam
1335 1834 1524 1872 omisisset

83 1894 231 1944 potius,
272 1899 335 1929 aut
362 1892 559 1942 'aliquanto
600 1892 746 1941 longius
786 1903 1008 1941 progressus
1046 1897 1162 1927 esset.
1222 1888 1372 1927 Deinde
1402 1896 1523 1927 atten-

83 1950 158 1986 tius
197 1948 377 1997 cogitanti
407 1946 494 1984 illud
527 1959 670 1997 quoque
701 1945 873 1996 loquendi
906 1957 1024 1995 genus
1056 1945 1221 1982 insolens
1252 1945 1396 1990 visum,
1439 1946 1523 1982 illo-

85 2017 169 2042 ram
207 2003 355 2041 scilicet
386 2004 570 2040 nominum
607 2002 839 2052 gloriatione
876 2002 1044 2050 dignam.
1105 1999 1256 2037 Etenim
1292 2001 1524 2050 gloriatione

86 2060 238 2108 dignam
278 2056 375 2108 apud
406 2056 628 2094 Ciceronem
670 2057 859 2107 reperias:
908 2057 1061 2105 (legnani
1093 2057 1326 2105 gloriatcone
1365 2057 1525 2093 alieuius

86 2115 246 2152 nominis
284 2126 356 2150 non
395 2110 526 2150 videor
557 2112 710 2161 legisse.
769 2109 868 2158 Quid
906 2110 1038 2161 plura?
1074 2111 1181 2161 coepi
1220 2111 1430 2161 suspicari,
1461 2123 1525 2147 vo-

87 2182 150 2207 ces
188 2168 268 2206 illas
296 2167 412 2213 duas,
453 2169 596 2205 seilicet
623 2167 831 2211 nominum,
877 2166 1131 2216 supposititias
1162 2178 1249 2203 esse
1285 2172 1322 2203 et
1354 2164 1524 2216 delapsas

86 2238 133 2262 ex
171 2224 292 2274 aliquo
330 2223 554 2273 glossemate
595 2223 712 2260 locum
747 2234 950 2272 occupasse
990 2234 1062 2258 non
1104 2234 1223 2258 suum.
1284 2220 1377 2258 Post
1403 2227 1525 2258 autem

86 2278 183 2317 idem
212 2277 300 2316 illud
335 2292 406 2315 non
437 2279 507 2315 iam
540 2279 748 2329 suspicatus
780 2290 882 2322 sum,
915 2275 981 2314 scd
1011 2277 1063 2313 ita
1090 2277 1192 2314 visus
1223 2275 1367 2321 videre,
1395 2283 1434 2313 ut
1463 2288 1524 2321 ea,

89 2347 182 2385 qnae
212 2340 416 2372 cernuntur
445 2333 585 2379 oculis,
618 2334 785 2383 inspecto
815 2339 942 2370 vetere
972 2332 1090 2377 libro,
1122 2331 1159 2368 in
1186 2344 1256 2381 quo
1289 2337 1396 2369 erat:
1436 2332 1527 2369 Illo-

90 2403 171 2427 ram
211 2391 359 2427 scilieet
392 2391 578 2427 nominum
610 2395 676 2427 aut
704 2389 917 2426 Stoicorum
944 2387 1177 2437 gloriatione
1207 2393 1280 2424 etc.
1347 2385 1441 2433 Quis
1470 2392 1528 2422 est

90 2445 215 2490 enim,
247 2445 308 2496 qui
337 2443 505 2491 dubitet,
538 2444 623 2495 quin
655 2450 768 2481 totum
798 2441 913 2489 illud,
945 2443 1089 2481 seilicet
1116 2443 1304 2481 nominum
1331 2449 1399 2480 aut
1430 2441 1529 2479 Stoi-

164 2591 207 2627 εῑε)
229 2598 296 2627 cap.
317 2592 346 2620 7.
372 2592 404 2627 S.
428 2592 476 2621 16.
518 2590 655 2620 Orellius
683 2591 802 2625 recepit
822 2591 958 2624 laetans,
986 2596 1175 2625 quamquam
1195 2590 1276 2617 haec
1294 2589 1394 2617 verba
1413 2588 1532 2618 laetans

89 2630 189 2658 alieno
209 2630 290 2658 malo
309 2632 457 2664 suspecta
478 2629 603 2658 suerunt
622 2630 786 2665 Bentleii),
809 2628 964 2665 nai-isio,
987 2628 1133 2656 Ernestio
1146 2648 1154 2664 ‚
1176 2627 1261 2655 aliis.

164 2677 232 2712 zzz-³2³)
253 2680 376 2712 Fragm.
407 2685 424 2706 e
442 2677 504 2713 uin.
524 2679 562 2706 ΙΙ.
584 2678 624 2705 ad
645 2678 778 2706 Vari-on.
799 2684 849 2711 ap.
871 2678 950 2704 Non.
970 2677 1010 2703 Π.
1031 2676 1060 2703 5.
1083 2682 1132 2709 an.
1155 2675 1252 2702 orell.
1271 2674 1344 2704 Vol.
1364 2675 1417 2704 lV.
1436 2676 1472 2704 P.
1493 2676 1531 2705 Π.

90 2722 161 2751 pag.
182 2715 254 2751 469,
276 2718 306 2743 3.
334 2717 466 2744 Mercer.
486 2722 558 2750 pag.
578 2715 629 2752 69,
653 2715 682 2744 7.
702 2717 735 2744 et
755 2715 855 2744 Orell.
875 2715 1063 2748 receperunt
1082 2713 1310 2741 adamaverunt.

164 2764 256 2798 *stt-32³)
276 2770 345 2798 cap.
366 2763 417 2791 18.
436 2764 468 2799 §-
488 2763 540 2791 50.

164 2810 209 2848 ἢ)
239 2813 315 2840 Sola
342 2812 442 2846 proba
472 2811 643 2839 structura.
690 2811 778 2840 Alibi
806 2811 915 2845 (Toni.
938 2811 960 2837 1.
991 2816 1063 2845 pag.
1089 2809 1161 2838 661.
1193 2807 1283 2842 [Vol.
1303 2808 1341 2836 Π.
1372 2814 1442 2842 pag.
1463 2809 1533 2838 262,

89 2849 180 2885 vni)
201 2851 430 2880 communicare
449 2855 520 2879 cum
538 2847 674 2884 simplici
694 2848 805 2879 dativo
826 2848 1003 2885 coniungit,
1027 2847 1078 2877 ubi
1099 2846 1163 2877 viil.
1184 2846 1309 2876 Ruhnk.
1350 2847 1458 2876 Fuzsi.

1546 849 1588 880 90
