1726 3106
211 146 292 190 140
774 149 900 188 VAR.
933 148 1088 189 LECT.

207 260 312 311 gnita
338 258 502 310 nequitia
531 258 674 308 effugit.
735 257 813 306 Hi,
851 259 983 310 quibus
1013 266 1168 300 naturae
1199 262 1283 314 lege
1312 263 1387 302 vita
1418 265 1498 316 ipsa
1527 266 1649 304 cario-

207 329 272 354 res
303 328 389 353 csse
420 313 651 358 debuerant,
684 314 739 352 eis
768 315 909 352 invisos
943 327 983 352 se
1014 314 1238 369 odiososque
1268 319 1452 358 reddunt:
1491 327 1529 358 et
1557 320 1648 360 iliud

209 376 511 420 consequuntur,
552 376 592 406 ut
630 369 694 406 filii
733 377 912 420 paternae
941 371 1039 408 vitae
1071 370 1178 409 [inem
1216 386 1304 411 suae
1335 375 1554 426 principium
1583 389 1650 426 pu-

205 433 288 464 tent
326 426 421 462 fore.
482 423 557 461 Iam
589 424 649 474 qui
679 437 726 462 ne
757 425 884 462 liberis
910 424 1054 476 quidem
1086 439 1194 465 carus
1225 430 1296 477 sit,
1337 442 1418 467 eum
1451 438 1648 468 consenta-

205 494 315 519 neum
360 486 418 516 est
452 491 499 516 ne
540 486 691 517 ceterae
728 480 874 531 quidem
916 482 1077 518 familiae
1108 495 1232 521 carum
1264 497 1365 522 esse.
1426 485 1497 523 Cui
1522 493 1646 524 autem

203 535 314 574 dulce
344 535 538 585 quicquam
568 548 652 573 esse
679 537 798 587 possit
824 537 861 574 in
891 537 989 583 vita,
1016 537 1077 588 qui
1110 550 1150 575 se
1186 539 1309 578 vivere
1334 547 1410 579 tota
1439 554 1506 579 sua
1535 541 1644 580 domo

202 592 305 629 norit
333 589 479 629 invita?

428 663 591 719 Θάνοιμ’
624 664 693 717 ἂν,
722 667 761 708 εἴ
782 683 828 719 με
853 664 994 716 πάντες
1021 665 1194 721 εὔχονται
1220 675 1372 721 θανεῖν,

201 747 255 784 ait
290 746 377 792 ille,
418 759 491 783 nou
529 746 638 783 male.
698 745 795 784 Nam
835 745 921 798 quid
953 747 1151 794 miserim,
1193 761 1298 799 quam
1330 751 1381 787 ita
1410 750 1560 796 vivere,
1602 756 1642 787 ut

200 803 387 840 neminem
432 799 585 846 videas,
625 801 687 852 qui
726 808 763 839 te
807 803 945 839 salvum
977 801 1101 840 velit?
1139 803 1233 854 quod
1265 812 1542 855 consequuntur
1569 805 1638 850 ilii,

198 864 241 894 ut
270 855 367 902 dixi,
400 857 462 907 qui
493 863 591 893 metu
622 857 768 907 potius,
799 871 906 908 quam
936 858 1152 896 reverentia
1181 858 1358 909 quadam,
1391 860 1487 898 iiiios
1514 862 1554 901 in
1583 860 1639 898 os-

199 912 286 950 Iieio
315 910 560 950 continendos
591 919 734 962 putant.
792 912 922 964 Itaque
953 913 1146 963 praeclare
1176 915 1358 953 Afranius
1373 912 1448 967 Ἧι

419 991 607 1027 Ηονανηοσ
631 996 833 1040 parentum
866 996 924 1028 est
949 992 1026 1028 vita
1055 990 1140 1028 bilis
1167 992 1310 1039 liberis,

425 1046 500 1094 Qui
523 1046 672 1082 malunt
697 1047 836 1091 motui,
869 1059 979 1096 quam
1008 1048 1137 1084 verere·
1161 1061 1201 1084 se
1229 1060 1253 1085 a
1281 1050 1382 1085 suis.-

197 1121 302 1158 cuius
341 1134 474 1160 versus
521 1134 566 1159 eo
605 1121 780 1159 libentius
824 1121 958 1159 adduxi
975 1120 1075 1175 iffi),
1124 1130 1164 1160 ut
1205 1123 1457 1162 emendarem.
1526 1121 1637 1175 Apud

196 1176 359 1214 Gellium
389 1179 486 1215 enim
518 1177 737 1215 mirabiliter
767 1176 956 1228 depravati
990 1178 1176 1229 leguntur.
1237 1179 1364 1226 Quare
1394 1192 1513 1230 neque
1536 1179 1638 1217 exut-

194 1233 286 1270 tanti
316 1235 488 1271 iuvenem
518 1232 663 1270 libidini
696 1234 802 1270 frena
832 1233 989 1273 laxanda
1019 1241 1126 1271 sunt:
1153 1246 1271 1284 neque
1302 1235 1408 1272 ferox
1437 1242 1540 1273 aetas
1570 1233 1637 1272 du-

194 1288 322 1333 riore,
356 1301 460 1338 quam
493 1301 561 1337 par
592 1295 673 1334 est,
705 1289 862 1338 imperio
893 1290 1011 1339 magis
1041 1289 1150 1326 etiam
1180 1289 1462 1340 exasperanda:
1496 1288 1562 1328 sed
1590 1302 1637 1327 ea

192 1342 370 1380 utendum
402 1342 656 1389 dexteritate,
687 1352 724 1381 ut
752 1344 802 1389 ii,
834 1344 894 1394 qui
924 1343 1273 1394 reprehenduntur,
1312 1346 1406 1395 ipsi,
1447 1359 1519 1383 non
1550 1344 1635 1382 odio

195 1398 282 1446 sui,
313 1397 378 1436 sed
407 1412 533 1437 amore
561 1399 682 1449 potius
713 1406 751 1436 et
781 1399 1041 1436 benevolentia
1073 1398 1108 1436 id
1141 1400 1223 1437 fieri
1258 1401 1440 1438 sentiant:
1468 1401 1634 1438 omnino-

110 1457 172 1487 148
195 1465 265 1503 que
303 1454 353 1491 ita
387 1454 628 1504 temperanda
658 1455 805 1499 omnia,
845 1461 886 1492 ut
922 1461 959 1492 et
998 1454 1043 1491 ab
1082 1454 1168 1492 odio
1207 1457 1449 1494 severitatem
1478 1456 1633 1494 comitas

192 1507 383 1556 vindicet,
415 1517 453 1547 et
479 1522 502 1547 a
531 1516 742 1560 contemptu
772 1509 958 1548 severitas
988 1510 1214 1548 comitatem.

713 1652 997 1692 CAPUT
1053 1652 1107 1693 V.

363 1732 596 1770 Emendatas
626 1733 815 1771 Varrom's
843 1734 965 1779 loeus,
999 1733 1068 1784 qui
1091 1732 1235 1770 ellatur
1262 1743 1286 1768 a
1314 1731 1452 1769 Nonio.

187 1808 314 1869 ΑΜΕ
352 1832 503 1869 vinum:
544 1843 628 1869 asse
661 1833 969 1882 pulmentarium.
1031 1832 1107 1871 Sed
1147 1843 1234 1876 eas,
1273 1843 1344 1881 quo
1382 1836 1524 1868 natura
1561 1842 1629 1867 au-

187 1888 365 1936 regatm‘,
403 1900 478 1924 non
515 1889 766 1926 necessitudo.
826 1888 883 1925 Ita
916 1888 1027 1938 plane
1067 1887 1228 1925 citantur
1265 1885 1357 1923 haec
1386 1885 1498 1923 verba
1528 1882 1627 1923 Var-

186 1942 292 1978 ronis
322 1954 342 1978 a
364 1940 488 1979 Nonio
506 1939 634 1995 *³³¹⁶*):
664 1943 737 1980 nisi
768 1942 864 1995 quod
892 1943 1126 1981 librariorum
1152 1942 1241 1980 vitio
1268 1942 1402 1979 sedeas
1428 1941 1626 1978 coniuncte

184 1995 325 2046 legitur
354 2010 421 2046 pro
444 1998 512 2034 sed
536 2010 614 2035 eas.
674 1998 816 2036 Mirum
847 2007 904 2036 est
929 2006 1077 2044 autern,
1106 1997 1318 2037 Victorium
1339 1995 1409 2049 †),
1440 1996 1502 2047 qui
1533 1996 1626 2033 haec

184 2051 302 2089 verba
349 2051 549 2101 diligenter
595 2053 849 2092 consideravit
892 2066 1093 2104 eorumque
1134 2053 1356 2090 seutentiam
1397 2053 1488 2089 satis
1526 2064 1625 2089 eom-

183 2105 293 2144 mode
327 2108 522 2156 exposuit,
561 2121 634 2145 non
664 2108 827 2155 vidisse,
870 2123 1041 2159 magnum
1071 2109 1108 2145 in
1141 2108 1197 2145 eis
1228 2106 1348 2144 adhue
1381 2107 1540 2144 haerere
1570 2107 1624 2143 vi-

183 2162 298 2208 tium,
328 2161 437 2212 idque
468 2162 566 2208 tale,
600 2171 639 2200 ut
669 2165 888 2201 sententiam
920 2165 1025 2215 piane
1059 2161 1257 2200 absurdam
1289 2169 1327 2199 et
1354 2162 1516 2212 ineptam
1546 2160 1623 2198 effi-

183 2217 273 2257 ciat.
331 2216 429 2254 Nam
460 2217 546 2268 quid
577 2225 633 2255 est
659 2218 830 2266 tandem,
862 2233 933 2270 quo
960 2226 1101 2257 natura
1130 2219 1363 2268 aurz'gatur,
1393 2231 1468 2255 non
1493 2229 1624 2255 neces-

182 2272 337 2310 situdo?
370 2271 450 2310 Aut
479 2286 549 2324 quo
578 2274 771 2324 aurigatur
798 2281 959 2321 natura,
1002 2275 1077 2312 nisi
1114 2286 1185 2325 quo
1214 2273 1325 2311 etiam
1354 2270 1623 2312 necessitudo?

257 2404 302 2441 *J
321 2405 418 2441 Apud
439 2406 520 2435 Gell.
540 2405 594 2434 lib.
616 2406 682 2435 XV.
703 2412 770 2440 cap.
794 2406 842 2434 13.
881 2406 970 2434 Nunc
990 2405 1127 2440 legitur:

459 2455 536 2483 Hem
555 2455 614 2482 islo
633 2456 796 2488 parentum
815 2456 860 2482 est
879 2456 941 2482 vita
960 2455 1028 2482 vnis
1048 2455 1165 2487 liberis,

461 2493 520 2520 Ubi
539 2493 655 2520 malunt
672 2494 763 2520 metm·
783 2499 871 2527 quam
891 2494 993 2520 vereri
1010 2499 1045 2520 se
1064 2494 1101 2520 ab
1121 2493 1194 2521 suis.

179 2538 253 2569 vid.
278 2539 386 2569 Bothii
420 2541 510 2569 Poet.
539 2541 609 2568 Lat.
637 2542 728 2569 Seen.
764 2542 888 2573 Fragin.
919 2541 989 2569 Vol.
1016 2542 1053 2568 ΙΙ.
1083 2547 1154 2575 pag.
1182 2541 1251 2569 163.
1298 2538 1395 2574 Apud
1423 2539 1618 2581 Stephanum

179 2579 500 2645 Ezaffrgiupgtztgfet.
521 2579 594 2607 Lat.
614 2585 686 2613 pag.
707 2579 756 2607 45.
787 2579 932 2613 aliosque
953 2578 1120 2607 exhibetur
1145 2579 1297 2613 vitabilis,
1325 2585 1368 2606 ex
1387 2584 1448 2612 quo
1468 2577 1530 2605 vita
1549 2575 1618 2604 balzs

255 2664 324 2699 -:’.:--:::-)
346 2664 432 2693 Corr.
451 2664 549 2692 attuli.
588 2663 658 2694 Vid.
680 2671 778 2698 supra
798 2665 838 2693 ad
857 2664 913 2694 lib.
934 2666 985 2693 nl.
1006 2671 1075 2699 cap.
1094 2665 1124 2693 6.

255 2712 349 2746 221--2tt-230
366 2714 403 2741 11.
425 2712 473 2741 14.
502 2712 582 2741 Vide
603 2713 707 2742 Cornu
725 2712 845 2747 Copiae
866 2713 986 2741 Perotti
1007 2713 1055 2742 ed.
1076 2712 1175 2741 Basil.
1197 2712 1289 2741 1521.
1310 2717 1382 2746 pag.
1400 2709 1491 2745 1359,
1514 2708 1562 2736 22.
1584 2708 1616 2735 et

178 2756 252 2784 pag.
275 2751 363 2778 1253.
404 2752 466 2778 Sed
487 2752 564 2778 Non.
594 2751 641 2778 ed.
662 2753 757 2779 Merc.
787 2758 858 2785 pag.
881 2751 930 2786 70,
956 2751 1002 2780 16.
1023 2751 1136 2779 melius
1156 2752 1268 2778 hahet:
1298 2751 1377 2777 Asse
1399 2749 1517 2788 vinu-ru,
1545 2751 1615 2788 osse

177 2788 432 2820 pulmentarium.-
453 2790 663 2823 secundaS,
684 2795 743 2823 quo
763 2790 876 2816 natm-a
894 2789 1067 2823 aur-iqatur,
1088 2795 1150 2816 non
1168 2788 1378 2824 necessitud05
1398 2787 1432 2815 et
1451 2790 1498 2814 sic
1517 2786 1613 2813 etiam

179 2830 208 2854 s,
227 2831 256 2853 v.
276 2825 467 2854 necessitudo
488 2832 560 2860 pag.
580 2825 660 2864 354,
683 2827 713 2856 2.
751 2825 799 2857 Cf.
820 2826 916 2857 etiam
935 2826 1005 2857 inst.
1026 2826 1108 2857 XIV.
1127 2827 1157 2856 3.
1196 2827 1309 2855 Faesi.

256 2870 302 2909 ἢ)
322 2873 396 2903 Var.
416 2874 504 2904 Lect.
525 2874 562 2903 X.
584 2874 634 2904 13.
