1778 3096
140 269 203 300 359

165 2100 228 2132 360

221 95 303 139 344
787 94 916 135 VAR.
947 93 1104 135 LECT.

228 207 359 246 tuerit.
419 204 496 244 Sed
527 217 639 256 saepe
669 205 730 251 fit,
769 212 810 244 ut
838 205 950 242 etiam
981 205 1324 256 perspicacissimos
1355 219 1426 253 ea,
1467 218 1562 257 quae
1589 213 1676 245 sunt

230 269 318 302 ante
347 262 473 300 oculos
503 261 647 312 posita,
689 260 845 310 fugiant.
905 259 994 299 Fuit
1021 268 1144 299 autem
1175 262 1244 313 ipsi
1272 263 1452 301 Suetonio
1481 269 1589 312 pater
1617 262 1676 300 vir

233 318 460 357 fortissimus
490 323 528 353 et
558 322 746 365 spectatae
778 317 949 354 virtutis:
993 316 1098 353 cuius
1128 329 1260 355 nomen
1292 331 1373 356 cum
1405 318 1440 355 in
1472 317 1539 355 titii
1568 317 1676 355 libris

232 373 462 412 decurtatum
492 383 535 408 ac
564 369 801 420 depravatum
834 371 992 421 legatur,
1025 372 1223 409 restituere
1256 385 1392 423 operae
1421 373 1550 410 fuerit.
1614 371 1679 410 Sic

237 441 328 478 ergo
356 428 514 477 legimus
545 426 581 463 in
599 426 766 465 Otthone
780 424 850 478 *):
882 424 1061 476 Interfuit
1087 428 1174 464 huic
1206 427 1301 465 bello
1326 435 1438 480 pater·
1467 440 1568 465 meus
1590 428 1682 465 Sue-

239 484 361 522 tonius
397 482 535 527 Lem's,
579 483 716 519 tertiae
755 483 919 520 decimae
959 483 1114 532 legionis
1154 482 1325 520 tribunus
1364 483 1678 534 angnsliclaviuS.

238 539 295 577 Ita
324 537 449 588 vulgo.
511 538 563 574 At
593 536 668 574 vidi
707 550 777 587 ego
807 537 965 582 librum,
1005 538 1065 586 qui
1096 537 1234 574 cariem
1272 544 1310 575 et
1339 539 1460 576 tineas
1491 544 1681 582 senserat,

239 595 277 631 in
311 606 382 644 quo
413 599 496 644 post
524 605 657 630 nomen
691 594 892 630 Suetonius
923 593 1087 629 foramen
1123 600 1203 629 erat
1233 593 1426 642 exiguum:
1459 591 1594 631 deinde
1623 605 1685 629 se-

241 649 424 701 quebatur
463 648 587 685 linus.-
634 654 672 685 et
702 660 812 697 supra
851 648 921 684 alia
954 661 1059 684 manu
1092 646 1324 685 emendatum
1357 650 1463 686 lenis.
1523 647 1686 684 Omnino

240 711 362 742 autem
393 702 589 754 legendum
619 710 678 741 est
708 703 902 741 paullinus
918 700 1012 755 Μ).
1061 702 1101 740 hl
1132 704 1229 740 enim
1261 704 1292 740 ei
1325 716 1450 740 verum
1479 715 1686 753 cognomen

243 760 327 797 fuit.
372 759 528 797 Testem
558 758 595 795 in
627 771 706 795 eam
738 770 815 794 rem
843 757 998 795 laudabo
1021 757 1215 803 Tacitum,
1249 759 1309 808 qui
1333 759 1441 796 fortis
1466 758 1536 795 viri
1568 770 1687 808 neque

242 827 402 860 nomen,
449 826 568 863 neque
599 814 772 851 virtutem
806 814 954 850 tacitam
991 825 1075 850 esse
1114 811 1329 864 sivit***).
1391 813 1485 850 Eius
1516 814 1612 850 euim
1652 818 1689 849 et

244 882 359 920 saepe
389 870 425 906 in
456 868 666 907 Annalibus
697 876 736 907 et
771 869 808 905 in
837 867 1044 919 Agricolae
1072 869 1145 907 vita
1160 867 1211 921 ἢ)
1245 868 1558 920 pei-honorificam
1586 879 1689 905 men-

244 925 384 963 tionem
416 925 518 962 facit.

745 1036 1031 1076 CAPUT
1087 1035 1192 1075 XII.

246 1117 471 1157 Aristotelis
500 1129 520 1153 e
543 1117 669 1167 primo
694 1116 959 1161 Ponticorum,
991 1116 1231 1167 Hippocratis
1260 1128 1281 1153 e
1308 1115 1404 1154 libro
1433 1113 1520 1167 περὶ
1545 1117 1693 1168 τροφῆς

675 1172 870 1209 emendati
893 1178 931 1210 ec
963 1172 1151 1210 illustrati
1178 1172 1266 1208 loci.

246 1249 543 1308 ARISTOTELES
565 1269 658 1307 libro
674 1270 799 1333 primo
811 1268 1146 1322 Politicorum††)
1167 1268 1314 1307 erudite
1332 1282 1375 1306 ac
1396 1269 1547 1320 copiose
1567 1268 1694 1320 dispu-

247 1333 302 1363 tat
331 1325 377 1363 de
408 1326 555 1375 origine
584 1325 792 1370 servitutis,
824 1323 1060 1388 ostenditque
1091 1337 1203 1361 verae
1234 1325 1425 1362 servitutis
1455 1337 1623 1362 caussam
1655 1325 1694 1362 in

248 1388 382 1419 natura
411 1381 569 1431 positam
601 1393 702 1426 esse,
726 1380 778 1417 ita
808 1386 845 1417 ut
876 1380 918 1424 ii,
943 1381 1004 1430 qui
1033 1387 1157 1417 mente
1178 1392 1221 1417 ac
1251 1380 1407 1417 consitio
1436 1380 1578 1426 valent,
1611 1392 1695 1418 cor-

248 1449 342 1487 pore
369 1443 491 1473 autem
523 1442 609 1472 sunt
638 1434 683 1472 ad
713 1433 882 1472 obeunda
911 1435 1124 1472 necessaria
1156 1447 1308 1473 munera
1337 1448 1409 1472 non
1444 1436 1534 1473 satis
1566 1435 1692 1482 habiti,

248 1498 383 1529 natura
418 1490 509 1528 facti
541 1490 616 1526 sint
650 1487 696 1526 ad
732 1488 1013 1539 imperandumz
1056 1491 1117 1539 qui
1148 1496 1277 1526 contra
1307 1488 1429 1527 valido
1464 1503 1507 1527 ac
1542 1490 1696 1528 robusto

252 1558 437 1597 corpore,
479 1543 546 1582 sed
574 1545 727 1594 ingenio
757 1544 882 1581 hebeti
911 1557 954 1581 ae
987 1543 1147 1590 stolido,
1187 1551 1325 1581 tantum
1358 1551 1398 1581 ut
1433 1545 1613 1595 imperata
1643 1546 1698 1583 fa—

251 1614 357 1648 cere,
391 1614 462 1638 non
491 1600 599 1638 etiam
630 1600 726 1652 ipsi,
761 1598 846 1650 quid
874 1597 1057 1649 agendum
1089 1600 1160 1645 sit,
1191 1600 1409 1662 prospicere
1440 1600 1601 1650 possint,
1630 1613 1696 1639 eos

250 1664 385 1695 natura
420 1657 500 1706 ipsa
529 1668 658 1693 eorum
697 1655 758 1705 qui
788 1655 868 1706 pius
902 1655 1049 1706 sapiunt
1078 1655 1233 1706 imperio
1265 1655 1473 1693 subiecisse
1509 1654 1693 1694 videatur.

252 1711 329 1760 Qui
359 1718 480 1749 autem
512 1710 607 1748 bello
637 1711 735 1773 capti
766 1718 829 1747 aut
866 1710 937 1748 alio
969 1709 1076 1747 modo
1106 1711 1142 1747 in
1176 1711 1391 1748 servitutem
1422 1709 1562 1748 redacti
1593 1718 1695 1758 sunt,

251 1768 304 1813 ii,
347 1768 377 1804 si
406 1766 552 1804 liberali
582 1765 656 1803 sint
690 1766 867 1816 ingenio,
911 1766 1059 1803 fortuna
1090 1764 1238 1817 quidem
1272 1779 1315 1803 ae
1345 1766 1560 1804 conditione
1597 1767 1698 1804 servi

253 1829 356 1868 sunt,
388 1821 454 1860 sed
484 1830 615 1859 natura
643 1820 767 1859 liberi.
828 1821 924 1860 Sunt
952 1821 1065 1871 igitur
1095 1821 1242 1872 quidam
1261 1820 1377 1873 †††)
1409 1821 1518 1859 liberi
1549 1829 1694 1868 natura,

254 1891 347 1929 quos
375 1878 412 1915 in
441 1877 616 1915 servilem
643 1876 777 1914 sortem
808 1889 916 1914 casus
946 1877 1078 1927 aliquis
1102 1875 1276 1914 deduxit:
1309 1883 1394 1913 sunt
1421 1884 1551 1914 contra
1577 1877 1696 1924 multi,

255 1946 347 1984 quos
377 1932 521 1970 servire
552 1938 701 1982 oportet
730 1932 863 1983 quique
891 1939 1028 1969 natura
1057 1933 1156 1970 servi
1186 1938 1292 1976 sunt,
1325 1932 1386 1982 qui
1415 1932 1630 1970 melioribus
1660 1940 1699 1971 et

254 1994 386 2025 natura
416 1988 545 2025 liberis
575 1988 773 2038 imperant.
834 1986 967 2038 Neque
1002 1988 1121 2025 omnis
1161 1994 1225 2025 aut
1257 1986 1411 2024 libertas
1440 1994 1503 2025 aut
1535 1988 1697 2026 servitus

255 2049 387 2080 contra
414 2049 581 2080 naturam
614 2050 693 2080 est:
736 2055 856 2093 neque
885 2043 1004 2080 omnis
1033 2055 1247 2093 congruens
1279 2055 1322 2080 ae
1352 2050 1604 2081 consentanea
1633 2056 1699 2081 na-

255 2105 376 2136 turae.
438 2096 515 2135 Sed
552 2096 597 2134 ad
628 2098 747 2148 ipsum
784 2099 865 2135 eius
905 2098 1166 2161 disputationis
1205 2097 1314 2135 finem
1331 2097 1378 2149 ⁹²²)
1416 2098 1465 2135 ita
1497 2098 1668 2148 legitur
1658 2113 1697 2137 ιιι

256 2153 364 2191 libris
404 2151 610 2191 emendatis
640 2165 661 2189 a
690 2153 864 2192 Victorio
904 2160 941 2190 et
964 2154 1000 2190 in
1032 2153 1116 2190 aliis
1150 2165 1271 2220 prope
1311 2153 1503 2190 omnibns:
1545 2151 1605 2192 ’ὅτι
1630 2151 1699 2203 μὲν

257 2202 328 2248 οὖν
359 2207 432 2259 ἔχει
458 2204 543 2247 τινὰ
569 2203 684 2272 λόγον
711 2204 737 2258 ἡ
766 2203 1065 2259 ἀμφισβήτησις,
1098 2206 1163 2246 καὶ
1193 2204 1266 2246 οὐκ
1296 2206 1390 2247 εἰσὶν
1419 2206 1459 2247 οἵ
1486 2205 1553 2258 μὲν
1582 2206 1697 2257 φύσει

257 2265 408 2312 δοῦλοι,
449 2262 489 2303 οἷ
519 2258 555 2303 δ’
595 2259 811 2316 ἐλεύθεροι,
848 2263 977 2315 δῆλον.
1037 2263 1144 2312 Quae
1179 2262 1230 2300 ita
1265 2263 1532 2315 interpretatur
1562 2263 1696 2304 Victo-

332 2375 356 2399 *
395 2380 430 2401 ca
458 2395 464 2401 .
487 2374 501 2401 1
530 2394 536 2401 .

332 2373 401 2456 ³23³)
422 2372 588 2449 ‚spuetci‘nius
606 2420 700 2449 Lenis
720 2419 867 2449 diversus
887 2422 936 2448 est
957 2427 976 2449 a
992 2420 1092 2450 Taciti
1112 2421 1262 2450 Suetonio
1282 2422 1438 2451 paullino.
1475 2421 1590 2451 Mureti
1611 2429 1699 2451 erro-

257 2467 326 2489 rem
353 2459 474 2487 notavit
503 2461 542 2487 ts.
573 2458 781 2487 casaubonus
808 2458 848 2487 ad
878 2460 1006 2487 sueton.
1037 2460 1057 2487 1.
1078 2466 1104 2488 e.
1132 2466 1200 2494 cap.
1224 2460 1271 2488 10.
1316 2461 1354 2488 D.
1375 2461 1413 2488 R.
1434 2474 1471 2480 —
1509 2461 1572 2488 Sed
1599 2463 1698 2489 mutto

257 2497 365 2527 acrius
385 2500 417 2526 et
438 2496 598 2530 copiosius
619 2498 775 2525 muretum
796 2496 933 2530 castigat
955 2497 978 2524 1
983 2496 1082 2531 ipsius
1102 2499 1143 2525 ad
1163 2497 1263 2526 'racit
1283 2498 1405 2527 Histor.
1424 2497 1478 2526 lin.
1500 2499 1539 2527 11.
1559 2505 1626 2533 cap.
1647 2500 1698 2528 31.

257 2535 308 2564 De
334 2535 396 2563 isto
422 2534 573 2563 Suetonio
594 2534 742 2562 Paultino
769 2533 807 2562 cf.
837 2534 931 2562 etiam
951 2535 1067 2562 Annal'.
1087 2535 1139 2564 lib.
1161 2536 1244 2564 xlv.
1264 2542 1332 2572 cap.
1353 2535 1404 2566 29.
1439 2534 1558 2566 nistor.
1584 2536 1640 2566 tib.
1659 2537 1698 2565 11.

257 2580 327 2610 cap.
336 2574 399 2631 ⁴¹²5.
429 2571 512 2601 Ptin.
532 2570 613 2600 nist.
634 2573 706 2600 Nat.
726 2571 779 2599 lib
800 2572 838 2600 V.
859 2579 928 2606 cap.
950 2573 979 2602 1.
998 2572 1030 2608 5.
1053 2572 1102 2602 14.
1143 2575 1255 2603 FAEst.

361 2622 407 2647 :ez-³
411 2620 429 2657 )
450 2619 561 2648 wolfii
582 2619 678 2648 editio
700 2619 829 2649 exhibet
848 2621 930 2650 sinit.

333 2668 379 2707 -ι-)
401 2676 469 2703 cap.
490 2669 521 2698 5.
542 2669 575 2698 et
596 2667 645 2697 14.

332 2717 406 2755 ἢ)
426 2723 495 2752 cap.
515 2716 545 2745 4.
565 2716 607 2745 ad
627 2723 695 2752 cap.
715 2717 745 2747 6.

333 2765 435 2804 -2-††)
456 2764 564 2795 Wolfii
586 2764 682 2796 editio
705 2764 822 2795 vitiose
842 2765 968 2802 quidem.

334 2815 377 2849 ἒ)
398 2821 465 2850 eap.
486 2814 517 2845 6.
