1778 3096
538 174 641 213 LIB.
672 174 798 214 XVII.
855 172 973 212 CAP.
1006 173 1056 212 11.
1439 171 1520 213 393

599 282 882 323 CAPUT
937 283 995 321 ΙΙ.

82 351 343 419 Ερι”ἰ1ι]ᾳίονιιηι
372 352 411 390 in
437 352 588 402 poc'tz'ca
618 363 728 442 ususil
780 351 915 403 Maten
946 350 1092 387 leonum
1119 347 1277 401 Africa.
1336 348 1520 390 Horatius

681 406 699 442 τ’
727 411 910 443 astratus,

85 466 241 526 ΟΜΝΙΑ
272 494 488 526 ornamenta
520 499 738 537 omnemque
769 485 874 536 quasi
908 483 1080 523 mundum
1111 485 1266 524 Latinae
1298 488 1457 537 poeseos
1471 482 1519 538 ᾗ)

82 557 104 582 a
129 544 287 582 Graecis
314 551 505 594 acceptum
536 556 644 589 csse,
677 554 784 579 nemo
816 541 887 577 iam
921 541 1064 586 nescit,
1091 542 1165 578 nisi
1195 542 1255 592 qui
1285 554 1328 578 ea
1357 554 1518 592 quoque,

83 612 176 649 quae
207 607 292 636 nota
322 606 406 636 sunt
436 599 629 643 omnibus,
670 597 802 634 nescit.
864 594 957 632 Cum
987 602 1109 632 autem
1140 603 1180 633 ut
1210 596 1351 633 caelum
1382 597 1520 642 stellis,

81 655 133 692 ita
162 656 288 705 po'e‘sis
326 654 517 691 concinnis
549 653 748 704 praecipue
777 657 813 688 et
842 663 908 687 suo
949 651 1030 688 loco
1069 651 1200 701 positis
1231 651 1407 702 epithetis
1438 652 1523 688 illu-

82 710 266 748 minetur:
298 710 425 754 multa,
457 708 587 760 quibus
617 707 796 744 Horatius
828 706 958 752 utitur,
990 704 1087 743 unde
1120 707 1234 756 petita
1262 713 1404 751 essent,
1428 706 1522 744 alias

81 763 257 803 indicavi.
309 764 419 802 Nunc
440 777 549 801 unum
574 764 682 800 etiam
707 760 878 799 indicabo
906 762 941 798 in
965 760 1048 798 Ode
1070 760 1116 798 ad
1138 761 1320 799 Aristium
1341 761 1520 807 Fuscum,

82 820 145 858 ubi
175 820 220 859 de
251 821 360 872 lupo,
392 820 453 870 qui
486 819 556 856 sibi
588 819 625 855 in
656 818 746 855 silva
776 816 916 854 Sabina
945 823 1184 864 occurrerat,
1226 817 1278 855 ita
1306 817 1407 855 canit
1420 814 1519 870 *ἧς

307 886 425 936 Quale
448 891 662 936 portentum
690 896 807 934 neque
837 883 1014 920 militaris

303 942 455 980 Daunia
485 941 521 978 in
553 940 642 978 latis
671 941 743 977 ale't
770 939 986 984 aesculetis,

299 997 381 1035 Nec
409 996 523 1034 Iubae
552 996 662 1033 tellus
686 1001 875 1045 generat,
906 995 1050 1032 leonum

299 1052 429 1090 Arida
457 1052 605 1088 nutrzkc.

81 1115 191 1164 Quod
222 1116 320 1154 enim
347 1115 610 1154 Mauritaniam
639 1116 822 1153 nutricem
851 1116 995 1154 leonum
1022 1119 1145 1158 vocat,
1169 1112 1412 1152 Homericum
1439 1120 1520 1152 est:

82 1173 145 1224 qui
174 1175 283 1223 poe'ta
311 1184 424 1222 saepe
452 1178 562 1208 vocat
577 1167 677 1222 ww)
709 1170 810 1208 Idam
841 1168 982 1221 μητέρα
1010 1171 1164 1221 θηρῶν,
1195 1168 1231 1205 id
1262 1176 1335 1215 est,
1365 1176 1524 1207 matrem

82 1230 242 1266 leonum.
295 1224 421 1279 Θηρός
452 1227 550 1264 enim
580 1238 729 1271 nomen,
762 1238 966 1277 quanquam
996 1225 1151 1261 aliarum
1182 1236 1327 1273 quoque
1360 1225 1524 1262 ferarum

81 1295 275 1321 commune
305 1289 385 1328 est,
429 1281 580 1332 proprie
609 1287 731 1318 tamen
777 1280 823 1318 ‹le
855 1281 959 1317 leone
989 1278 1089 1324 dici,
1137 1285 1241 1315 notat
1269 1278 1437 1316 Galenus
1455 1277 1522 1331 †).

79 1337 134 1375 Ut
162 1339 291 1375 mirum
322 1350 394 1375 non
429 1337 500 1381 sit,
539 1348 619 1372 cum
649 1335 715 1372 Ida
740 1342 812 1372 tam
846 1335 979 1371 multos
1011 1333 1139 1370 leones
1168 1333 1327 1379 habeat,
1366 1347 1433 1372 cur
1465 1336 1523 1371 eis

81 1394 309 1444 potissimum
350 1391 396 1429 ad
434 1404 581 1429 currum
609 1390 778 1442 Phrygia
817 1397 935 1427 mater
972 1395 1109 1427 utatur.
1169 1387 1234 1426 Sic
1274 1387 1372 1427 idem
1416 1392 1525 1441 poe‘ta

80 1449 255 1486 Thracen
286 1446 490 1499 vocat††)
522 1444 662 1497 μητέρα
691 1443 832 1497 μήλων,
856 1444 892 1482 id
921 1451 995 1491 est,
1019 1444 1206 1494 pecudum
1234 1451 1404 1482 matrem.
1457 1443 1524 1481 Sic

82 1504 173 1541 alias
197 1504 305 1541 docui
323 1502 464 1555 ’ᾗῇ-Γ),
490 1515 511 1539 a
531 1501 678 1539 Tibullo
708 1508 853 1538 noctem
879 1507 1035 1538 matrem
1056 1500 1221 1536 siderum
1249 1498 1338 1544 dici,
1364 1512 1457 1549 quae
1478 1499 1524 1536 ab

81 1558 265 1609 Euripide
302 1560 465 1595 siderum
495 1558 629 1594 nutriar,-
664 1555 866 1593 diceretur.
928 1554 993 1592 Sic
1026 1554 1235 1605 Olympiam
1269 1553 1456 1591 Pindarus
1473 1553 1523 1607 θέε)

80 1622 237 1653 matrem
264 1614 534 1656 certaminum,
575 1611 611 1648 in
641 1611 771 1661 quibus
802 1611 965 1647 victores
995 1610 1120 1646 aureis
1162 1609 1311 1646 coronis
1340 1608 1525 1647 donaren-

81 1677 165 1715 tur3
200 1670 252 1706 sie
274 1669 484 1720 Syracusas
499 1663 571 1718 ᾗῇ)
604 1679 781 1717 equorum
809 1666 1027 1703 bellicorum
1053 1665 1221 1702 nutrices
1243 1665 1402 1702 vocavit.
1445 1664 1527 1702 Ne-

82 1737 153 1777 que
173 1724 317 1776 pigebit
339 1724 546 1775 appingere
568 1721 688 1758 locum
718 1721 819 1758 illum
843 1734 891 1758 ex
920 1718 991 1757 ode
1017 1721 1136 1770 prima
1155 1720 1242 1757 libri
1265 1721 1387 1771 quarti
1402 1717 1524 1773 ὁἿΈΉΕ),

354 1810 408 1820 -
439 1791 635 1838 Lyracquc
663 1794 701 1826 ct
728 1787 1007 1837 Berecynthz‘ae

355 1844 600 1883 Delectabere
630 1843 745 1881 tibt'ae

357 1901 484 1939 Mc'stz's
512 1899 762 1943 carminibus,
793 1910 867 1935 non
895 1897 976 1934 sine
992 1896 1155 1947 fistula.-

81 1966 261 2005 imitatum
291 1977 377 2004 esse
407 1978 455 2002 ex
486 1964 595 2002 tertia
624 1962 707 2000 Ode
737 1962 1020 2014 Olympiorum,
1051 1961 1150 2001 unde
1179 1961 1274 2001 haec
1304 1961 1476 2016 sunt†):

361 2025 561 2082 Φόρμιγγά
586 2043 625 2068 τε
651 2024 926 2080 ποικιλόγαρυν

360 2085 439 2124 Καὶ
466 2082 565 2137 βοὰν
593 2080 722 2123 αὐλῶν
751 2082 871 2124 ἐπέων
899 2096 939 2123 τε
965 2080 1080 2123 θέσιν

357 2137 626 2191 Αἰνησιδάμου

358 2195 483 2235 Παιδὶ
511 2195 692 2246 συμμίξαι
717 2189 950 2248 πρεπόντως.

81 2263 207 2316 Atque
245 2261 284 2301 id
311 2275 431 2313 genus
471 2261 738 2313 symphoniae,
777 2273 848 2311 quo
886 2257 998 2298 hodie
1033 2270 1178 2309 quoque
1219 2269 1332 2308 saepe
1369 2257 1524 2304 utimur,

82 2317 293 2371 σύμψαλμα
322 2317 466 2357 Graeco
494 2317 674 2356 vocabulo
705 2322 953 2367 nuncupatur.
998 2313 1173 2360 Vereor,
1205 2325 1254 2351 ne
1283 2312 1387 2351 dicar
1415 2313 1525 2351 nimis

157 2417 201 2453 -:::-)
222 2419 308 2446 Haec
329 2415 461 2451 genitivi
482 2414 582 2444 forma
601 2415 706 2445 minus
726 2414 963 2444 commendatur
983 2419 1078 2449 quam
1096 2412 1213 2447 poesis.

157 2467 226 2501 *zzz-J
248 2467 303 2494 Od.
325 2467 347 2494 1.
368 2466 419 2500 22,
444 2465 483 2493 13
503 2472 570 2499 sqq.

157 2515 251 2549 δῖὲῑῖὲῑὶἒ)
272 2514 362 2543 Iliad.
385 2514 466 2542 xlv.
489 2514 560 2542 283.
581 2513 648 2542 XV.
671 2513 741 2542 151.

158 2561 204 2599 †)
226 2562 286 2591 Ubi
307 2564 448 2590 Galenus
469 2563 528 2588 hoc
550 2560 650 2594 dicat,
672 2559 798 2595 nesci03
829 2559 885 2587 sed
906 2558 989 2586 idem
1016 2557 1147 2586 tradunt
1167 2556 1286 2585 Athen.
1305 2555 1360 2586 lib.
1381 2557 1434 2586 VI.
1454 2563 1527 2591 pag.

82 2603 154 2632 257.
166 2604 203 2631 Β.
224 2601 326 2628 schol.
344 2600 453 2634 Apoll.
465 2599 564 2627 Rhod.
583 2600 606 2627 1.
623 2598 713 2627 1243.
730 2597 920 2635 HesychiuS‚
931 2595 1124 2632 Apollonius
1139 2596 1236 2629 δορὴ.
1251 2595 1331 2625 Lex.
1353 2596 1395 2625 al.
1414 2597 1528 2625 AE'Ansi.

157 2648 232 2687 ††)
253 2648 343 2677 maa.
363 2648 416 2676 xz.
437 2649 508 2677 222.
530 2646 569 2676 cf.
588 2647 641 2676 1x.
662 2646 735 2676 479.

157 2696 258 2736 †††)
280 2702 377 2730 supra
396 2695 451 2724 lib.
472 2696 511 2725 V.
531 2702 600 2729 cap.
622 2695 652 2723 2.

158 2746 203 2781 κε)
224 2745 346 2779 olymp.
367 2744 450 2773 Vm.
473 2746 502 2774 1.
540 2742 588 2774 ef.
608 2749 706 2779 supra
725 2741 778 2771 lib.
798 2742 867 2771 XV.
887 2747 958 2776 cap.
978 2740 1008 2770 ⁷.

157 2793 226 2828 ’ἵε-ἴε)
246 2793 340 2827 Pytn.
362 2793 402 2821 11.
421 2792 452 2821 2.

157 2841 251 2877 >ze-:2210
272 2848 302 2869 v.
324 2841 363 2868 22
383 2847 451 2876 sqq.
489 2840 538 2870 De
558 2838 716 2876 scriptura
734 2838 954 2874 Berecynthiae
973 2837 1038 2868 vid.
1060 2835 1102 2867 ad
1122 2835 1175 2867 lib.
1195 2835 1279 2866 xlv.
1300 2841 1369 2872 cap.
1390 2835 1422 2866 6.

159 2890 205 2929 †)
229 2897 260 2920 v.
283 2890 322 2921 13
341 2896 411 2926 sqq.

1552 1798 1616 1828 413
