1778 3096
270 131 353 176 324
831 129 959 170 VAR.
991 128 1144 169 LECT.

270 241 367 281 hane
396 248 520 280 notam
559 240 604 279 ad
635 240 737 278 illum
776 238 897 278 locum
927 237 1143 277 addiderat:
1187 241 1369 291 Suspecta
1399 241 1493 279 haec
1520 240 1714 291 scriptura

270 299 365 336 mz'lzz‘
387 303 457 335 est.
515 298 578 335 Ac
605 298 643 334 si
666 297 804 341 sciam,
848 295 940 346 quid
964 296 1034 332 hoc
1063 295 1173 333 verbi
1197 297 1269 342 sic,
1298 298 1471 348 suspicor
1498 298 1553 334 sic
1569 294 1715 346 sec-esse

263 356 440 404 poetam,
483 352 564 400 Qua
595 359 635 389 tu
665 352 706 389 id
733 364 776 389 rc
805 349 1062 388 eoecolubras?
1117 350 1225 388 Hace
1254 351 1340 389 ille:
1382 353 1519 389 frustra
1548 348 1711 401 quidem,

270 406 338 445 sed
376 404 541 443 modeste
572 413 709 444 tamen.
769 405 822 443 Et
850 405 985 455 alioqui
1027 405 1167 442 homini
1198 404 1367 452 erudito,
1409 407 1469 458 qui
1500 406 1624 443 Plauti
1658 405 1714 442 sa-

269 462 366 500 bulis
396 461 466 498 hoc
498 469 686 512 tempore,
719 459 909 499 fatendum
940 461 1037 498 enim
1069 467 1149 506 est,
1184 460 1290 497 saluti
1320 462 1410 508 fuit,
1451 460 1570 499 sicubi
1597 460 1711 498 salsus

271 517 344 561 sit,
383 516 493 554 facile
529 516 732 554 condonari
774 523 912 568 potest.
977 516 1096 553 Vetus
1137 522 1218 561 est,
1264 529 1334 553 non
1362 517 1485 554 omnia
1524 516 1586 554 uni
1620 514 1713 553 deos

270 570 376 609 dare.
438 571 600 609 'Secutus
630 579 689 609 cst
717 573 812 609 alter
825 569 870 624 ἦε)
905 571 1017 608 multo
1046 570 1310 617 confidentior,
1346 573 1407 622 qui
1435 573 1532 610 illam
1563 577 1714 609 tenuem

271 633 308 664 et
352 625 545 665 obscuram
588 627 769 665 Ioachimi
810 627 1061 663 coniecturam
1108 626 1199 662 nibil
1238 624 1408 664 dubitans
1450 627 1609 677 arripuit
1647 637 1714 679 pro

272 694 385 719 vera:
426 689 464 719 et
494 689 748 727 contestatus,
789 682 844 719 sie
875 681 956 719 sine
987 681 1058 718 utta
1087 680 1199 718 litura
1235 692 1320 718 esse
1351 682 1386 719 in
1418 683 1495 719 suis
1524 680 1714 719 veteribus

185 742 247 772 338
271 736 375 774 libris
398 735 578 788 (habebat
605 745 726 774 autem
752 737 965 787 plerumque
992 735 1108 773 bonos
1133 743 1172 773 et
1194 735 1443 786 obsequentes
1470 735 1625 788 libros),
1656 736 1714 772 in-

270 799 498 843 terpretatus
529 799 588 830 est
617 793 726 830 etiam
756 792 863 829 uobis
893 791 1045 829 verbum
1077 791 1372 829 excolubrandz‘:
1415 798 1454 828 ut
1483 792 1533 828 sit
1561 791 1713 828 excolu-

271 846 402 893 brare,
432 848 495 884 illo
523 846 670 897 quidem
698 854 870 893 auctore,
900 847 1048 883 curiose
1077 852 1115 883 et
1144 846 1260 883 oculis
1289 846 1553 891 eminentibus,
1585 845 1712 895 quales

270 909 355 939 sunt
386 903 481 940 oculi
513 903 771 947 colubrorum,
806 907 844 940 et
866 901 1077 938 cervicibus
1108 901 1253 938 inflexis
1286 907 1324 938 et
1354 901 1471 939 oculis
1502 899 1712 938 extantibus

269 957 483 1008 exquirere.
542 957 716 996 Verbosa
747 969 837 994 sane
860 955 1087 994 declaratio:
1122 955 1206 1001 sed,
1233 956 1292 993 cui
1322 957 1354 993 si
1383 955 1595 994 crediturus
1624 954 1711 999 sim,

267 1011 550 1062 locupletiorem
582 1014 663 1050 eius
695 1019 884 1049 auctorem
915 1013 1078 1062 requiro,
1129 1010 1256 1061 Atque
1285 1018 1324 1048 ut
1350 1012 1431 1049 sine
1462 1011 1546 1048 fuco
1577 1015 1614 1048 et
1644 1009 1712 1047 fal-

265 1066 374 1104 laciis
404 1081 535 1117 agam,
570 1066 873 1105 ‘emendationem
904 1067 999 1104 illam
1032 1079 1103 1103 non
1133 1073 1206 1103 tam
1238 1066 1464 1104 refutatione
1493 1078 1601 1116 quam
1633 1065 1714 1102 risu

266 1120 415 1171 dignam
455 1129 557 1173 puto.
618 1123 793 1160 Insanum
832 1122 928 1159 enim
970 1121 1061 1159 dicit
1100 1134 1186 1158 esse
1224 1122 1424 1171 parasitum
1463 1133 1579 1171 puer,
1623 1126 1662 1157 et
1690 1131 1712 1156 a

264 1176 372 1213 furiis
413 1185 522 1228 atque
560 1178 792 1228 intemperiis
833 1177 992 1226 agitari:
1037 1175 1195 1226 ideoque
1237 1189 1284 1213 ex
1325 1189 1369 1214 eo
1409 1176 1577 1226 quaerit,
1619 1187 1710 1226 quas

263 1231 435 1269 colubras
475 1232 621 1270 videat:
670 1231 767 1282 quod
805 1232 926 1269 furiae
966 1245 1038 1268 non
1078 1231 1174 1268 tedis
1216 1230 1324 1268 modo
1363 1231 1601 1275 ardentibus,
1643 1228 1711 1266 sed

264 1287 425 1323 colubris
468 1299 614 1338 quoque
652 1300 695 1324 ae
737 1286 974 1336 serpentibus
1013 1286 1192 1323 insectari
1229 1298 1320 1332 eos,
1370 1298 1462 1336 quos
1501 1284 1708 1336 agitabant,

262 1342 503 1392 putabantur.
565 1341 617 1378 Et
647 1340 733 1379 inde
764 1348 822 1378 est
854 1340 940 1378 illud
972 1354 992 1378 e
1018 1348 1146 1378 tete1e
1178 1340 1369 1390 tragoedia
1384 1338 1476 1392 ἢ),

479 1418 529 1455 ’.Ω
558 1421 693 1470 μῆτερ,
725 1417 878 1457 ἱκετεύω
908 1429 968 1465 σε,
999 1414 1064 1468 μη’
1097 1416 1219 1456 πίσειέ
1247 1432 1312 1468 μοι

487 1469 565 1518 Τὰς
596 1469 842 1524 αἱματωποὺς
869 1471 935 1511 καὶ
967 1469 1241 1524 δρακοντώδεις
1267 1469 1396 1525 κόρας.

262 1547 390 1596 Quare
420 1549 699 1588 meolam-’ande
722 1548 895 1595 verbum,
932 1549 994 1600 qui
1022 1555 1273 1600 pepererunt,
1316 1549 1388 1587 sibi
1416 1547 1576 1587 habeant
1605 1547 1706 1586 licet.

759 1678 1051 1719 CAPUT
1107 1681 1209 1720 XX.

422 1759 616 1797 Deteetum
649 1759 843 1797 Ciceronis
870 1765 1041 1798 erratum
1069 1760 1108 1798 in
1136 1760 1264 1811 quinto
1294 1760 1339 1797 de
1366 1758 1536 1799 Fim'buS.

258 1835 521 1896 MAGNORUM
551 1859 713 1896 virorum
745 1872 896 1897 errores
925 1859 986 1909 qui
1016 1866 1160 1905 notant,
1188 1857 1271 1896 dum
1302 1857 1338 1896 id
1364 1857 1529 1896 modeste
1559 1863 1597 1896 et
1626 1856 1707 1894 sine

261 1914 488 1951 scurrilitate
519 1914 676 1959 faciant,
708 1914 853 1965 publice
882 1914 1063 1966 prodesse
1095 1915 1273 1952 arbitror.
1325 1913 1422 1951 Nam
1453 1926 1573 1964 neque
1603 1911 1707 1963 quid-

260 1981 367 2019 quam
405 1976 605 2019 propterea
644 1968 690 2006 de
728 1970 874 2007 illorum
907 1970 1181 2007 existimatione
1222 1969 1451 2008 detrahitur:
1499 1976 1536 2006 et
1568 1968 1703 2013 ceteri,

259 2030 298 2060 ut
328 2024 513 2061 cautiores
553 2037 597 2062 ae
628 2024 946 2062 consideratiores
986 2025 1022 2062 in
1060 2025 1260 2062 scribendo
1296 2025 1390 2071 sint,
1433 2023 1704 2062 admonentur:

260 2084 298 2116 et
327 2078 360 2114 si
391 2078 475 2129 quid
507 2080 591 2125 cui,
632 2086 670 2116 ut
699 2087 785 2117 sunt
813 2080 993 2127 humana,
1026 2081 1099 2117 tale
1129 2081 1348 2129 contigerit,
1382 2080 1491 2117 habet
1519 2079 1703 2129 exempla,

261 2133 392 2184 quibus
424 2141 486 2170 aut
514 2146 695 2171 excusare
727 2148 767 2172 se
799 2142 862 2172 aut
892 2136 1004 2172 solari
1042 2142 1167 2184 queat.
1227 2134 1286 2171 Eo
1315 2136 1431 2184 igitur
1458 2135 1579 2171 animo
1610 2132 1706 2170 indi-

261 2200 347 2226 care
379 2188 448 2226 hoc
476 2189 558 2226 loco
590 2189 731 2225 institui
762 2190 947 2239 insignem
983 2188 1183 2227 Ciceronis
1210 2189 1502 2239 negligentiam,
1545 2201 1651 2240 quam
1682 2201 1704 2226 a

261 2243 409 2281 nemine
440 2256 555 2294 usque
595 2242 715 2281 adhuc
747 2251 907 2281 notatam
948 2256 1032 2282 esse
1075 2243 1251 2282 demiror.
1313 2244 1486 2294 Quinque
1516 2250 1623 2290 sunt,
1664 2250 1705 2281 ut

261 2306 386 2336 notum
420 2306 498 2344 est,
531 2299 628 2336 illius
660 2298 744 2336 libri
776 2297 820 2337 de
850 2298 1023 2345 Finibus,
1056 2299 1187 2350 quibus
1216 2299 1424 2350 explicatae
1454 2306 1493 2337 et
1521 2311 1706 2337 excussae

261 2361 431 2393 veterum
460 2353 778 2405 philosophorum,
811 2353 878 2391 sed
906 2355 1106 2405 praecipue
1127 2354 1298 2405 Epicuri,
1329 2355 1540 2393 Stoicorum
1572 2362 1610 2392 et
1631 2353 1704 2392 Pe-

262 2409 559 2460 ripateticorum,
591 2408 637 2447 de
664 2422 805 2447 summo
834 2409 930 2446 bono
963 2410 1172 2447 sententiae
1202 2411 1455 2450 eontinentur.
1506 2409 1559 2447 Et
1587 2410 1705 2460 prima

263 2464 410 2515 quidem
440 2464 663 2515 disputatio,
691 2477 761 2516 qua
793 2463 950 2515 Epicuri
981 2466 1167 2503 sententia
1194 2466 1447 2512 examinatur,
1479 2465 1601 2503 habita
1637 2465 1704 2502 fin-

263 2520 365 2569 gitur
395 2521 432 2557 in
455 2519 621 2557 Cumano
648 2519 863 2566 Ciceronis,
897 2533 977 2557 cum
1009 2533 1054 2557 eo
1082 2520 1129 2557 L.
1153 2519 1365 2570 Torquatus
1396 2527 1433 2558 et
1456 2519 1502 2558 C.
1532 2520 1702 2558 Triarius

264 2574 450 2613 salutandi
481 2574 677 2613 Ciceronis
715 2588 849 2613 caussa
879 2576 1089 2621 venissent,
1132 2588 1251 2626 neque
1279 2576 1467 2627 quisquam
1506 2582 1704 2626 praeterea

264 2630 358 2668 alius
395 2631 610 2670 interesset.
677 2629 854 2670 Secunda
888 2637 1011 2669 autem
1055 2631 1093 2668 in
1130 2630 1343 2670 Tusculano
1383 2631 1553 2678 Luculli,
1604 2631 1703 2668 inter

340 2753 384 2789 ἓξ]
413 2755 600 2792 Lambinus,
631 2763 723 2791 quem
743 2756 886 2785 Muretus
912 2755 982 2791 ipse
1010 2757 1151 2787 nominat
1176 2759 1237 2787 hac
1259 2757 1291 2788 in
1318 2765 1353 2789 re
1377 2757 1431 2787 lib.
1451 2758 1510 2787 Χῖ
1512 2759 1563 2786 111
1583 2764 1650 2792 cap
1671 2757 1701 2787 9.

266 2790 336 2819 Vitl.
355 2791 442 2822 illius
461 2794 656 2828 edit.1.ugd.
679 2794 771 2823 1577.
798 2800 870 2828 pag.
892 2795 962 2824 705.
1002 2796 1114 2825 Faus«.

339 2840 407 2876 *U
427 2841 535 2878 Eurip.
556 2841 661 2874 orest.
682 2849 712 2875 v.
734 2842 797 2872 255
815 2850 864 2879 sq
