1778 3096
171 511 231 541 311

260 115 343 159 298
826 114 954 153 VAR.
988 114 1142 155 LECT.

262 227 341 267 Sed
367 228 526 265 omnium
555 228 711 265 istorum
744 225 1031 263 admz‘ratzonem
1047 224 1171 276 facile
1197 240 1312 278 super
1314 234 1369 273 at
1401 226 1501 278 qnod
1525 228 1563 266 in
1595 227 1704 278 adipe

262 284 393 322 ursino
429 284 575 328 evenec,
617 294 679 331 qaz
709 281 944 319 latebrarum
980 287 1144 331 tempore
1180 285 1349 321 emundat
1386 285 1705 332 ztaetumcscensque

262 351 354 378 vasa
381 339 522 388 implet.
583 336 834 400 Theophrasti
865 336 979 373 verba
1009 336 1116 386 paulo
1146 337 1251 375 altius
1283 339 1440 389 repetii,
1481 344 1519 375 ut
1549 350 1570 375 e
1603 338 1703 375 simi-

263 394 349 432 lium
386 393 583 430 collatione
614 393 732 442 magis
764 391 1040 442 intellig-creuit
1071 390 1130 438 id,
1165 405 1236 443 quo
1265 393 1310 430 de
1341 393 1538 444 agebatur.

753 501 1039 540 CAPUT
1095 501 1220 541 XIV.

321 582 398 619 Cur
426 580 548 617 maior·
579 581 615 617 2⁶72
644 581 834 617 nonnullis
863 579 1102 625 civitatibus,
1133 593 1242 630 quam
1273 581 1309 618 e‘n
1342 581 1450 626 aliae,
1486 576 1652 618 exteret-'e

334 635 503 688 sortium
531 636 697 673 virorum
729 637 837 686 copia
867 637 1008 680 soleat,
1043 648 1091 672 θῶ·
1118 636 1348 686 Hippocrate
1377 637 1621 687 eaffle‘catum.

264 701 398 768 Quen
430 723 517 761 lauti
548 736 592 760 ac
622 724 825 773 sumptuosi
854 722 1025 760 homines
1057 723 1184 760 facere
1210 723 1246 760 in
1277 723 1370 761 cibis
1400 723 1538 770 solent,
1571 730 1611 760 ut
1640 723 1704 768 iis,

262 793 357 831 quae
389 780 425 816 in
457 779 548 816 mari
578 785 803 823 nascuntur,
847 779 963 828 magis
993 779 1028 815 in
1061 778 1345 816 mediterraneis
1383 791 1488 828 quam
1529 780 1564 816 in
1597 778 1707 816 mari-

260 835 361 872 timis
384 835 474 872 locis
499 833 708 884 gaudeant:
741 841 945 885 contraque
966 846 1047 870 cum
1072 835 1105 871 in
1129 835 1219 871 mari
1245 840 1455 880 versantur,
1479 835 1526 871 iis
1549 846 1706 872 vescan—

261 897 322 928 tur
351 890 543 934 libentius,
577 902 671 940 quae
702 889 772 926 nisi
798 890 834 926 in
866 889 1069 926 continenti
1103 889 1259 939 reperiri
1289 903 1360 926 non
1390 889 1528 934 solent,
1559 895 1600 926 ut
1626 890 1708 938 ipsa

261 946 514 997 peregrinitas
554 957 618 994 pro
657 944 894 982 condimento
934 957 1019 982 csse
1059 952 1097 982 et
1125 945 1218 982 cibis
1250 945 1487 994 praecipuam
1526 943 1705 994 quandam

260 1002 417 1051 gratiam
447 1000 649 1038 conciliare
678 1000 871 1037 videatur:
912 999 1008 1037 idem
1042 1013 1112 1050 ego
1142 1001 1178 1037 in
1210 999 1339 1036 studiis
1370 998 1554 1037 interdum
1584 999 1704 1036 facio:

262 1063 301 1094 et
328 1057 360 1093 si
392 1055 477 1107 quid
508 1063 572 1093 aut
603 1054 699 1106 apud
730 1057 1017 1105 grannnatieos,
1059 1055 1154 1106 quod
1185 1054 1229 1092 ad
1261 1056 1317 1091 ius
1345 1055 1477 1100 civile,
1523 1061 1586 1092 aut
1612 1052 1706 1105 apud

261 1111 461 1163 physicos,
504 1110 598 1162 quod
635 1110 680 1148 ad
711 1111 908 1161 politicen,
948 1119 1009 1148 aut
1038 1110 1196 1160 denique
1235 1109 1330 1161 apud
1363 1122 1565 1160 quemque,
1610 1107 1707 1160 quod

261 1166 309 1204 ad
337 1168 444 1204 aliam
478 1174 595 1204 artem
628 1180 733 1217 quam
767 1179 863 1211 eam,
894 1179 987 1217 quae
1019 1167 1064 1204 ab
1096 1180 1141 1204 eo
1170 1167 1368 1217 praecipue
1398 1172 1592 1211 tractatur,
1625 1177 1708 1216 per-

261 1223 393 1267 tineat,
423 1224 588 1272 reperiO,
620 1234 665 1259 eo
687 1222 842 1259 mirifice
873 1223 1021 1272 capior:
1057 1222 1242 1272 multoque
1268 1221 1385 1270 magis
1410 1221 1568 1266 afficior,
1601 1232 1706 1270 quam

262 1278 296 1315 si
326 1276 362 1314 id
395 1278 512 1327 ipsum
544 1277 770 1327 reperissem
803 1276 898 1327 apud
929 1277 1040 1313 alium
1074 1278 1310 1327 scriptorem,
1334 1276 1438 1313 cuius
1462 1288 1506 1313 ea
1535 1275 1707 1313 tractatio

261 1333 413 1384 propria
447 1338 563 1369 esset.
623 1332 675 1370 Ut
704 1345 844 1382 nuper,
882 1345 963 1369 cum
1001 1334 1256 1382 quaestionem
1299 1332 1483 1380 politicam
1515 1337 1552 1368 et
1584 1330 1708 1380 magni

261 1388 407 1438 quidem
440 1387 614 1424 momenti
644 1386 940 1439 deprehen‹li*)
974 1400 993 1424 a
1025 1388 1193 1437 principe
1225 1385 1451 1424 medicorum
1475 1386 1707 1437 Hippocrate

259 1444 458 1480 verissime
490 1455 532 1479 ac
564 1443 841 1492 sapientissime
874 1443 1108 1492 explicatam.
1170 1441 1263 1479 Cum
1295 1442 1392 1479 enim
1425 1447 1596 1487 constet,
1631 1454 1708 1479 ma·-

260 1499 378 1535 iorem
401 1497 543 1548 copiam
572 1497 733 1534 virorum
757 1497 905 1534 fortium
930 1497 1094 1534 existere
1123 1498 1246 1534 solere
1268 1497 1301 1532 in
1326 1497 1537 1534 civitatibus
1559 1496 1705 1542 liberis,

260 1566 367 1603 quam
397 1553 432 1590 in
464 1553 533 1598 iis,
573 1564 667 1602 quae
698 1552 807 1589 unius
847 1551 1036 1588 dominatu
1075 1558 1273 1589 tenentur:
1314 1558 1354 1588 ut
1381 1554 1418 1589 in
1448 1551 1617 1589 historiis
1645 1564 1709 1589 ve-

259 1608 403 1646 teribus
434 1608 546 1645 multo
572 1607 701 1659 plures
733 1607 892 1657 legimus
923 1606 1201 1653 Athenienses,
1245 1605 1590 1652 Lacedaemonios,
1629 1606 1709 1644 Ro-

261 1677 413 1709 manOS,
455 1676 559 1715 quam
590 1663 798 1714 Assyrios,
839 1662 1001 1707 Persas,
1042 1661 1201 1708 Medos,
1245 1662 1474 1700 fortitudinis
1505 1661 1614 1700 laude
1644 1675 1709 1700 ex-

262 1720 463 1757 celluisse:
495 1719 623 1769 quaeri
654 1732 724 1755 non
756 1719 890 1755 iniuria
921 1725 1059 1768 potest,
1088 1731 1182 1768 quae
1214 1716 1246 1754 id
1277 1730 1408 1756 caussa
1439 1717 1589 1756 efficiat.
1641 1717 1710 1755 Ait

261 1775 376 1825 igitur
406 1775 680 1825 Hippocrates,
723 1773 758 1811 id
799 1787 845 1811 ex
875 1787 920 1811 eo
961 1775 1135 1819 evenire,
1179 1771 1276 1824 quod
1318 1773 1486 1811 homines
1527 1786 1594 1824 pro
1630 1773 1708 1810 suis

262 1844 368 1882 quam
406 1843 472 1881 pro
507 1830 641 1867 alienis
678 1828 906 1875 commodis,
955 1842 1021 1880 pro
1061 1842 1127 1866 sua
1167 1841 1272 1878 quam
1318 1842 1384 1878 pro
1424 1829 1544 1867 aliena
1589 1828 1709 1879 gloria

261 1887 373 1936 longe
415 1886 575 1923 alacrius
603 1892 713 1936 atque
752 1885 953 1922 animosius
984 1891 1149 1935 pugnant
1163 1882 1252 1936 ἢ(16).
1314 1884 1354 1921 In
1385 1885 1432 1922 iis
1462 1891 1584 1922 autem
1617 1884 1709 1922 civi-

262 1942 423 1987 tatibus,
456 1953 549 1992 qnae
577 1941 653 1978 suis
684 1941 827 1991 legibus
859 1942 1007 1985 vivunt,
1042 1941 1071 1977 si
1103 1938 1187 1990 quid
1218 1940 1314 1976 bello
1344 1947 1487 1991 partum
1516 1940 1585 1985 sit,
1628 1940 1708 1976 eius

261 1997 438 2045 intelligit
469 1997 623 2047 quisquc
657 1997 790 2034 civium
821 1994 957 2047 aliquid
986 1994 1030 2032 ad
1063 2009 1103 2033 se
1139 2008 1205 2045 pro
1235 1996 1333 2032 virili
1364 2002 1469 2046 parte
1498 1995 1705 2046 pertinere.

260 2053 315 2090 At
346 2052 405 2088 ubi
436 2065 575 2088 summa
607 2065 730 2089 rerum
766 2053 924 2089 omnium
958 2064 1072 2101 penes
1105 2065 1212 2088 unuin
1246 2058 1328 2098 est,
1373 2052 1420 2088 ibi
1452 2051 1598 2088 labores
1629 2049 1709 2100 qui-

262 2106 345 2144 dam
362 2105 465 2158 ΜΨ)
498 2107 705 2152 militareS,
737 2114 773 2144 et
799 2107 983 2157 pericula,
1015 2113 1052 2143 et
1080 2106 1251 2151 vulnera,
1284 2115 1321 2143 et
1351 2105 1487 2144 caedes
1520 2105 1708 2156 pertinent

261 2161 307 2200 ad
333 2174 414 2207 eos,
449 2162 509 2212 qui
542 2162 698 2211 imperio
730 2161 975 2213 subsunt†):
1010 2162 1151 2211 gloriae
1182 2168 1303 2197 autem
1335 2169 1373 2199 et
1403 2162 1548 2211 imperii
1579 2160 1708 2210 ampli-

261 2217 404 2263 ficatio,
427 2224 465 2254 et
491 2218 610 2254 omnis
639 2216 798 2267 denique
826 2217 985 2261 fructus,
1015 2217 1074 2266 qui
1104 2229 1149 2253 ex
1176 2216 1333 2253 victoria
1364 2217 1523 2266 capitur,
1547 2215 1593 2253 ad
1623 2228 1706 2253 eum

261 2286 373 2310 unum
406 2271 526 2318 redit,
568 2272 629 2322 qni
664 2280 809 2310 ceteros
846 2284 1048 2321 oppressos
1077 2278 1178 2308 tenet
1220 2284 1359 2322 eosque
1394 2271 1504 2309 habet
1541 2272 1576 2308 in
1607 2284 1707 2307 man-

264 2329 444 2378 cipiorum
476 2334 537 2365 aut
570 2328 605 2364 in
639 2327 819 2378 pecudum
862 2327 957 2364 loco.
1021 2326 1126 2364 Hace
1165 2327 1199 2363 in
1240 2327 1333 2364 hane
1372 2328 1453 2364 fere
1485 2327 1708 2364 seutentiam

263 2383 499 2434 disputantur
529 2383 574 2420 ab
606 2383 838 2434 Hippocrate
868 2383 905 2419 in
938 2382 1076 2426 libello,
1109 2395 1179 2432 quo
1211 2383 1392 2434 explicat,
1425 2381 1524 2429 Quid
1549 2381 1710 2420 efficiant

264 2439 387 2485 caeli,
418 2452 595 2489 aquarum
627 2445 665 2476 et
694 2439 858 2476 locorum
890 2438 1091 2475 varietates
1108 2436 1207 2490 †*l⁴).

338 2536 382 2571 -:::-]
411 2537 462 2564 Ad
483 2537 565 2564 hunc.
586 2543 708 2570 quoque
729 2537 830 2564 locum
848 2535 1006 2571 pertinere
1028 2535 1153 2564 videtur
1174 2535 1337 2564 annotatio
1358 2535 1539 2564 Ruhnkenii
1559 2535 1599 2564 ad
1620 2536 1707 2564 Tom.

263 2576 301 2604 Π.
322 2581 394 2608 pag.
416 2574 486 2602 967.
517 2574 568 2601 uhi
596 2575 808 2608 „Deprehensi
827 2575 915 2609 sunt,
947 2573 1064 2609 inquit,
1096 2575 1196 2600 minus
1221 2574 1352 2608 proprie
1377 2581 1436 2607 pro
1458 2574 1574 2606 reperti
1602 2572 1707 2601 sunt.“

264 2614 376 2642 FAEsl.
398 2626 433 2632 --
473 2612 562 2640 Unde
582 2611 667 2640 levis
688 2619 775 2639 error
795 2611 982 2639 eximendus
1003 2614 1051 2639 est
1074 2618 1115 2639 ex
1136 2612 1262 2639 Krehsii
1284 2611 1448 2640 Antibarh.
1471 2619 1542 2646 pag.
1565 2611 1635 2640 175.

339 2649 408 2681 -:::--:·.:-)
431 2649 598 2677 simillima
618 2651 666 2676 est
687 2650 839 2677 Herodoti
861 2648 1019 2677 sententia
1038 2649 1093 2677 lib.
1113 2650 1149 2677 V.
1171 2656 1239 2683 cap.
1261 2649 1310 2677 78.
1349 2651 1462 2677 Fau-231.

367 2688 415 2712 ³2:⁴³:
405 2687 434 2720 J
455 2687 499 2714 w
502 2688 590 2715 olfius
612 2688 692 2714 bene
712 2687 851 2715 correxit
872 2688 1001 2722 quidem
1130 2699 1133 2701 —

341 2703 388 2762 {q
417 2726 485 2752 Non
513 2725 592 2753 satis
619 2726 739 2759 placet·
770 2731 842 2752 nam
869 2726 993 2752 subesse
1019 2731 1074 2758 pro
1103 2731 1236 2758 pmwe,
1267 2725 1493 2761 aeternnm-ww,
1524 2730 1587 2751 non
1613 2723 1709 2750 hali-t

265 2735 414 2790 idoneum
435 2764 596 2791 auctorem
617 2763 745 2791 solutae
765 2761 927 2790 orationis
969 2762 1086 2790 Melius
1108 2761 1235 2790 dicitur:
1267 2762 1318 2796 qui
1336 2764 1465 2800 parent,
1495 2762 1620 2790 subiecta*
1640 2761 1710 2789 sunt

265 2800 396 2828 alicuius
414 2800 645 2836 imper1'05qui
663 2801 733 2828 sunt
751 2801 799 2834 in,
823 2801 878 2828 sub
898 2799 1029 2829 alicuius
1048 2800 1188 2835 imperio.
1229 2799 1350 2829 Kfflr.

341 2836 415 2874 ††)
437 2821 937 2873 Tom.1'.pag.290.ed.1‹'oes.
