1778 3096
482 163 587 203 LIB.
618 163 712 204 XV.
773 161 892 204 CAP.
924 161 1036 203 VIII.
1396 164 1478 207 339

41 282 81 314 et
109 276 228 314 minus
258 273 441 313 satietatis
471 271 623 312 adferre
649 273 852 312 lectoribus
879 271 1059 312 creditur.
1120 272 1205 325 Ego
1235 274 1382 326 itaque,
1414 277 1476 327 qui

41 331 144 369 horis
182 330 349 381 exceptis
366 327 413 381 ἦε)
455 328 548 366 haec
584 329 862 380 qualiacumque
895 328 1084 379 procudo,
1124 336 1165 367 ut
1193 331 1348 381 quisque
1379 330 1477 369 liber

40 386 143 424 venit
170 386 206 423 in
236 397 379 429 manus,
403 385 452 421 ita
483 396 531 422 ex
552 396 596 421 eo
619 382 757 435 aliquid
781 395 956 433 excerp0‚
982 396 1053 434 quo
1082 397 1163 422 mea
1188 385 1282 424 haec
1308 387 1477 424 auctiora

42 441 145 479 fiant.
194 438 303 478 Nunc
334 439 446 488 igitur
476 452 687 489 percurram
719 445 860 475 sextum
890 438 1022 474 librum
1055 437 1301 489 Epistularum
1328 439 1374 478 ad
1403 440 1477 478 At-

41 496 166 533 ticum.
220 494 261 531 In
286 494 391 531 cuius
419 494 534 543 prima
556 493 712 544 epistola
742 491 838 529 haud
865 493 994 542 procul
1024 506 1045 530 a
1066 494 1138 531 line
1159 495 1210 533 ita
1233 494 1473 547 legitur*³¹'⁵):

39 551 136 589 Nam
165 550 312 587 Coelius
343 549 513 586 libertam
541 550 594 586 ad
616 562 672 586 me
699 549 813 593 misit,
845 554 883 584 et
911 548 1060 585 litteras
1088 557 1266 588 accurate
1293 552 1474 600 sompnus,

40 610 78 642 et
103 604 148 641 de
172 604 393 653 pantheris,
433 610 470 641 et
498 605 543 641 de
573 601 800 642 civitatibus.
858 601 955 638 Puto
993 615 1059 653 pro
1095 605 1309 642 civitatibus
1347 606 1477 655 legen-

39 657 125 696 dum
159 658 372 708 Cibyratis:
413 657 524 709 idque
553 658 623 703 iis,
666 657 726 708 qui
755 669 831 695 rem
864 663 976 694 totam
1011 664 1186 695 accurate
1215 658 1479 698 considerave-

39 714 138 759 rint,
179 713 372 763 probatum
404 713 451 749 iri
483 711 642 751 confido.
700 711 742 749 In
775 710 903 749 eadem
935 711 1093 762 epistola
1125 712 1234 762 paulo
1265 714 1362 751 infra
1391 715 1478 752 libri

39 767 130 805 editi
157 769 212 805 sic
243 768 383 805 habent
397 766 523 819 ***):
559 770 600 806 C.
629 768 841 805 Vennonius
863 768 1008 804 domum
1028 768 1201 805 Vz'ndullt‘
1219 770 1332 806 venit.
1387 771 1477 807 Cum

39 825 162 861 omnia
187 823 428 873 obsegnaret,
460 824 497 861 iu
530 824 720 861 Vedianas
748 834 811 859 res
839 823 984 859 incidit.
1039 823 1086 860 Ite
1117 824 1164 860 iis
1192 824 1363 861 inventae
1389 831 1479 862 sant

39 880 202 929 quinque
240 880 500 928 imagunculae
530 884 810 922 matronarum,
850 878 886 914 in
917 877 1050 926 quibus
1087 890 1162 915 aaa
1192 880 1338 916 ‚sororis
1367 880 1483 916 amici

39 934 100 970 tui
131 934 289 971 hominis
316 934 452 978 Bruti,
492 935 560 983 qui
590 934 660 970 lzoe
688 939 843 977 utatur,
885 939 924 969 et
956 933 1058 970 iltius
1085 933 1242 982 Lepidi,
1286 936 1354 983 qm'
1382 935 1477 971 haee

39 994 115 1025 tam
150 989 385 1037 neglegenter
411 988 540 1039 ferat.
608 988 727 1025 Vetus
764 986 861 1024 liber
899 999 1002 1023 meus
1049 1000 1116 1038 pro
1161 988 1222 1025 illo
1267 990 1381 1026 αιηίοί
1422 990 1482 1026 tui
1504 995 1568 1026 351

38 1041 152 1080 habet
188 1044 302 1080 amici
337 1050 432 1081 tuos.
494 1042 600 1080 Bruti
641 1048 761 1080 autem
800 1048 837 1079 et
876 1040 1010 1092 Lepidi
1049 1042 1197 1080 nomina
1234 1057 1305 1080 non
1348 1043 1474 1081 habet.

39 1098 167 1144 Quare
197 1105 312 1135 totum
346 1098 465 1135 locum
495 1098 544 1134 ita
583 1097 689 1147 lego:
731 1098 775 1135 In
805 1097 938 1146 quibus
975 1111 1049 1135 una
1078 1099 1222 1135 sororis
1260 1100 1374 1136 arm'ez‘
1406 1100 1475 1136 ταί.

42 1156 91 1191 Os
120 1154 293 1198 leontinis,
324 1154 392 1203 qui
416 1154 485 1190 hoe
514 1159 670 1190 utatur.-
702 1159 741 1189 et
768 1153 887 1197 illius,
921 1154 989 1202 qui
1012 1153 1107 1190 lzaee
1137 1160 1211 1190 tam
1240 1155 1481 1203 neglegenter·

27 1207 156 1259 serat.
217 1207 414 1257 Significat
440 1207 561 1252 cuim,
591 1206 674 1244 duri
702 1205 895 1244 admodum
925 1208 1001 1243 oris
1029 1219 1114 1244 esse
1144 1214 1182 1244 et
1211 1207 1385 1254 Brutum,
1417 1209 1481 1258 qui

38 1269 164 1299 utatur
193 1275 254 1307 eo,
282 1269 435 1312 propter
458 1275 564 1312 quem
592 1275 701 1298 soror
725 1274 790 1298 sua
818 1260 990 1298 adulterii
1019 1269 1194 1311 suspecta
1223 1275 1308 1299 esse
1339 1264 1477 1313 possit:

38 1325 77 1355 et
108 1317 307 1367 Lepidum,
336 1317 397 1367 qui
430 1323 501 1353 tam
533 1323 677 1366 turpem
707 1316 956 1365 suspicionem
988 1316 1023 1352 in
1054 1329 1170 1354 uxore
1199 1323 1271 1354 tam
1303 1318 1402 1355 lente
1435 1330 1480 1355 ae

38 1373 274 1423 negligenter
305 1372 413 1409 serat.
474 1370 608 1421 Neque
636 1370 785 1407 dubium
817 1377 898 1416 est,
931 1371 1018 1421 quin
1049 1370 1096 1408 de
1125 1371 1243 1409 Bruto
1273 1379 1311 1409 et
1334 1371 1479 1424 Lepido

38 1427 233 1477 loquatur:
266 1425 332 1464 sed
350 1427 388 1464 in
417 1426 541 1463 talium
570 1439 693 1464 rerum
718 1426 932 1463 narratione
963 1439 1006 1463 ac
1032 1427 1302 1476 significatione
1330 1429 1480 1478 propria

38 1495 182 1528 eorum,
215 1480 260 1520 de
289 1481 420 1532 quibus
447 1481 585 1531 agitur,
617 1481 764 1518 nomina
795 1481 908 1518 multo
938 1483 1132 1518 venustius
1159 1482 1345 1532 multoque
1371 1496 1479 1521 vere-

40 1537 197 1576 cundius
243 1536 489 1574 subticentur.
550 1534 688 1573 Addita
729 1543 851 1573 autem
882 1542 968 1586 puto
999 1537 1071 1573 iam
1104 1536 1246 1586 pridem
1277 1537 1322 1575 ab
1354 1538 1479 1588 aliquo

40 1592 186 1631 erudito
216 1591 386 1637 homine,
430 1591 489 1642 qui
521 1591 640 1628 locum
672 1589 862 1628 declarare
899 1591 1025 1628 vellet.
1086 1592 1163 1630 Iam
1194 1591 1306 1639 illud,
1345 1606 1386 1631 os
1414 1594 1480 1631 lco-

39 1649 172 1695 mimIs,
203 1648 254 1685 ita
284 1646 420 1684 dictum
449 1652 530 1692 est,
563 1652 603 1683 ut
630 1644 727 1696 apud
758 1644 970 1683 Martialem
987 1645 1062 1698 †).

205 1724 410 1762 Santonica
439 1724 622 1761 medicata
650 1723 755 1760 dedic
781 1723 876 1760 me‘ln'
894 1724 1033 1773 poeula
1062 1725 1186 1774 virga.

264 1781 312 1817 Os
341 1779 523 1816 homim's:
558 1779 713 1816 mulsam
741 1791 799 1815 me
825 1785 942 1828 rogat
970 1780 1230 1830 Hippocrates.

39 1855 152 1894 Libet
179 1862 218 1893 et
246 1862 376 1894 notare
403 1869 509 1893 usum
540 1854 645 1893 verbi
669 1856 800 1906 placet
826 1868 916 1893 sane
947 1856 1179 1906 elegantem:
1212 1858 1245 1896 si
1274 1858 1354 1909 quis
1383 1858 1481 1896 forte

43 1924 125 1950 eum
156 1912 275 1948 minus
305 1910 523 1949 adverterit.
578 1909 672 1947 Cum
704 1911 818 1960 igitur
847 1911 882 1947 in
913 1912 1110 1949 manifesto
1139 1921 1292 1963 peccato
1323 1914 1481 1963 aliquem

41 1965 391 2017 deprehenderant,
433 1967 485 2003 ita
514 1972 553 2003 ut
586 1978 632 2003 ne
669 1966 748 2016 ipse
785 1965 930 2015 quidem
969 1967 1103 2004 factum
1141 1981 1246 2005 suum
1276 1967 1482 2006 defendere

43 2034 154 2072 posse
187 2020 399 2059 videretur:
441 2022 491 2059 ita
526 2034 608 2058 eum
647 2021 951 2070 interrogabant:
998 2023 1131 2060 Placet
1163 2024 1234 2061 lzoc
1262 2023 1360 2061 tibi?
1417 2024 1482 2062 Sic

42 2077 159 2114 Thais
189 2076 417 2114 Terentiana
433 2075 514 2129 ἦῆ)
554 2075 826 2127 deprehensum
857 2075 1066 2114 Chaeream
1098 2078 1232 2116 leviter
1262 2078 1479 2128 obiurganS‚

44 2133 170 2171 Satc‘n'
204 2133 275 2169 hoe
312 2132 383 2170 tibi
409 2131 566 2183 placet?
623 2130 761 2169 Cicero
792 2131 950 2182 epistola
988 2139 1096 2169 sexta
1126 2133 1207 2170 eius
1243 2133 1328 2171 libri
1344 2133 1480 2185 †††),

44 2188 82 2225 in
110 2200 181 2238 quo
212 2199 308 2224 nune
341 2200 556 2225 versamur:
599 2188 676 2224 Sed
707 2187 798 2224 heus
827 2194 867 2224 tu
895 2183 1043 2239 πυροὺς
1071 2187 1126 2234 εἰς
1161 2188 1297 2239 δῆμον.
1353 2191 1484 2227 Placet

45 2243 115 2280 hoc
147 2242 244 2280 tibi?
300 2242 468 2280 Tibullus
506 2243 543 2279 in
574 2242 738 2279 carmine
777 2241 965 2279 obscoeno
980 2241 1053 2294 ἧς
1095 2245 1227 2282 Placet
1258 2271 1377 2281 .....
1419 2244 1488 2294 qzcz'

44 2297 113 2335 sub
142 2297 318 2336 arborum
349 2310 477 2344 coma,
518 2303 556 2335 et
585 2309 679 2348 quae
714 2303 933 2348 sequunturz
975 2298 1078 2349 piget
1107 2299 1207 2336 enim
1244 2297 1479 2337 adscribere.

122 2422 166 2456 ιε)
192 2423 241 2450 De
260 2421 293 2450 vi
314 2421 403 2450 verbi
430 2421 578 2455 exceptus
603 2420 669 2450 vid.
688 2423 770 2450 Mur.
791 2422 896 2450 SchoI.
917 2422 948 2451 In
969 2424 1042 2450 Sen.
1062 2422 1101 2450 de
1121 2421 1231 2452 Benef.
1250 2422 1303 2451 lib.
1325 2424 1377 2451 III.
1407 2423 1486 2457 Onu.

48 2462 137 2490 Tom.
156 2461 209 2488 ΠΙ.
231 2466 300 2494 pag.
320 2460 367 2488 12.
404 2461 514 2487 FAEsi.
537 2472 574 2479 -
615 2459 677 2487 Sed
697 2460 784 2487 horis
802 2461 941 2494 exceptis
960 2467 1051 2488 nemo
1072 2465 1217 2489 veterum
1236 2467 1374 2495 unquam
1395 2461 1487 2489 dixit.

123 2506 190 2541 ³²³5]
211 2507 242 2542 §-
264 2508 314 2535 21.
354 2505 493 2534 oremus
513 2508 586 2539 nost
605 2506 800 2535 Ernestium:
829 2509 898 2536 sed
915 2509 953 2535 de
970 2508 1130 2542 pantheris
1155 2507 1273 2542 foede
1292 2516 1336 2537 ac
1354 2509 1488 2536 cit-itati-

49 2547 114 2583 bus‚
130 2551 212 2579 quae
228 2544 331 2572 omnia
347 2545 461 2572 cadere
478 2546 590 2576 putant
605 2542 797 2578 interpretes
812 2544 843 2573 in
858 2544 960 2574 Caelii
976 2545 1154 2579 Epistolam
1174 2546 1213 2574 ad
1232 2546 1344 2575 Famil.
1357 2546 1439 2574 VIII.
1455 2546 1486 2574 9.

124 2592 215 2626 τέιῖεὲὲ)
237 2592 270 2626 §-
291 2592 341 2620 25.
381 2591 517 2619 Oreltius
538 2598 606 2618 cum
627 2592 790 2620 Ernestio:
820 2594 856 2620 ln
875 2593 936 2621 his
1034 2595 1166 2628 quinque
1190 2593 1488 2629 planquncutae

49 2632 261 2659 maneum-um
282 2650 308 2658 ..
320 2650 328 2658 .
347 2630 438 2656 attatei
456 2629 517 2664 tui,
539 2629 668 2657 hominis
689 2631 830 2667 „bruez·“
849 2651 872 2660 ..
884 2651 891 2659 .
911 2631 942 2658 et
959 2630 1043 2658 iltius
1063 2631 1215 2667 ‚,tep1'd2“‘
1235 2635 1295 2661 cet.

125 2677 170 2716 ᾧ)
192 2677 297 2713 Epigr.
318 2677 370 2705 IX.
391 2675 442 2704 95.
463 2675 532 2705 init.
570 2675 851 2711 Distinguendum:
871 2679 978 2713 virya:
1001 2679 1043 2707 03
1062 2679 1213 2708 hominist

123 2724 198 2764 ††)
219 2725 359 2754 Eunuch.
379 2724 417 2753 V.
438 2724 469 2758 2,
491 2724 542 2752 12.
580 2723 727 2758 Legitur:
747 2726 847 2753 Satin’
867 2726 905 2752 id
923 2727 977 2754 tibi
994 2725 1120 2761 placet?

126 2777 227 2817 †††]
250 2778 283 2813 S.
305 2779 334 2807 2.
372 2779 453 2807 Post
473 2770 594 2816 δῆμον
613 2778 734 2808 εκοίαἰι
753 2777 902 2806 Athenis?

124 2827 168 2861 ἢ)
189 2825 326 2861 Priapei.
348 2826 452 2855 Canu.
473 2826 640 2855 LXXXIII.
662 2834 692 2856 v.
712 2827 741 2856 6.
778 2828 856 2855 Post
874 2827 976 2859 placet
994 2826 1140 2861 sequitur
1158 2834 1271 2856 nomen
1291 2826 1416 2862 Priape.
1445 2828 1494 2857 De

52 2863 108 2894 Illa
128 2863 264 2895 formula
283 2864 346 2894 vid.
364 2863 491 2900 Sciopp.
512 2865 543 2894 et
560 2865 712 2900 Scaliger.
732 2864 772 2894 ad
790 2863 898 2899 Priap.
918 2870 990 2899 pag.
1006 2865 1048 2893 83
1062 2868 1093 2894 et
1110 2864 1179 2894 159.
1200 2866 1249 2893 ed.
1270 2867 1383 2895 Patav.
1401 2866 1494 2897 1664.

1156 2902 1251 2944 22*
