1726 3106
567 87 664 126 LIB.
696 87 765 128 111.
826 86 944 128 CAP.
977 88 1106 129 XVII.
1504 90 1560 133 59

119 196 207 235 illud
244 194 495 306 01’2);ignoscit
532 203 570 236 et
608 198 680 236 alio
715 195 870 249 quodam
909 196 1016 237 modo
1056 200 1228 250 exponit:
1285 200 1345 238 cui
1381 213 1453 239 non
1494 215 1554 240 as-

117 252 297 292 sentior*
324 283 333 293 .

581 388 867 428 CAPUT
932 388 1081 430 XVII.
1573 403 1614 434 'u

366 479 593 518 Emendatus
620 482 751 518 Plauti
775 482 877 518 locus
904 493 924 517 e
952 481 1077 519 Milite
1102 481 1287 530 glorioso.

107 558 326 616 PnAU'rINI
355 591 486 616 vcrsus
518 586 603 616 sunt
635 592 656 617 e
683 579 806 618 Milite
835 579 1000 629 glorioso
1013 576 1112 631 **):

219 657 318 706 Quid
344 658 440 694 istae
469 658 636 705 quaeso?
672 658 763 707 quid
789 658 894 695 oculo
917 655 1061 705 sactum
1090 663 1148 694 est
1176 657 1271 694 ceco?

106 710 179 750 PL.
212 712 340 750 Habeo
371 712 516 762 quidem
547 713 672 750 hercle
700 713 858 750 oculum..
916 711 1019 749 Pm.
1060 713 1119 750 Ac
1146 713 1288 749 laevam
1318 711 1414 749 de'eo.

1265 765 1339 803 PL.
1373 768 1543 818 eloquar.

213 822 339 861 Maris
364 834 500 859 caussa
529 822 654 859 hercle
683 834 750 871 ego
778 821 849 858 lzoc
876 827 964 858 utor
992 821 1100 858 oculo
1129 822 1265 858 minus.

212 878 310 914 Nam
338 878 376 914 εἰ
400 877 659 914 abstinuissem
687 889 710 913 a
739 877 858 921 mari,
890 883 1065 926 nmquam
1095 876 1165 913 leoc
1192 882 1337 914 uterer.

102 965 145 1004 In
176 965 306 1016 quibus
336 979 416 1004 cum
448 967 553 1003 iocus
584 966 884 1015 elegantissimus
922 972 960 1003 et
988 964 1164 1002 Plautino
1208 964 1447 1015 dignissimus
1483 965 1541 1003 in·

102 1022 216 1071 genio
245 1021 386 1066 subsit,
428 1034 499 1058 una
530 1022 692 1058 litterula
719 1019 919 1070 depravata
949 1020 1000 1057 ita
1029 1033 1110 1057 cum
1146 1022 1371 1071 corrumpit,
1410 1022 1472 1059 vix
1503 1028 1540 1058 ut

101 1089 122 1112 a
152 1089 330 1126 quoquam
362 1077 491 1112 sentiri
522 1083 642 1125 queat.
702 1074 799 1111 Nam
828 1088 908 1112 cum
934 1074 1182 1112 Atheniensis
1210 1076 1272 1112 ilie
1301 1076 1538 1121 adolescens,

100 1131 161 1181 qui
200 1137 330 1167 ornatu
368 1131 559 1168 nauclerio
598 1131 753 1167 amicam
792 1142 813 1166 a
843 1130 957 1166 milite
995 1142 1062 1179 per
1097 1130 1279 1167 fallaciam
1314 1130 1540 1168 abducturus

99 1192 274 1231 venerat,
317 1186 462 1222 oculum
488 1186 559 1223 sibi
588 1185 753 1229 laevum,
796 1197 843 1221 ne
873 1192 1168 1234 agnosceretur,
1214 1185 1439 1234 obligasset:
1481 1186 1539 1222 iu-

97 1246 311 1290 terrogatus
340 1253 361 1277 a
390 1241 527 1287 milite,
569 1253 636 1277 cur
672 1239 707 1276 id
741 1240 907 1285 faceret,
948 1239 1194 1276 urbanissime
1235 1240 1456 1290 respondet,
1498 1253 1539 1278 se

97 1294 136 1332 id
166 1295 278 1332 maris
317 1308 448 1333 caussa
477 1297 618 1334 facere.
678 1294 799 1340 Nam,
840 1295 980 1344 inquit,
1022 1295 1053 1330 si
1092 1308 1221 1332 amare
1256 1295 1537 1341 abstinuissem,

97 1362 144 1388 eo
174 1362 293 1400 aeque
322 1357 432 1400 atque
469 1352 586 1388 altero
617 1357 758 1387 uterer.
821 1349 935 1386 Ludit
962 1356 1083 1386 autem
1115 1350 1263 1386 militem
1296 1351 1537 1400 ambiguitate

95 1405 282 1443 vocabuli.
342 1405 436 1443 Cum
465 1407 564 1444 enim
595 1405 722 1443 dicere
749 1403 919 1442 videatur
949 1403 1089 1441 duabus
1119 1405 1288 1450 vocibus,
1323 1406 1353 1441 si
1385 1420 1407 1443 a
1431 1419 1536 1443 mare

95 1459 382 1507 abstinuissem
425 1475 495 1498 non
535 1460 573 1498 id
611 1460 721 1498 dicit:
763 1459 853 1505 sed,
891 1460 922 1496 si
954 1472 1083 1497 amare
1120 1460 1398 1500 abstinuissem.
1458 1461 1535 1497 Re-

93 1527 184 1553 vera
215 1513 310 1553 enim
342 1529 445 1553 amor
475 1517 544 1567 ipsi
576 1517 612 1553 in
644 1528 775 1553 caussa
800 1516 944 1560 fuerat,
980 1522 1018 1552 ut
1047 1528 1092 1552 eo
1123 1515 1230 1552 oculo
1262 1516 1378 1553 minus
1410 1522 1535 1552 utere-

93 1577 176 1607 tur:
209 1577 272 1607 aut
292 1570 421 1607 saltem
442 1573 492 1609 ita
515 1572 688 1620 fingeret.
749 1572 862 1608 Mare
885 1577 1006 1608 autem
1024 1567 1124 1622 mm)
1153 1577 1258 1607 sexto
1284 1584 1370 1610 casu
1394 1570 1535 1609 dixisse

93 1632 245 1664 veteres
271 1632 432 1665 constat.
492 1627 556 1665 Sic
585 1625 713 1664 Varro
727 1624 804 1678 †):

201 1704 403 1742 Clauditur
433 1707 601 1751 Oceano,
638 1703 778 1754 Libyco
807 1715 935 1748 mare,
959 1702 1121 1756 flumine
1150 1703 1252 1741 Nilo.

91 1791 171 1832 Sed
200 1800 238 1832 et
268 1793 427 1833 Ovidius
441 1792 550 1847 ††):

199 1893 250 1899 —
278 1878 320 1910 et
346 1872 509 1922 Libyco,
540 1871 681 1922 inquit,
712 1871 758 1909 de
786 1883 890 1909 mare
917 1876 1053 1921 carpat
1082 1882 1232 1921 aquam.

86 1961 144 2000 Ita
171 1961 287 2012 igitur
313 1961 507 2000 Plautinus
536 1961 597 1999 ille
625 1974 757 2000 versus
785 1959 965 2012 legendus
996 1967 1078 1999 est:

196 2041 295 2079 Nam
324 2040 363 2078 sz'
384 2039 645 2078 abstinuissem
672 2052 827 2085 amare,
860 2046 1036 2090 tanquam
1065 2038 1135 2075 hoc
1163 2042 1305 2074 uterer.

86 2130 173 2168 Hoc
203 2143 347 2181 quoque
377 2143 444 2180 pro
474 2143 541 2167 suo
573 2143 692 2180 nuper
719 2128 836 2167 edidit
865 2128 1017 2166 Coelius
1034 2125 1175 2180 †††):
1215 2124 1283 2164 sed
1311 2122 1519 2163 Secundus.

84 2184 172 2236 Ego
201 2187 300 2224 enim
329 2185 464 2223 abhinc
494 2184 702 2237 quindecim
735 2197 852 2223 annos
882 2185 1022 2236 primus
1050 2183 1254 2221 edideram.

159 2333 202 2368 ἐξ)
230 2332 328 2368 Atqui
357 2332 533 2362 rectissime
560 2332 687 2363 Ficinus
713 2333 941 2367 interpretatus
973 2332 1024 2359 est
1051 2332 1131 2358 haec
1157 2329 1274 2357 verba:
1309 2328 1346 2355 Si
1373 2327 1452 2355 enim
1478 2326 1523 2353 ila

83 2370 202 2406 dicam,
222 2372 392 2406 profiterer
411 2372 548 2406 equidem
567 2378 632 2405 me,
664 2373 838 2406 quamvis
866 2377 941 2398 non
970 2375 1100 2397 eorum
1126 2375 1244 2400 more,
1272 2367 1425 2393 rhetorem
1445 2371 1520 2391 esse.

83 2408 264 2442 Eodemque
284 2408 351 2437 fere
370 2409 461 2437 modo
482 2411 517 2437 F.
539 2410 579 2438 A.
600 2409 752 2437 W‘01fius:
782 2410 818 2436 Sz'
837 2409 916 2436 enim
934 2408 993 2436 hoc
1011 2406 1135 2442 volunt,
1162 2404 1286 2440 fatebor
1306 2404 1443 2439 equidem
1462 2407 1519 2437 me,

83 2450 160 2473 uon
179 2447 359 2479 ipsorum
379 2447 582 2482 eoeemplo,
602 2453 669 2475 esse
689 2448 854 2475 oratorem.

156 2493 227 2528 δῖε-ἐξ)
245 2494 298 2522 1v.
318 2494 354 2531 ¹7,
375 2494 426 2523 23.

156 2539 250 2575 ῑῐΞ-ὶῖἑὲἓ)
271 2540 317 2570 cf.
337 2540 419 2570 infra
440 2541 494 2571 lib.
514 2542 595 2570 XIV.
615 2548 684 2577 cap.
705 2542 754 2571 17.
776 2542 807 2570 in
828 2541 975 2570 versibus
994 2542 1098 2570 Plaut.
1138 2543 1250 2569 FAESL

156 2585 202 2625 ἢ)
224 2588 386 2623 Atacinus,
409 2596 461 2624 ap.
475 2590 598 2618 Charis.
614 2592 636 2618 1.
658 2597 730 2625 pag.
747 2590 797 2618 45.
817 2591 946 2620 Putsch.
970 2591 1085 2619 Wome.
1100 2605 1136 2612 -
1157 2588 1250 2623 Apud
1270 2583 1448 2617 charisium
1466 2583 1515 2613 le-

81 2625 164 2662 gitur
185 2626 325 2661 (linquar
345 2626 465 2655 Oceano
484 2631 543 2657 cet.
581 2630 693 2657 mesi.
886 2637 893 2640 ’

156 2671 229 2711 ᾗ)
250 2672 354 2709 Ibide,
376 2681 407 2703 v.
429 2674 499 2703 200.

156 2718 256 2758 †††)
278 2721 406 2749 Coelius
427 2723 590 2751 Secundus
611 2723 716 2752 Curio.
743 2724 858 2752 Womr.
881 2738 917 2745 —
952 2722 998 2752 Cs.
1019 2728 1117 2756 sunta
1136 2721 1270 2755 cap-13.
1290 2720 1372 2747 extr.
1410 2718 1514 2747 Etiam

82 2759 162 2788 haec
179 2759 274 2786 verba
287 2758 376 2794 [Hoc
392 2766 511 2794 quoque
524 2767 584 2793 pro
594 2767 651 2788 suo
670 2776 701 2782 —
721 2762 897 2797 edideram]
914 2762 954 2790 ab
972 2762 1019 2789 ed.
1042 2768 1088 2795 pr.
1103 2760 1229 2788 absunt.
1260 2757 1390 2786 Coelius
1406 2760 1513 2788 autem

82 2795 198 2827 edidit:
218 2796 296 2825 Nam
314 2796 342 2825 si
361 2803 466 2826 amare
483 2798 704 2829 abstinuissem.
742 2799 877 2829 Botuius
897 2806 927 2829 v.
949 2798 1039 2829 1298.
1058 2806 1078 2828 a
1097 2805 1192 2829 mare.
1230 2801 1342 2831 Fami.
