1778 3096
249 121 331 165 452
812 122 940 163 VAR.
974 122 1127 162 LECT.

250 235 333 275 dam
347 233 393 290 ⁹³⁵)
423 247 470 275 ex
499 247 544 272 eo
575 235 702 272 facere
731 233 930 272 voluerunt
959 231 1179 283 ἐφείσαντο,
1218 232 1377 286 ideoque
1408 232 1583 272 dixerunt
1613 234 1696 272 illos

251 293 411 330 hostium
458 291 677 341 corporibus
722 290 964 340 pepercisse:
1018 302 1089 326 nou
1135 288 1285 336 dubito,
1336 290 1421 340 quin
1464 289 1698 328 animadver-

249 348 329 385 suri
367 347 441 384 sint
470 346 593 396 lapsos
636 357 720 382 essc
752 358 816 390 se,
864 345 895 381 si
926 345 1043 382 locum
1083 344 1187 394 paulo
1219 343 1436 394 diligentius
1478 346 1695 396 inspiciant.

249 403 414 441 Omnino
444 409 566 438 autem
598 401 743 451 vulgata
776 401 958 451 scriptura
990 400 1059 437 hoc
1094 399 1240 450 quidem
1277 401 1358 437 loco
1394 401 1590 438 verissima
1621 407 1695 447 est,

249 466 289 496 ut
319 457 585 506 intelligamus,
617 469 682 493 eos
713 469 759 494 ex
791 456 946 492 hostium
980 456 1262 493 interfectorum
1294 457 1504 506 spectaculo
1532 457 1699 507 volupta-

248 520 322 551 tem
361 513 533 563 cepisse:
572 512 694 562 sitque
732 508 964 562 ἐφησθησαν
1003 524 1024 547 a
1058 512 1172 548 ιοιὶιο
1209 507 1412 561 ἐφηὸοιιαι.
1469 511 1566 550 Nam
1597 510 1699 563 ἐφεί-

248 579 362 608 σαντο
393 569 424 605 si
460 568 543 617 quis
574 568 696 617 legat,
738 580 857 617 neque
891 573 1041 603 veteres
1080 567 1194 603 libros
1225 566 1377 603 habebit
1415 574 1615 613 auctores,
1660 573 1699 604 et

247 637 296 662 ne
327 624 382 661 sic
407 623 554 673 quidem
579 621 776 660 emendata
805 622 920 659 fuerit
946 621 1080 658 oratio.
1129 621 1248 659 Paulo
1277 628 1362 672 post
1388 629 1511 660 autem
1543 623 1579 660 in
1610 635 1698 660 nar-

247 679 395 718 ratione
431 678 516 728 fleg,
506 678 671 716 esandii
710 676 755 715 de
792 676 1001 714 admirabili
1040 676 1194 727 quadam
1235 677 1342 727 copia
1380 678 1559 728 piscium,
1602 690 1697 728 quao

246 734 305 773 bis
338 735 532 785 quotannis
564 747 610 771 ex
642 734 724 770 lacu
754 733 898 785 Bolyce
935 733 1040 770 statis
1081 732 1309 782 temporibus
1340 733 1378 769 in
1409 733 1544 771 flumen
1580 732 1699 784 Olyn-

247 790 409 827 thiacum
438 790 596 826 inssucre
628 788 783 834 dicitur,
827 801 938 826 voces
970 788 1111 850 aliquot
1149 789 1186 824 in
1218 788 1368 825 excusis
1410 788 1516 826 libris
1547 787 1699 826 deside-

247 853 392 883 rantur.
443 845 572 892 Quare
598 851 709 881 totum
737 844 872 890 locum,
905 851 941 881 ut
969 844 1005 880 in
1036 843 1227 880 veteribus
1258 850 1375 888 extat,
1407 842 1696 894 apponan1**):

250 897 360 940 Κατὰ
387 897 428 939 δὲ
454 896 521 939 τὸν
551 897 842 950 εἰνθεστηοιῶνα
879 898 945 937 καὶ
972 898 1264 949 ε’λαφηβολιῶνα
1291 897 1484 965 λέγουσιν
1500 898 1540 938 οἷ
1566 895 1698 950 ἐπιχω-

248 971 343 1023 ριοι,
373 951 471 994 διότι
493 953 632 1007 πέμπει
654 951 680 1006 ἡ
710 952 839 1006 Βολύη
867 970 937 1005 την
966 951 1161 1006 ἆπόπυοιν
1183 950 1367 1022 Ὀλύνθῳ
1395 951 1491 993 κατὰ
1517 951 1586 994 τὸν
1614 969 1699 993 και-

244 1008 320 1080 ρὸν
356 1014 515 1060 τοῦτον,
565 1008 778 1061 ἀπέραντον
815 1013 971 1061 πληθος
1008 1007 1155 1061 ἰχθυων
1194 1008 1235 1048 ἐκ
1271 1012 1340 1060 τῆς
1376 1010 1511 1061 λίμνης
1545 1009 1600 1056 εἰς
1630 1006 1698 1049 τὸν

244 1063 508 1106 Ὀλυνθιακὸν
547 1063 770 1117 ἀναβαίνειν
808 1063 993 1116 ποταμόν.
1043 1065 1120 1104 ἔστι
1161 1062 1201 1103 δὲ
1243 1061 1404 1117 βοαχυς,
1459 1063 1550 1112 ὥςτε
1589 1061 1698 1116 μόλις

249 1120 431 1190 κρύπτειν
455 1119 497 1161 τὸ
528 1119 689 1173 σφυρόν.
728 1118 809 1160 ἀλλ’
855 1118 942 1160 ουδὲ
932 1137 968 1160 ν
1002 1114 1117 1172 ἧττον
1147 1123 1329 1159 τοσοῦτον
1368 1120 1510 1173 ἔρχεται
1543 1123 1699 1172 πλῆθος

251 1175 420 1230 ἰχθύων,
456 1175 546 1224 ὤςτε
574 1174 664 1224 τοὺς
689 1177 911 1228 περιοίκους
941 1185 978 1215 et
1007 1184 1148 1216 cetera
1210 1176 1329 1223 Quam
1362 1176 1472 1213 multa
1502 1177 1700 1214 omiserint

250 1235 418 1280 librarii,
450 1240 488 1271 et
517 1233 604 1284 quid
635 1234 690 1271 eis
720 1246 889 1270 errorem
921 1233 1121 1277 obiecerit,
1158 1232 1269 1268 etiam
1300 1238 1447 1269 tacente
1479 1244 1538 1269 me
1567 1244 1699 1269 omnes

250 1289 394 1328 vident.
455 1288 531 1326 Sed
561 1295 600 1326 et
634 1289 672 1326 in
704 1289 773 1332 iis,
814 1301 909 1339 quae
939 1288 1046 1338 ριυΙο
1086 1286 1223 1324 insin*
1228 1286 1297 1337 aa)
1325 1288 1508 1332 citantur,
1553 1299 1574 1324 e
1601 1286 1698 1324 libro

250 1346 380 1396 quinto
411 1343 617 1395 Chrysippi
647 1344 693 1381 cle
723 1344 937 1411 υοίιφίιιῐσ,
970 1343 1132 1380 omissae
1163 1348 1248 1378 sunt
1276 1355 1343 1390 per
1371 1342 1554 1380 incuriam
1584 1354 1698 1380 voces

195 1435 199 1438 .
251 1400 362 1438 duae.
422 1398 643 1448 Legendum
674 1400 771 1436 euim
810 1397 876 1437 καὶ
905 1395 1084 1448 δυνάμεις
1110 1394 1316 1448 βοαστικας
1342 1396 1408 1436 καὶ
1436 1408 1700 1437 συνουσιαστι-

166 1929 228 1959 477

250 1451 332 1501 κάς.
399 1454 443 1492 In
487 1453 732 1503 Sardanapali
775 1453 963 1503 epitaphio
980 1453 1054 1504 ἦ),
1105 1453 1178 1489 etsi
1221 1460 1370 1489 velcies
1419 1465 1564 1503 quoque
1613 1452 1699 1490 libri

251 1510 391 1548 habent
409 1508 595 1556 λέλυνται,
608 1509 728 1545 malim
750 1515 871 1546 tamen
890 1506 1087 1547 λέλειπται.
1124 1506 1289 1556 Improbi
1307 1513 1430 1544 autem
1451 1520 1583 1546 versus
1593 1505 1696 1560 ἦῆ),

251 1565 384 1616 quibus
414 1565 547 1602 Alexis
586 1564 753 1601 homines
793 1562 839 1600 ad
870 1563 1192 1614 intemperantiam
1226 1561 1464 1610 cohortatur,
1516 1563 1698 1602 trochaici

252 1621 324 1659 duo
353 1627 440 1659 sunt
468 1621 518 1657 ita
548 1618 697 1670 legendi
727 1627 763 1657 et
793 1620 844 1656 ita
870 1617 1146 1669 distinguendi:

364 1688 485 1734 Πῖνε,
514 1688 642 1734 παῖζε·
682 1681 828 1735 θνητὸς
857 1681 878 1724 ὁ
906 1685 1011 1736 βίος·
1049 1681 1177 1750 ὀλίγος
1206 1700 1226 1724 0
1255 1682 1318 1723 ἔπι
1345 1700 1394 1738 γῃ
1423 1680 1568 1735 χρόνος.

361 1739 406 1781 O
433 1738 604 1788 θανατος
631 1738 666 1780 δ’
699 1737 899 1787 ἀθάνατός
928 1739 1046 1789 ἐστιν,
1073 1755 1124 1791 ην
1151 1738 1252 1787 ἅπαξ
1281 1755 1337 1786 τις
1365 1737 1560 1795 ἀποθάνῃ.

253 1809 387 1847 Statim
418 1815 543 1846 autem
569 1808 736 1846 Sotionis
763 1806 834 1844 fide
862 1807 1026 1844 citantur
1052 1819 1183 1844 versus
1213 1805 1359 1857 quidam
1388 1805 1559 1844 eiusdem
1585 1818 1697 1855 argu-

253 1865 370 1903 menti
399 1877 446 1902 ex
475 1862 641 1901 eiusdem
672 1864 804 1913 po‘e'tae
832 1861 1168 1899 Asotodidascalo:
1214 1875 1321 1912 quam
1352 1862 1511 1899 fabulam
1543 1862 1598 1906 is,
1635 1860 1698 1911 qui

253 1921 410 1971 loquens
450 1918 660 1963 inducitur,
708 1925 822 1968 negat
858 1930 898 1955 se
938 1931 1095 1968 unquam
1131 1917 1295 1963 vidisse,
1341 1917 1507 1968 quamvis
1551 1914 1696 1956 mediae

254 1974 471 2014 comoediae
510 1973 677 2011 dramata
719 1974 801 2024 plus
839 1973 1051 2023 octingenta
1089 1973 1249 2022 legerit,
1299 1985 1500 2024 eorumque
1543 1971 1696 2021 eclogas

254 2032 412 2070 fecerit:
447 2030 509 2067 ubi
533 2031 685 2079 eclogas
713 2036 823 2066 vocat
851 2035 1031 2079 etz-empta
1048 2027 1163 2081 †††)
1194 2027 1373 2079 quaedam
1404 2041 1450 2066 ex
1478 2028 1533 2065 eis
1563 2026 1697 2064 sabulis

254 2086 457 2124 memoriae
499 2097 657 2130 caussa,
710 2096 805 2135 quae
843 2084 1051 2134 insigniora
1086 2084 1316 2123 viderentur.
1385 2083 1499 2122 Tales
1542 2083 1697 2132 eclogae

329 2181 372 2217 *J
392 2183 428 2209 ut
445 2178 670 2212 Dalecampius
690 2178 945 2216 [nale-chaum),
967 2178 1057 2208 cuius
1076 2178 1295 2214 interpretatio
1310 2178 1428 2208 Latina
1447 2185 1472 2207 e.
1492 2180 1559 2207 not.
1579 2178 1696 2214 prodiit

251 2218 617 2256 Lugd.1583.FAES1.

328 2272 367 2298 ἢεῖ
367 2270 396 2306 ἐ)
425 2276 497 2306 pag.
523 2268 595 2297 334.
615 2270 650 2296 Ε.
690 2266 869 2297 Dindorfius
896 2275 966 2297 cum
993 2268 1302 2303 Schweighaeusero
1330 2261 1351 2309 ἡ
1383 2262 1505 2308 Βόλβη
1535 2261 1602 2307 τὴν
1627 2262 1693 2298 ἀπ.

250 2310 434 2355 Ὀλύνθῳ,
457 2310 519 2344 καὶ
543 2307 633 2343 κατὰ
651 2305 715 2342 τὸν
738 2319 773 2341 κ.
797 2319 827 2341 τ.

328 2372 422 2407 *xz-³2³)
450 2377 522 2405 pag.
550 2371 622 2399 335.
638 2371 676 2398 D.
723 2369 828 2397 Voces
855 2368 937 2397 duae
966 2363 1027 2396 καὶ
1055 2360 1356 2401 συνουσιαστικάς
1379 2376 1398 2398 e
1426 2368 1569 2404 pluribus
1594 2368 1693 2399 codd.

253 2425 336 2447 nune
355 2418 521 2451 receptae3
550 2416 607 2444 sed
626 2407 839 2455 βοαστικοῖς,
868 2419 963 2447 quum
985 2420 1094 2441 omnes
1115 2414 1274 2443 Athenaei
1293 2414 1366 2443 libri
1386 2416 1418 2444 et
1437 2414 1545 2451 scripti
1565 2417 1597 2444 et
1616 2414 1694 2445 editi

254 2461 425 2490 exhibeant
443 2451 637 2500 βρωτικόες,
666 2457 784 2487 Mureti
805 2456 910 2491 operis
932 2455 1057 2485 ιίᾱειιιι·
1077 2457 1275 2487 tribuendum
1295 2466 1378 2487 esse.

328 2513 374 2553 T)
396 2520 466 2549 pag.
486 2513 558 2543 336
574 2513 615 2542 A.
642 2509 808 2541 λέλυνται
828 2509 981 2547 eunom,
1010 2508 1191 2540 λέλειπται
1213 2513 1350 2541 'I'zetzes
1370 2511 1450 2541 Chil.
1472 2513 1524 2540 111.
1545 2511 1617 2542 457.

329 2567 404 2609 {vi-J
425 2575 496 2604 pag.
516 2568 588 2597 336.
606 2566 641 2596 C.
680 2567 802 2595 Versus
822 2565 916 2594 sumti
938 2568 1011 2594 sunt
1034 2574 1075 2595 ex
1096 2567 1221 2605 fabula,
1242 2567 1292 2596 cui
1312 2574 1425 2596 nemen
1444 2567 1694 2609 Γυναικοκρα-

250 2613 308 2647 vla
321 2634 330 2651 ‚
359 2621 441 2649 quae
460 2612 537 2642 alibi
556 2610 688 2641 Alexidi
718 2611 881 2647 tribuitur,
911 2611 1062 2645 Amputat
1083 2620 1174 2647 vero,
1206 2619 1299 2646 quem
1317 2614 1426 2647 paullo
1446 2616 1519 2642 ante
1539 2617 1692 2644 memorat

250 2663 454 2694 AthenaeuS‚
486 2655 737 2697 Γυναικομαι
721 2666 768 2685 ια
810 2657 931 2692 Quare,
963 2656 1062 2691 inquit
1083 2634 1279 2693 Dindoriius,
1310 2660 1368 2686 aut
1388 2657 1419 2686 in
1439 2659 1549 2687 comici
1577 2662 1631 2688 aut
1658 2660 1690 2689 in

250 2702 378 2730 fabulae
394 2699 519 2728 nomine
539 2705 666 2728 errasse
688 2699 815 2728 videtur
833 2698 1027 2726 Athenaeus.
1069 2700 1103 2727 111
1111 2700 1210 2745 ipsis
1230 2699 1337 2728 verbis
1357 2698 1537 2729 distinctum
1559 2703 1590 2730 et
1609 2701 1692 2730 scri-

248 2746 337 2778 ptum
362 2749 382 2770 a
401 2741 578 2770 Dindortio:
585 2734 742 2790 θνητὸς
774 2733 793 2770 ὁ
822 2738 899 2776 βίος
924 2735 1044 2789 ὀλιγος
1078 2734 1165 2770 οὑπὶ
1190 2739 1237 2784 γῇ
1267 2734 1420 2784 χοόνος·
1448 2737 1647 2779 Ἀθάνατος
1670 2736 1690 2774 ὁ

247 2781 409 2820 θάνατός
434 2780 551 2822 ἐστιν,
578 2776 626 2815 ἂν
652 2778 716 2815 ἃπ.
739 2793 791 2818 τις
814 2778 938 2813 ἀποθιῗ
932 2793 997 2827 νη.

321 2837 422 2878 {ul-T)
443 2837 528 2866 idem
547 2836 609 2866 iam
630 2837 782 2868 docuerat
802 2837 968 2866 Turnebus
988 2837 1163 2867 Adversar.
1184 2836 1240 2868 lib.
1260 2838 1314 2868 IX.
1333 2844 1402 2874 cap.
1423 2838 1473 2883 22,
1513 2840 1626 2870 russi.
