1726 3106
128 959 170 989 46

189 135 245 178 42
750 135 878 175 VAR.
909 134 1064 176 LECT.

192 248 332 299 inquit,
365 261 387 285 ο
418 248 546 292 cmo,
576 247 667 285 bene
695 248 870 285 evenmt:
901 260 932 284 ει
963 247 1016 284 eta
1045 247 1117 285 dcis
1145 261 1235 287 ame
1227 261 1300 286 nm
1332 254 1413 294 est,
1442 249 1497 285 eta
1526 253 1620 285 esto.

191 305 276 352 Ego
319 310 440 341 tamen
476 315 556 340 eam
595 303 705 339 hodie
740 309 933 340 venturam
972 314 1044 340 non
1070 309 1175 352 puto.
1230 300 1331 342 ”Att
1350 334 1361 352 ‚
1399 295 1430 342 ὦ
1456 301 1624 371 Κρίτων,

191 355 284 416 τύχῃ
309 354 451 424 ἀγαθῇ.
509 357 546 396 εἰ
571 353 689 423 ταύτῃ
714 360 794 403 τοῖς
820 360 929 403 θεοῖς
958 357 1096 406 φίλον,
1132 355 1248 412 ταύτῃ
1278 358 1381 398 ε’στω.
1425 354 1472 397 οὗ
1500 355 1626 407 μέντοι

195 416 300 463 οἶμαι
343 411 494 466 ἡξειν
501 409 594 451 αὐτὸ
643 427 816 464 τημερον.
888 412 938 449 Et
978 413 1011 449 in
1048 412 1201 464 Tbeage
1218 413 1293 480 ³‘⁴‘)·
1332 411 1430 452 Ἐὰν
1468 411 1536 463 μὲν
1573 413 1626 465 τῷ

193 471 276 522 θεῷ
315 468 429 517 φίλον
467 467 516 522 ᾐ,
558 463 661 506 πάνυ
700 465 798 506 πολὺ
835 463 1053 515 ἔπιδώσεις,
1095 467 1159 507 καὶ
1196 466 1300 521 ταχύ.
1357 469 1409 506 Et
1447 468 1540 505 libro
1569 451 1622 504 Χ.

194 519 338 572 Legum
358 521 457 574 **):
506 519 563 561 Τὰ
599 521 667 574 μὲν
699 516 771 562 οὖν
798 521 839 562 δὲ
862 526 938 562 τῶν
971 520 1137 572 ἆοχαίων
1157 523 1261 576 πέοι,
1299 524 1519 577 μεθείσθω,
1561 521 1626 561 καὶ

193 577 371 630 χαιοέτω,
419 576 484 616 καὶ
510 575 586 628 όπη
620 582 747 618 θεοῖσι
781 579 916 631 φίλον,
953 577 1122 631 λεγέσθω
1157 578 1285 635 ταύτῃ.
1352 580 1445 618 Tale
1483 589 1627 630 quoque

195 640 254 671 est
282 632 371 670 iliud
401 631 724 686 Aeschyliss'ffissp

417 733 475 738 -
499 735 554 740 -
581 734 636 742 -
666 726 717 758 ως
745 708 853 766 μάθῃ
879 710 916 750 τί
942 707 1011 763 χρὴ

554 762 564 779 2
601 763 620 778 Ἃ

414 767 551 818 Δρῶντ
592 783 617 817 η
646 765 802 820 λέγοντα
829 752 982 818 δαίμοσι
1009 761 1186 819 πράττειν
1212 765 1316 816 φίλα.

192 839 268 879 Sed
305 848 343 879 et
378 842 439 880 illa
471 856 542 880 non
573 842 767 882 dissimilia
800 842 974 897 sunt†):
1007 839 1267 894 Πουλυδαμα,
1310 839 1358 882 σῦ
1381 841 1449 894 μὲν
1477 838 1549 881 οὔκ
1578 836 1628 880 ἔτ’

193 895 278 947 ἐμοὶ
305 897 399 947 φίλα
426 895 534 936 ταῦτ’
569 894 786 951 ἇγορεύειςε
824 907 862 937 et
890 901 925 937 in
958 899 1165 949 Protagora
1182 898 1290 965 Ἠὴῗε
1333 898 1370 937 εἴ
1406 910 1467 937 σοι
1491 897 1631 948 φίλον.·

194 960 232 990 et
259 952 355 1002 apud
385 952 603 1003 Euripidem
635 955 671 991 in
703 955 794 992 lone
807 953 942 1007 †††)‚
972 957 1025 1009 τῷ
1055 957 1138 993 θεῶ
1162 951 1234 1006 γὰρ
1258 954 1309 1005 ἠν
1337 953 1465 1003 φίλον.
1521 951 1634 989 Eius-

191 1006 349 1058 demque
380 1009 530 1057 generis
557 1009 644 1047 alia.
706 1010 828 1061 Saepe
858 1017 979 1048 autem
1012 1011 1150 1073 monui,
1183 1010 1324 1046 solitum
1356 1007 1549 1045 Horatium
1581 1007 1637 1043 in-

193 1062 404 1114 spergenda
429 1065 576 1115 scriptis
596 1065 675 1102 suis
697 1065 917 1103 Graecitate
939 1065 1053 1103 salem
1078 1066 1134 1103 eis
1157 1078 1199 1102 ac
1218 1064 1411 1104 Venerem
1434 1073 1632 1114 quaerere.

677 1205 959 1246 CAPUT
1013 1206 1153 1247 XIII.

261 1284 433 1323 Platonis
462 1285 566 1323 locus
594 1298 798 1323 conversus
826 1298 849 1323 a
883 1287 1065 1324 Cicerone
1093 1287 1131 1323 in
1158 1285 1385 1331 Hortensio,
1425 1283 1464 1322 ia
1493 1295 1565 1334 quo

609 1342 809 1379 Mamilius
838 1341 970 1379 leviter
1000 1342 1127 1392 lapsus
1154 1346 1222 1378 est.

195 1418 292 1484 Qm
329 1446 391 1477 aut
425 1438 665 1490 aucupandae
703 1440 825 1477 inanis
870 1440 1049 1490 gloriolae
1090 1438 1239 1485 studio,
1287 1445 1350 1476 aut
1390 1435 1636 1475 convincendi

192 1496 311 1546 magis
342 1507 446 1545 quam
477 1494 632 1532 docendi
663 1494 868 1533 adversarii
899 1496 1019 1545 gratia
1051 1494 1253 1544 disputant,
1286 1495 1310 1531 ii
1343 1494 1485 1531 acriter
1502 1505 1638 1543 urgere

191 1565 235 1590 ac
267 1563 437 1601 premere
471 1563 554 1587 eum
586 1551 729 1587 solent:
761 1563 880 1601 neque
910 1551 1006 1595 fere,
1036 1551 1064 1587 si
1098 1549 1183 1600 quid
1214 1550 1294 1598 ipse
1323 1547 1639 1586 inconsideratius

193 1613 257 1645 aut
285 1607 432 1652 fassus,
473 1613 537 1642 aut
566 1606 742 1642 infitiatus
775 1612 856 1648 est,
895 1605 1092 1642 mutandae
1133 1611 1261 1654 postea
1295 1604 1504 1641 sententiae
1535 1610 1639 1653 pote-

194 1668 326 1699 statem
365 1662 508 1700 facere.
567 1659 620 1698 At
661 1661 721 1712 qui
762 1661 957 1698 veritatem
991 1660 1098 1697 modo
1129 1660 1164 1695 in
1198 1658 1418 1709 disputando
1453 1664 1636 1709 spectant,

194 1724 232 1755 et
261 1716 397 1754 docere
436 1729 526 1761 eos,
559 1729 641 1753 cum
681 1716 813 1765 quibus
852 1723 993 1766 agunt,
1033 1716 1182 1759 volunt,
1225 1715 1421 1765 aequiores
1452 1714 1641 1751 liberalio-

198 1784 335 1823 resque
375 1780 483 1817 sun13
526 1784 647 1821 neque
677 1770 722 1808 ad
752 1772 873 1808 vivum
905 1771 1025 1808 onmia
1067 1777 1241 1808 resecant
1259 1767 1329 1820 ’ἢκ
1377 1767 1443 1806 sed
1492 1768 1639 1819 siquid

195 1829 251 1874 is,
291 1828 435 1877 quicum
462 1840 585 1864 sermo
616 1833 697 1872 est,
744 1825 914 1872 dederit,
954 1827 1059 1863 cuius
1087 1833 1214 1875 postea
1244 1824 1319 1861 dati
1345 1825 1558 1875 poeniteatg.
1603 1824 1640 1861 in

196 1896 242 1920 eo
280 1896 350 1919 non
385 1881 609 1933 pertendunt
638 1883 902 1932 pervicacesve
940 1889 1047 1921 sunt:
1089 1879 1371 1931 iubentibusque
1402 1880 1520 1930 ipsis,
1558 1891 1641 1916 cor-

195 1939 322 1988 rigere
354 1950 418 1982 se,
456 1938 516 1988 qui
548 1937 618 1973 sibi
654 1938 778 1988 lapsus
811 1937 985 1983 videtur,
1022 1943 1159 1987 potest.
1220 1934 1260 1973 Id
1292 1948 1331 1972 se
1363 1935 1517 1981 facere,
1559 1947 1644 1972 cum

197 1993 411 2043 significare
447 1992 561 2029 vellet
592 1992 769 2030 Socrates
808 1993 844 2030 in
877 1992 1119 2042 Hippaicho,
1159 1991 1322 2040 eleganti
1363 1989 1558 2027 admodum
1590 1990 1640 2027 si-

196 2047 402 2087 militudine
434 2060 523 2084 usus
554 2054 633 2092 est,
669 2054 811 2098 sumpta
838 2061 858 2084 a
887 2047 973 2085 ludo
1003 2047 1081 2083 XII
1110 2047 1332 2095 scriptorum
1349 2042 1438 2093 ΗΞ),
1471 2045 1528 2082 his
1557 2058 1642 2083 ver-

197 2104 255 2142 bis
270 2100 397 2156 ἢῆ.
423 2098 539 2141 Ἀλλὰ
567 2099 644 2153 μὴν
671 2117 759 2151 και,
790 2100 912 2155 ὥςπερ
940 2098 1140 2150 πεττεύων,
1169 2099 1290 2140 ἐθέλω
1318 2111 1379 2139 σοι
1407 2099 1448 2139 ἐν
1477 2103 1556 2147 τοῖς
1582 2097 1643 2140 λό-

197 2262 251 2290 tus
276 2262 371 2295 atque
398 2258 587 2295 suetonius,
618 2258 673 2288 ille
703 2258 821 2288 Annal.
848 2256 902 2285 lib.
923 2258 962 2285 11.
992 2263 1061 2291 cap.
1083 2256 1134 2284 24.
1160 2254 1215 2284 lib.
1235 2254 1294 2284 IV.
1318 2261 1387 2290 cap.
1407 2256 1457 2286 27.
1486 2255 1538 2284 hic
1556 2256 1640 2291 Aug.

198 2305 268 2334 cap.
289 2299 339 2327 98.
363 2299 451 2326 Galo.
473 2304 541 2332 cap.
564 2296 612 2325 10.

273 2346 318 2381 -:::-)
340 2353 410 2381 pag.
434 2345 505 2374 130.
542 2346 577 2373 Ε.
596 2345 642 2373 st.

272 2400 339 2436 3³1³)
360 2407 432 2436 pag.
449 2399 520 2428 886.
548 2400 587 2427 D.
605 2400 651 2427 St.
694 2397 920 2433 Reponendum
942 2404 983 2425 ex
1004 2396 1076 2426 edit.
1099 2405 1145 2433 pr.
1166 2389 1209 2424 τὰ
1230 2389 1302 2436 μὲν
1324 2381 1391 2424 οὖν
1414 2386 1472 2432 δή.

272 2455 367 2491 *za-*J
387 2455 547 2483 Prometh.
567 2462 599 2483 v.
620 2453 682 2484 600
702 2461 749 2488 sq.
787 2454 875 2482 Nunc
895 2453 997 2482 editur
1018 2443 1066 2482 ὦς
1086 2445 1204 2489 μάθοι
1228 2454 1261 2483 et
1282 2445 1470 2493 δαίμοσιν.

274 2502 321 2542 ⁶2⁴)
342 2502 431 2531 Iliad.
451 2501 503 2530 lib.
525 2503 593 2530 XII.
615 2509 646 2530 v.
668 2502 740 2530 231.

274 2550 349 2589 ††)
370 2556 442 2585 pag.
462 2551 535 2578 353.
573 2551 609 2579 Β.
633 2552 679 2578 st.

274 2598 378 2638 †††)
400 2606 431 2627 v.
453 2597 504 2627 14.

274 2647 318 2682 522)
339 2645 548 2676 proverbiale
565 2644 713 2680 loquendi
733 2652 849 2683 genu&
871 2645 936 2674 vid.
959 2644 1022 2674 Cic.
1044 2645 1146 2674 Amic.
1167 2653 1236 2679 ean.
1258 2646 1287 2675 5.
1308 2645 1340 2682 S.
1365 2646 1412 2674 18.

274 2695 344 2730 ;·‚;-:·‚;-)
364 2694 446 2723 Vide
471 2693 615 2722 Lambini
642 2693 812 2727 epistolam
839 2696 860 2723 l.
890 2702 916 2723 c.
947 2701 1017 2729 pag.
1037 2694 1112 2722 398.
1151 2695 1188 2722 D.
1215 2695 1244 2722 R
1280 2710 1318 2715 —
1355 2692 1528 2724 Lambinus
1556 2690 1637 2720 enim

200 2733 347 2763 scribtum
366 2731 462 2760 scribi
484 2732 562 2760 vult.
601 2733 712 2760 FAESI.

276 2779 371 2814 δ’ἐξ-ΞΕ)
400 2786 471 2814 pag.
500 2779 572 2808 229.
610 2780 644 2807 Ε.
668 2780 715 2806 St.
763 2779 862 2813 Quem
888 2778 991 2806 locum
1017 2777 1180 2807 Marsilius
1207 2777 1354 2815 FicinuS‚
1384 2785 1405 2808 a
1432 2778 1558 2807 Mureto
1587 2777 1638 2805 le-

201 2817 287 2847 niter
306 2817 499 2853 castigatus,
520 2817 753 2851 interpretatus
773 2819 821 2844 est
841 2818 902 2844 hoe
921 2816 1029 2843 modo:
1050 2817 1145 2850 Atqui
1163 2817 1234 2844 volo
1253 2817 1319 2850 tibi,
1339 2817 1467 2850 perinde
1485 2823 1523 2843 ac
1541 2816 1568 2843 εἰ
1587 2816 1637 2842 ta-

202 2856 242 2884 lis
260 2856 412 2892 luderem,
433 2855 606 2884 retractare
625 2855 770 2889 quidquid
787 2861 829 2882 ecc
848 2854 1061 2888 superioribus
1079 2854 1169 2889 libet,
1188 2860 1228 2882 ue
1246 2855 1276 2882 te
1294 2855 1453 2889 deceptum
1471 2853 1636 2882 existimes.
