1778 3096
558 91 659 130 LlB.
694 90 805 130 xm.
868 91 986 133 CAP.
1019 94 1108 132 ΧΗ.
1469 95 1550 135 2θῦ

111 205 208 244 enim
240 204 353 248 tanti,
385 200 571 252 corrumpi
602 201 710 239 ollam
744 201 842 239 illam
872 202 983 240 lentis
1010 200 1222 254 Aegyptiae
1248 209 1286 241 et
1315 203 1545 251 cucurbitae,

109 260 191 298 dum
223 258 483 311 quaestioncS,
518 269 611 307 quae
640 257 853 308 propositae
886 266 1015 303 erant,
1051 258 1341 309 explicarentur.
1404 260 1544 297 Saltem

108 316 179 353 olla
222 326 337 352 vacua
379 312 488 362 pleno
528 319 657 350 ventre
695 311 899 350 rediissent
947 312 992 350 ad
1033 312 1299 363 disputationes
1337 315 1539 352 institutas.

108 369 202 414 Sed,
230 376 270 406 ut
299 368 446 418 opinor,
473 380 544 404 una
572 380 651 404 cum
679 367 752 405 olla
778 366 1018 405 deferbuerat
1036 369 1147 406 etiam
1176 368 1289 407 ardor
1315 369 1541 420 disputandi.

105 423 287 474 Equidem
318 425 366 459 ita
397 435 546 472 semper
575 424 704 473 accepi
732 423 777 460 ab
809 423 867 466 iis,
894 423 1024 472 quibus
1056 425 1175 461 omnis
1206 437 1320 475 prope
1339 437 1472 462 census
1504 425 1542 461 in

106 478 187 517 oleo
215 485 295 523 est,
329 477 451 514 oleum
482 478 623 527 frigore
653 490 890 515 crassescere
927 477 1097 528 quidem,
1139 479 1206 516 sed
1236 493 1418 530 nunquam
1452 492 1542 517 con-

102 534 311 585 gelascere.
364 532 463 580 Quin
487 533 583 578 etii,
607 534 666 584 qui
691 533 926 582 conglaciare
952 545 1102 583 usquam
1134 542 1272 583 negant
1301 548 1418 581 mare,
1442 536 1544 572 inter

102 596 249 627 ceteras
279 601 356 625 cam
388 601 532 638 quoquc
559 601 726 625 caussam
757 587 946 633 adferunt,
971 587 1070 638 quod
1101 588 1243 626 innatet
1272 591 1362 626 mari
1393 590 1542 640 pinguis

101 643 246 695 quidam
285 650 324 679 et
361 643 434 680 olei
472 643 604 680 similis
645 644 788 682 humor.
856 641 907 679 Et
946 642 1136 680 Heracleo
1178 644 1214 680 in
1254 644 1390 682 lliados
1437 643 1540 695 45³⁶)

101 710 294 750 numquam
324 698 377 734 ait
406 699 640 748 conglaciare
669 699 790 736 oleum
817 704 969 748 propter
996 698 1173 743 calorem,
1205 699 1265 748 qui
1296 700 1331 736 ei
1360 699 1540 737 admistus

100 762 179 792 cst·
213 751 254 792 τὸ
284 752 422 800 ἔλαιον,
453 754 588 803 inquit,
620 750 691 792 οὐκ
720 750 1105 805 ἇποκρυσταλλοῦται,
1133 751 1232 791 πολὺ
1261 753 1344 804 ε’χον
1370 754 1411 793 ἐν
1437 751 1543 808 αὐτῷ

99 806 141 849 τὸ
175 805 334 861 θερμόν.
392 808 443 845 Et
473 809 543 845 hoc
585 809 822 859 philosophus
853 809 1000 845 Taurus
1033 821 1265 859 cognoscere
1294 817 1462 860 potueiat
1492 823 1539 847 ex

99 865 318 902 Aristotelis
362 863 455 902 libro
488 871 618 914 quarto
647 863 969 913 Meteorologicon
986 862 1085 915 Μ),
1132 863 1191 901 ubi
1232 863 1341 902 docet
1376 877 1538 901 summus

98 919 370 970 Philosophus,
411 915 497 958 οὔτε
532 916 607 957 ὑπὸ
646 922 799 970 ψυχοου
831 917 1057 972 πηγνυσθαι
1091 914 1133 957 τὸ
1164 918 1309 968 ἔλαιον,
1351 916 1437 958 ούτε
1462 915 1538 958 ’ὑπὸ

97 972 242 1026 πυρὸς,
283 971 376 1013 ἀλλὰ
404 970 471 1013 ὑπ’
504 972 650 1024 ἀμφοῖν
678 973 937 1025 παχύνεσθαι
979 981 1175 1024 propterea
1205 974 1300 1024 quod
1334 975 1433 1012 ae'ris
1463 975 1540 1025 ple-

97 1044 181 1068 num
214 1031 282 1067 sit:
316 1043 362 1067 ex
389 1042 460 1079 quo
484 1031 592 1066 etiam
624 1031 721 1075 lieri,
752 1037 790 1066 ut
819 1043 936 1080 aquae
962 1030 1125 1067 innatet:
1156 1028 1251 1080 quod
1278 1030 1396 1080 ipsum
1426 1029 1541 1067 tradit

98 1093 136 1123 et
164 1086 257 1122 libro
287 1098 411 1122 secun
408 1086 450 1121 lo
481 1083 526 1121 de
546 1084 802 1122 Generatione
833 1085 1063 1129 animalium,
1086 1084 1146 1121 ubi
1179 1086 1229 1122 ita
1261 1085 1398 1135 legitur
1413 1082 1537 1135 ww).

98 1140 139 1180 ἓν
167 1144 248 1185 τοῖς
274 1137 412 1190 ψύχεσι
450 1137 491 1177 δὲ
519 1138 585 1178 καὶ
618 1136 768 1207 πάγοις
785 1136 990 1191 παχύνεται
1015 1137 1058 1178 τὸ
1089 1139 1238 1187 ἔλαιον,
1281 1154 1471 1205 πηγνυται
1498 1136 1535 1178 δ’

96 1192 154 1234 οὔ.
192 1192 256 1233 διὰ
283 1193 350 1245 μὲν
378 1191 450 1246 γὰο
479 1190 697 1246 θερμότητα
726 1192 773 1234 οὗ
801 1193 1001 1247 πήγνυται.
1040 1210 1060 1234 ο
1091 1191 1213 1246 γὰο’
1193 1210 1266 1246 αηο
1298 1190 1447 1246 θερμὸν
1473 1194 1540 1234 καὶ

94 1265 275 1301 απηκτον.
334 1249 392 1286 Ac
432 1249 620 1294 dicerem,
661 1249 821 1286 Gellium
857 1252 907 1286 ita
946 1250 1197 1294 intellexisse,
1243 1263 1315 1286 non
1353 1250 1459 1299 plane
1499 1250 1538 1286 in

95 1313 255 1344 crustam
298 1316 547 1341 concrescere
584 1304 724 1350 oleum,
765 1303 831 1342 sed
861 1305 1026 1341 crassius
1064 1317 1107 1341 ac
1137 1303 1289 1341 densius
1318 1304 1420 1350 ficri,
1464 1305 1534 1341 nisi

93 1374 248 1413 puerum
278 1366 407 1411 aperte
438 1365 600 1397 utentem
632 1359 788 1397 fecisset
822 1359 936 1398 verbo
965 1355 1371 1411 xenovotciltkwwt†).

589 1489 872 1529 CAPUT
929 1490 1032 1528 XII.

142 1568 310 1607 Iucunda
341 1569 515 1605 narratio
544 1581 658 1617 snper
686 1568 932 1617 ambiguitate
960 1570 1115 1607 voculae
1146 1569 1361 1614 cuiusdam,
1394 1580 1490 1619 qaae

286 1623 429 1660 duobus
460 1624 726 1660 erudczztcsz‘mele
754 1624 964 1661 hominibus
992 1637 1161 1662 errorem
1193 1624 1342 1661 obiecit.

91 1704 443 1760 Ix'runPnE'rABAR
480 1734 599 1772 nuper
626 1721 770 1772 publice
800 1722 930 1759 librum
960 1723 1152 1768 Senecae,
1194 1736 1264 1773 quo
1296 1729 1444 1760 sanctus
1471 1713 1534 1759 ille

93 1778 332 1829 philosophus
373 1777 539 1827 quaerit,
582 1790 695 1827 quare
735 1777 828 1815 mala
859 1779 965 1814 bonis
1004 1780 1094 1815 viris
1132 1777 1324 1822 accidant,
1371 1791 1453 1814 cuin
1486 1777 1535 1814 sit

92 1834 349 1871 Providentia.
408 1832 575 1883 Cumque
604 1840 750 1869 ventum
786 1840 887 1870 esset
915 1833 959 1870 ad
989 1847 1068 1871 cam
1100 1832 1363 1885 pa1·te1n†·])‚
1395 1833 1431 1869 in
1463 1845 1534 1882 qua

93 1890 172 1940 ipse
198 1889 363 1939 graviter
394 1888 599 1924 insectatur
629 1888 748 1925 luxum
775 1896 978 1938 temporum
1011 1902 1179 1935 suorum,
1207 1889 1358 1931 accidit,
1394 1894 1432 1924 ut
1462 1900 1532 1937 ego

94 1957 237 1995 quoque
275 1945 311 1980 in
342 1956 386 1981 eo
419 1943 499 1980 loco
532 1942 724 1979 tractando
762 1956 1017 1981 enumerarem
1050 1944 1161 1981 multa
1193 1957 1334 1994 genera
1365 1943 1534 1992 peregri—

95 2013 222 2037 narum
261 2000 404 2043 avium,
446 2011 535 2048 quas
574 2006 721 2035 veteres
749 1998 908 2036 Romani
944 2012 964 2037 e
993 2000 1252 2036 remotissimis
1282 1998 1397 2049 totius
1431 1998 1533 2035 orbis

94 2054 260 2106 partibus
293 2055 424 2104 petitas
449 2054 585 2091 mensis
620 2054 759 2090 inferre
789 2055 886 2091 soliti
917 2062 1058 2092 essent.
1109 2054 1223 2092 Venit
1244 2052 1289 2091 ad
1323 2066 1379 2090 me
1409 2052 1532 2090 triduo

95 2117 177 2161 post
208 2123 300 2146 unus
333 2122 477 2154 eorum,
503 2109 562 2160 qui
586 2116 658 2145 tuin
691 2110 955 2157 interfuerant,
983 2110 1090 2147 homo
1122 2116 1158 2147 et
1191 2123 1256 2146 suo
1283 2108 1421 2146 iudicio
1449 2121 1533 2144 eru-

94 2164 312 2211 ditissimus,
340 2171 377 2202 et
407 2176 489 2201 meo
520 2177 591 2201 non
625 2164 846 2202 ineruditus.
905 2165 1015 2215 Isque
1046 2178 1127 2202 cum
1157 2165 1294 2216 aliquot
1324 2177 1343 2201 e
1376 2163 1532 2200 familia-

93 2220 197 2257 ribus
229 2221 320 2258 mcis
352 2232 492 2257 mecum
522 2233 595 2257 una
625 2232 709 2258 esse
739 2219 914 2266 vidisset,
957 2219 1234 2258 dissimulanter
1263 2218 1432 2269 quidem,
1466 2217 1533 2254 sed

95 2275 147 2312 ila
175 2282 315 2320 tamen,
345 2282 385 2312 ut
414 2275 606 2312 artificium
637 2283 852 2325 appareret,
877 2277 1001 2326 coepit
1030 2288 1180 2326 operam
1205 2275 1311 2318 (lare,
1343 2281 1382 2310 ut
1410 2286 1533 2310 sermo

94 2338 222 2367 noster
253 2330 335 2367 aliis
367 2329 412 2366 de
443 2330 553 2368 rebus
582 2337 775 2381 susceptus
806 2331 842 2368 in
881 2333 1103 2371 mentionem
1136 2331 1217 2368 eius
1256 2329 1531 2380 disputationis,

95 2398 189 2436 quae
218 2385 341 2423 triduo
378 2392 465 2423 ante
494 2398 516 2423 a
545 2398 602 2423 me
644 2386 767 2424 habita
803 2393 909 2433 erat,
951 2387 1090 2424 sensim
1126 2385 1378 2424 delaberetur.
1438 2384 1533 2422 Tum

169 2493 213 2529 »τ’-ἓ)
233 2501 265 2523 v.
286 2495 357 2523 281.
379 2494 410 2522 in
430 2494 504 2524 min.
525 2495 642 2524 Scholl.
681 2495 779 2531 Quasi
800 2495 956 2524 Heracleo
977 2503 1086 2525 eorum
1105 2497 1216 2525 auctor
1236 2496 1333 2525 esset.
1373 2494 1491 2523 Womr.

168 2542 238 2577 ³22³)
258 2549 326 2578 cap.
349 2543 377 2571 7.

170 2591 262 2626 ‘jak-23]
283 2598 350 2626 cap⁴
372 2592 400 2620 2,

169 2637 214 2676 †)
245 2640 328 2667 Nihil
358 2643 462 2668 tamen
490 2639 562 2667 inde
594 2638 742 2675 efficitur3
771 2648 849 2675 puer
876 2639 959 2669 enim
988 2647 1050 2668 non
1078 2639 1182 2676 serio,
1214 2640 1271 2668 sed
1299 2639 1409 2666 iocans
1437 2637 1536 2665 verbo

93 2676 404 2720 κεκρυστάλλωται
425 2690 503 2711 usus
524 2689 596 2710 esse
616 2682 750 2710 videtur.
793 2685 918 2711 'l'aurus
939 2685 1044 2711 aulem
1071 2682 1103 2709 in
1125 2680 1314 2716 quaestione
1336 2679 1536 2715 proponenda

93 2722 172 2752 nihil
192 2723 278 2750 aliud
301 2730 395 2757 quam
416 2722 508 2751 facile
529 2725 559 2751 et
580 2729 677 2757 saepe
697 2724 801 2751 oleum
821 2724 905 2751 stare
926 2723 1063 2751 dixerat.
1103 2723 1214 2749 FAEsn

169 2768 242 2807 ††)
265 2771 303 2799 de
324 2770 534 2800 Providentia
560 2777 627 2804 cap.
647 2772 678 2799 3.
709 2771 748 2799 ad
779 2771 880 2800 verba
902 2771 1068 2807 pereyrina
1094 2769 1235 2805 aucupia.
1275 2767 1347 2798 vid.
1375 2768 1478 2798 schol.
1505 2767 1538 2797 in

94 2810 206 2838 senec.
230 2808 308 2844 Opp.
330 2810 417 2838 Tom.
438 2811 491 2840 111.
512 2815 582 2845 pag.
603 2808 655 2839 90.
694 2810 806 2839 FAESh

1565 868 1627 898 308
