1778 3096
501 129 603 168 LIB.
635 127 726 167 XII.
788 126 908 167 CAP.
939 126 1050 166 XIX.
1425 124 1507 167 2⁶53

62 239 271 292 respiciens
303 237 478 278 videlicet
505 237 550 276 ad
582 251 625 276 ea
654 238 826 283 vincula,
864 235 910 275 de
940 236 1072 288 quibus
1103 236 1355 287 Hippocrates
1384 234 1427 275 ἔν
1454 239 1507 291 τῷ

61 294 146 337 κατ’
177 296 340 348 ἰητρεῐον
354 294 417 344 ⁴⁵).
474 293 526 331 At
555 293 640 339 isti,
682 305 777 344 quae
807 293 1035 342 argumentis
1075 292 1289 330 fortissimis
1331 291 1508 329 roborata

64 359 171 397 sunt,
216 350 276 388 vel
312 349 579 398 scripturarum
618 348 867 393 testimoniis,
915 359 959 384 ea
997 346 1148 384 tradunt
1186 346 1232 384 ab
1272 347 1507 398 Hieronymo

64 406 137 445 dici
180 403 334 443 vinculis
365 404 609 454 Hippocratis
645 404 809 453 alligata.
871 400 982 448 Quod
1011 402 1044 438 si
1076 403 1157 452 quis
1188 402 1411 439 obstinatius
1442 400 1508 439 de-

64 459 221 500 fendere
272 457 431 504 audeat,
485 460 641 510 ipsemet
687 457 845 495 vinculis
885 457 1127 507 Hippocratis
1171 456 1377 507 alligandus
1423 469 1509 495 esse

64 515 246 555 videatur.
306 512 381 551 Sed
414 513 507 551 hacc
538 513 656 565 hydra
685 511 866 564 quaedam
894 517 967 552 est.
1023 510 1109 559 Quo
1143 512 1250 563 plura
1281 513 1403 565 capita
1433 524 1511 550 am-

62 570 273 623 putaveris,
308 569 412 620 plura
443 574 701 607 succrescunt.

520 711 809 752 CAPUT
870 710 1054 751 XVIII.

150 792 298 830 Dictum
324 792 480 842 elegans
508 793 564 830 Io.
596 791 764 830 Antonii
786 791 999 836 Lucutelli,
1031 790 1200 841 episcopi
1229 790 1426 828 Venusini.
1485 792 1513 838 J

66 872 203 932 VERE
234 901 272 933 et
297 896 466 946 graviter
492 893 620 933 dicere
649 894 795 932 solitum
828 895 978 932 memini
1007 894 1063 931 Io.
1096 893 1301 932 Antonium
1335 892 1513 932 Lucatel-

68 949 141 987 lum
155 947 257 1001 ³⁸³⁵),
289 957 327 988 et
354 951 472 988 virum
503 957 540 988 et
564 950 820 1002 philosophum
850 951 1043 1000 optimum,
1068 950 1128 1000 qui
1154 957 1285 1000 postea
1314 950 1512 1000 episcopus

68 1004 288 1043 Venusinus
330 1006 422 1052 fuit,
474 1013 560 1044 tunc
597 1012 719 1044 autem
759 1005 797 1042 in
836 1005 974 1042 familia
1014 1005 1138 1055 magni
1181 1005 1279 1042 illius
1316 1004 1513 1056 Hippolyti

68 1058 282 1098 Cardinalis
309 1060 569 1099 Ferrariensis
611 1074 752 1099 mecum
784 1061 1009 1098 amicissime
1045 1060 1423 1111 coniunctissimeque
1457 1060 1513 1097 vi-

67 1115 203 1160 vebat,
234 1114 330 1166 quod
355 1116 533 1154 Socrates
563 1117 599 1153 in
630 1116 714 1153 cibo
741 1129 785 1154 ac
814 1122 902 1166 potu
930 1114 1143 1153 faciendum
1174 1127 1260 1153 esse
1290 1115 1514 1162 monuisset,

68 1169 106 1208 id
136 1177 267 1207 contra
296 1171 379 1207 fieri
408 1178 583 1222 oportere
615 1171 650 1208 in
681 1171 750 1217 iis,
791 1171 922 1221 quibus
952 1171 1096 1207 animus
1125 1170 1303 1207 aleretur.
1364 1169 1516 1207 Etenim

68 1224 165 1275 apud
192 1225 484 1275 Xenophontem
500 1225 596 1277 iiim)
628 1226 807 1263 Socrates
838 1238 904 1263 eos
935 1225 1039 1262 cibos
1072 1238 1213 1261 summo
1243 1223 1365 1261 studio
1396 1225 1518 1262 vitan-

69 1279 137 1317 dos
175 1292 261 1318 esse
302 1280 415 1326 dicit,
458 1280 590 1332 quibus
623 1281 757 1326 etiam,
805 1280 868 1331 qui
905 1293 977 1317 non
1017 1279 1210 1323 esuriunt,
1252 1278 1298 1316 ad
1331 1278 1517 1318 edendum

69 1342 342 1386 provocantur:
387 1343 424 1373 et
450 1348 516 1373 eos
549 1342 680 1386 potus,
721 1336 781 1386 qui
814 1335 926 1372 etiam
959 1347 1032 1372 non
1076 1335 1263 1371 sitientem
1310 1333 1514 1381 adducunt,

70 1397 110 1428 ut
138 1390 253 1428 bibat.
314 1389 458 1429 Contra
494 1398 616 1428 autem
649 1391 675 1428 ii
707 1403 901 1428 sermones
939 1390 1122 1427 utilissimi
1158 1396 1243 1426 sunt
1278 1396 1388 1440 atque
1418 1391 1518 1428 omni

72 1444 193 1483 studio
222 1445 480 1492 consectandi,
503 1447 564 1497 qui
595 1446 631 1483 in
660 1447 794 1484 animis
813 1445 1073 1497 languentibus
1104 1445 1269 1483 excitant
1292 1445 1517 1496 cognitionis

73 1507 112 1539 et
141 1501 320 1539 scientiae
350 1500 604 1553 cupiditatem.

558 1646 590 1685 C
620 1645 658 1685 A
688 1645 720 1685 P
749 1645 786 1684 U
816 1645 851 1684 T
906 1636 1052 1684 xlx!

359 1725 591 1763 Emendatus
618 1725 753 1764 Plauti
778 1725 882 1763 locus
909 1737 930 1761 e
960 1721 1228 1761 Bacchidibus.

73 1802 240 1862 DEMUS
279 1823 417 1876 aliquid
449 1825 556 1873 istis,
597 1825 659 1875 qui
686 1824 859 1862 Plautum
897 1822 1020 1861 alieno
1057 1821 1184 1860 labore
1220 1820 1422 1860 emendare
1451 1835 1519 1860 cu·-

74 1879 194 1930 piunt,
225 1879 337 1930 quod,
372 1894 453 1918 cuin
484 1880 652 1928 libuerit,
682 1886 722 1917 ut
749 1880 893 1925 solent,
924 1878 1105 1930 arripiant
1133 1890 1200 1929 pro
1231 1890 1314 1916 suo.
1374 1877 1518 1916 Versus

77 1941 163 1972 sunt
193 1948 213 1973 e
242 1934 495 1973 Bacchidibus
512 1934 586 1989 †):

184 2014 385 2063 Postquam
415 2026 548 2050 nurum
575 2013 819 2058 abstulimus,
849 2012 887 2049 in
917 2023 1046 2049 navem
1077 2009 1373 2056 conscendimus,

186 2069 342 2106 Domum
368 2069 557 2118 cupientes
567 2096 579 2114 ,
598 2068 711 2119 fortc
741 2076 783 2105 ut
815 2067 952 2105 adsedi
976 2067 1014 2104 in
1043 2072 1168 2115 stega,

186 2124 282 2160 Dum
316 2124 607 2174 circumspecto:
640 2130 752 2173 atque
777 2135 846 2172 cgo
879 2128 954 2160 tum
985 2121 1140 2159 lembum
1169 2120 1383 2171 conspicor,

185 2180 355 2228 Longum
384 2185 440 2216 cst
466 2180 631 2229 rigorem
659 2177 864 2228 maleficum
894 2177 1137 2214 cmornnrz'cr.

79 2253 154 2292 Ubi
183 2253 272 2292 illud
299 2261 413 2306 atquc
440 2256 492 2294 ita
521 2256 680 2307 positum
711 2261 790 2302 est,
822 2260 862 2292 ut
888 2254 925 2291 in
952 2253 1016 2291 illo
1045 2253 1200 2303 Virgilii
1215 2251 1318 2304 ††),

187 2334 317 2383 Atque
347 2334 451 2371 illum
481 2334 518 2371 in
543 2346 728 2384 praeceps
751 2345 874 2383 prono
905 2333 1010 2382 rapit
1036 2332 1164 2369 alceus
1194 2330 1309 2367 amni.

82 2406 159 2446 Sed
189 2408 258 2446 hoc
288 2410 461 2447 fortassis
491 2423 619 2447 omncs
647 2409 789 2447 vident.
850 2408 990 2446 Eorum
1023 2414 1142 2445 autem
1175 2419 1346 2443 versuum
1377 2412 1524 2456 postre-

81 2477 177 2500 mum
207 2465 313 2515 quis,
345 2478 508 2516 quaeso,
545 2465 749 2516 iutelligit?
805 2466 960 2514 Str-lgas
986 2463 1168 2500 vocabant
1198 2462 1372 2499 mulieres
1409 2461 1525 2498 male-

82 2520 197 2564 ficas,
239 2533 329 2570 quas
366 2521 476 2558 etiam
512 2528 624 2558 noctu
662 2521 789 2560 volare
825 2518 1126 2558 arbitrabantur:
1172 2516 1377 2568 eodemque
1416 2514 1524 2554 modo

157 2653 201 2687 ›fit-J
222 2660 294 2687 pag.
315 2652 386 2682 740.
408 2654 455 2682 ed.
477 2655 568 2683 Foes.

157 2701 224 2737 δῖε-κε)
251 2701 322 2730 vid.
342 2703 422 2730 Mur.
444 2703 522 2737 Opp.
544 2704 633 2731 Tom.
655 2705 707 2733 111.
728 2711 800 2738 pag.
821 2703 894 2732 855.

156 2750 249 2785 *zzz-²)
272 2752 442 2779 Memorat).
463 2753 551 2781 socr.
570 2751 623 2780 lib.
644 2753 697 2781 111.
720 2759 790 2788 cap.
809 2753 839 2782 3.
861 2752 893 2787 ὅ.
914 2751 945 2781 6.

155 2797 202 2836 ἢ)
224 2800 260 2828 11.
280 2800 311 2835 3,
334 2799 385 2828 43.

154 2847 227 2886 ἢ)
249 2849 361 2883 Georg.
383 2850 407 2879 1.
428 2849 498 2879 203.

1542 1655 1606 1686 296
