1726 3106
554 115 655 153 LIB.
684 113 755 155 XI.
816 113 935 153 CAP.
966 115 1077 154 VllI.
1456 117 1538 160 247

102 225 306 264 inferorum
347 223 488 262 foribus
516 221 751 270 Cerberum,
795 230 832 262 et
861 223 1092 263 Acheruntis
1121 226 1457 272 transvectionem,
1495 234 1534 265 et

98 294 254 318 caussae
290 280 486 318 dictionem
525 278 571 317 ad
601 279 745 316 Minois
773 279 958 325 tribunal,
1000 287 1038 316 et
1069 281 1232 331 pertusis
1260 280 1368 318 doliis
1399 295 1530 332 aquam

98 335 311 373 haurientes
346 335 509 385 puellas,
549 340 586 372 et
624 334 767 371 Ixionis
805 334 876 370 sibi
919 333 1070 372 assidue
1109 336 1358 374 imminentem
1385 338 1527 386 fugam,

96 398 133 427 et
175 397 418 435 metuentem,
475 401 519 426 ne
566 396 628 426 aut
667 389 727 425 siti
769 395 831 425 aut
865 388 1118 439 ‚impendentis
1158 391 1240 428 saxi
1279 405 1367 429 casu
1406 390 1526 429 denuo

96 446 294 490 moriatur,
336 444 554 489 Tantalum,
597 450 634 481 et
673 451 785 480 totam
823 442 982 494 denique
1023 445 1118 482 illam
1151 446 1187 482 in
1217 445 1387 484 Plutonis
1416 446 1526 484 domo

94 500 345 550 tragoediam,
378 499 596 549 quicumque
628 512 674 536 ex
704 498 892 535 veteribus
925 498 1033 549 paulo
1063 499 1295 538 cordatiores
1325 508 1454 548 erant,
1486 503 1524 540 in

94 556 318 592 somniorum
358 561 419 591 aut
456 555 602 591 anilium
635 554 848 591 fabellarum
880 552 962 590 loco
990 567 1138 606 semper
1167 555 1387 596 habuerunt.
1446 557 1523 595 Ita-

92 622 163 660 que
201 617 239 647 et
269 609 405 647 Cicero
444 610 560 659 primo
597 609 690 646 libro
718 606 1067 658 Tusculanarum*)
1108 622 1152 646 ea
1190 610 1350 649 irridere
1391 625 1434 649 ac
1469 613 1524 663 pi-

91 671 232 702 ctorum
272 671 309 701 et
345 667 533 714 poctarum
572 671 740 714 portenta
772 676 906 701 vocare
934 677 1006 701 non
1036 671 1215 711 veretur,
1247 678 1341 715 quae
1372 669 1526 705 convin-

89 731 178 756 cere
222 719 313 756 nihil
355 719 494 769 negotii
535 720 607 755 sit:
659 726 696 756 et
732 718 886 756 aliorum
928 719 1131 769 quamlibet
1166 720 1276 757 multa
1312 722 1525 760 testimonia

89 774 214 824 colligi
252 781 427 824 possunt,
469 787 516 811 ex
551 774 682 824 quibus
721 780 889 819 constet,
932 773 1085 811 eandem
1118 774 1263 812 illorum
1293 789 1436 827 quoque
1467 777 1524 814 his

88 828 134 866 dc
168 829 280 866 rebus
308 829 422 866 fuisse
456 830 692 866 sententiam.
752 828 827 866 Sed
858 835 891 866 et
921 830 1197 880 antiquissimus
1228 833 1419 881 poctarum
1443 832 1525 869 Ho-

86 897 211 922 merus
251 891 348 922 tecta
377 883 528 935 quadam
561 884 769 922 urbanitate
800 884 1047 934 significavit,
1085 897 1337 937 quaecumque
1368 887 1449 937 ipse
1476 885 1523 925 de

86 939 219 977 inseris
247 940 463 986 cecinisset,
496 940 581 977 talia
612 952 711 983 esse,
744 939 865 989 qualia
895 939 1078 977 interdum
1108 940 1335 979 mulierculis
1365 949 1402 979 et
1432 955 1522 993 pue-

86 995 179 1032 rulis
207 993 253 1032 ad
286 995 405 1031 focum
435 994 652 1032 sedentibus
684 1001 747 1031 aut
777 994 928 1031 fallendi
958 1002 1020 1032 aut
1047 995 1268 1034 conciliandi
1297 998 1416 1034 somni
1435 1010 1522 1047 gra-

87 1051 137 1086 tia
177 1050 321 1086 narrari
359 1050 538 1088 solerent.
606 1048 714 1086 Facit
750 1050 847 1086 enim
877 1049 1025 1087 Ulixem
1063 1052 1205 1088 moneri
1248 1064 1270 1088 a
1306 1059 1443 1098 matre,
1483 1059 1523 1088 ut

86 1118 193 1155 quam
220 1105 372 1154 primum
402 1117 557 1155 superos
588 1110 750 1154 repetat,
779 1117 944 1155 quaeque
973 1104 1068 1155 apud
1097 1106 1239 1142 inferos
1261 1106 1365 1152 vidit,
1397 1115 1520 1146 mente

86 1159 233 1197 condita
265 1166 420 1206 teneat,
451 1166 490 1196 ut
517 1159 652 1197 habeat
678 1158 775 1209 quod
808 1160 913 1197 uxori
943 1173 1098 1198 narrare
1122 1158 1351 1213 possit**):

242 1231 359 1274 Ἀλλὰ
384 1232 536 1285 φόωςὸε
562 1233 714 1286 τάχιστοι
744 1235 896 1275 λιλαίεο.
931 1239 1051 1275 ταῦτα
1080 1235 1120 1275 δὲ
1148 1234 1274 1275 πάντα

235 1286 344 1329 ’Ίσθ’
360 1320 370 1338 ,
403 1290 467 1329 ἵνα
495 1289 560 1329 καὶ
589 1287 797 1341 μετόπισθε
823 1293 889 1345 τεῇ
917 1291 1088 1345 εἴπῃσθα
1110 1291 1275 1344 γυναικί.

83 1367 135 1407 Ut
162 1374 299 1405 tantum
331 1381 401 1404 non
434 1374 564 1418 aperte
592 1366 720 1404 dicere
752 1364 1051 1421 videatur***),

248 1441 338 1497 Πὰρ
365 1443 460 1495 πυρὶ
487 1440 555 1497 χρὴ
583 1447 741 1484 τοιαῦτα
769 1442 888 1498 λέγειν
915 1447 1099 1495 χειμῶνος
1127 1443 1169 1484 ἐν
1200 1442 1291 1501 ὥρῃ.

82 1520 255 1558 Summus
299 1528 419 1558 autem
454 1521 741 1559 Homericarum
780 1522 951 1559 virtutum
991 1522 1155 1560 imitator
1189 1522 1372 1573 Virgilius
1409 1523 1518 1560 aliam

82 1578 264 1614 rationem
303 1583 531 1614 commentus
570 1584 652 1622 est,
691 1590 762 1627 qua
798 1575 896 1613 idem
928 1577 1087 1614 obscure
1111 1591 1154 1614 ae
1185 1578 1390 1629 symbolice
1421 1578 1518 1615 indi-

83 1639 188 1669 caret
205 1631 268 1684 †).
328 1631 424 1668 Nam
454 1644 534 1668 cum
568 1630 675 1676 duas,
707 1644 755 1669 ex
783 1631 952 1668 Homero
985 1632 1054 1669 hoc
1083 1645 1241 1683 quoque,
1273 1632 1403 1670 Somni
1432 1646 1518 1684 por-

81 1693 137 1724 tas
167 1687 346 1731 fecisset,
379 1685 565 1723 Corneam
594 1699 730 1733 unam,
767 1699 837 1737 qua
863 1698 976 1733 vera3
1006 1686 1196 1725 Eburnam
1228 1688 1405 1734 alteram,
1447 1701 1518 1739 qua

80 1742 175 1779 falsa
223 1741 403 1778 insomnia
440 1742 698 1779 mitterentur:
750 1741 935 1788 Aenean,
987 1743 1164 1792 spectatis
1203 1743 1273 1780 illis
1312 1744 1517 1781 inferorum

79 1797 288 1848 portentis,
326 1803 430 1846 porta
461 1796 601 1834 eburna
630 1795 886 1847 egredientem
916 1797 1029 1843 facit,
1069 1805 1109 1834 ut
1139 1798 1335 1848 sagacibus
1366 1798 1519 1835 lectori-

79 1852 147 1889 bus
185 1851 442 1903 suspicandum
482 1852 732 1903 relinqueret,
767 1850 877 1888 talem
917 1864 1001 1890 esse
1037 1860 1153 1891 totam
1193 1854 1290 1891 illam
1326 1856 1518 1905 τερατολο«

78 1907 186 1961 γὶαν,
216 1906 338 1958 qualia
367 1908 511 1945 somnia
540 1920 588 1945 ex
618 1907 752 1944 inferis
782 1906 911 1945 eadem
942 1907 1003 1946 illa
1035 1915 1142 1959 porta
1172 1910 1277 1947 exire
1306 1907 1477 1946 dixisset.

560 2060 844 2100 CAPUT
900 2061 1031 2102 VIII.

301 2138 478 2176 Veterum
507 2139 731 2177 comicorum
761 2141 838 2178 loci
860 2140 934 2177 duo
964 2140 1065 2178 inter
1089 2151 1128 2177 se
1148 2140 1291 2178 collati.

77 2217 254 2276 Facem
287 2236 476 2287 expressit
503 2235 656 2275 Plautus
687 2238 724 2276 in
755 2238 1014 2277 Menaechmis
1042 2238 1213 2276 Peniculi
1243 2239 1393 2290 parasiti
1425 2238 1512 2277 eda-

78 2294 242 2338 citatem,
273 2292 334 2342 qui
367 2305 448 2329 cum
470 2291 687 2343 Cylindrum
717 2307 889 2345 coquum,
926 2295 1066 2332 iussum
1097 2295 1214 2331 tribus
1245 2308 1377 2345 parare
1404 2309 1513 2345 pran-

78 2347 200 2393 dium,
231 2347 524 2396 interrogantem
553 2348 732 2395 fecisset,
765 2350 914 2400 quinam
945 2350 996 2386 illi
1026 2357 1104 2387 tres
1133 2350 1246 2387 futuri
1276 2357 1421 2395 essent,
1453 2363 1512 2386 rc-

78 2401 362 2454 spondissetque
396 2403 597 2449 meretrix,
642 2416 682 2442 se
720 2411 756 2442 et
785 2404 1072 2443 Menaechmum
1112 2412 1150 2443 et
1185 2406 1386 2457 parasitum
1415 2406 1510 2451 eius,

78 2459 129 2496 ita
159 2458 279 2495 statim
310 2457 594 2496 ratiocinantem
621 2458 763 2497 inducit
794 2472 949 2511 coquum
963 2459 1074 2513 ††):

80 2631 105 2659 F
153 2591 198 2626 εκ)
219 2596 288 2625 cap.
308 2591 328 2619 5
348 2598 395 2626 sq.
423 2592 458 2621 et
483 2597 552 2627 cap.
574 2591 623 2622 ¹6.
668 2591 715 2622 Cf.
735 2594 817 2622 Mur.
846 2593 952 2622 Schol.
980 2591 1013 2622 in
1040 2595 1149 2624 Horat.
1177 2595 1265 2624 Tom.
1285 2596 1324 2624 11.
1352 2600 1422 2630 pag.
1442 2593 1514 2623 945.

107 2637 221 2712 milvi«)
243 2676 356 2710 odyss.
378 2676 429 2706 XI.
451 2677 513 2705 222
531 2684 578 2712 sq.

154 2725 249 2760 ἣεὲειΐε)
269 2725 482 2758 Xenophanes
503 2731 553 2759 ap.
575 2724 692 2753 Athen.
713 2725 766 2754 lib.
786 2727 825 2755 11.
847 2733 919 2761 pag.
938 2727 991 2755 54.
1012 2729 1047 2757 Ε.

157 2772 202 2810 ᾧ)
222 2771 358 2801 Aeneid.
382 2772 435 2801 Vt.
455 2771 527 2802 894.
568 2773 615 2803 Cf.
638 2774 750 2809 OdysS.
772 2776 854 2804 XIX.
874 2776 946 2805 56³.

159 2819 232 2858 †''s)
254 2822 276 2850 ¹·
296 2819 334 2858 4,
356 2820 385 2849 4¹

1552 565 1616 595 258
