1726 3106
149 324 192 353 85

145 2367 189 2399 66

218 144 273 187 80
782 143 911 185 VAR.
944 143 1099 185 LECT.

222 269 309 296 esse
347 262 385 295 et
422 256 584 307 ineptam
624 254 721 292 illam
762 254 842 293 eius
878 255 983 293 verbi
1025 253 1340 304 declarationem,
1376 256 1560 307 ipsomet,
1600 260 1662 310 qui

223 326 303 351 eam
343 312 486 357 attulit,
530 317 625 347 teste
656 310 884 360 pervincam.
946 310 1039 348 Cum
1079 311 1175 347 enim
1207 311 1315 361 paulo
1345 318 1427 362 post
1454 311 1661 361 docuisset,

220 360 375 406 cernei-e
416 378 673 416 nonnunquam
707 377 790 403 esse
821 365 943 412 idem,
982 364 1078 415 quod
1110 364 1287 403 dimicare
1318 374 1380 403 aut
1410 368 1660 408 contendere:

221 424 257 462 ei
291 424 346 461 rei
373 420 586 474 probandae
608 420 677 458 boc
695 422 900 472 exemplum
923 420 1081 458 subiicit.
1126 422 1270 458 Ennius
1287 423 1424 460 Medea
1446 425 1556 462 ean-ule
1567 421 1636 477 Ὃς

439 500 538 538 Nam
566 504 625 536 ter
654 497 723 535 sub
753 500 870 536 armis
899 500 1023 537 malim
1051 499 1163 535 vitam
1190 511 1362 536 cernere.

218 577 305 616 Hoc
343 582 466 613 autem
497 574 723 626 Euripides,
763 588 811 612 ex
849 588 920 626 quo
960 574 1058 612 illam
1100 574 1258 612 fabulam
1297 583 1462 614 verterat
1496 575 1660 626 Ennius,

219 631 368 670 dixerat
408 627 501 682 παρ’
544 627 688 669 ἀσπίδα
723 633 867 681 στῆναι.
934 630 1027 668 Cum
1068 630 1165 667 enim
1206 630 1347 669 Medea
1387 632 1497 669 multa
1528 640 1659 683 questa

219 694 322 725 esset
364 686 410 724 de
456 686 674 724 infelicitate
711 687 924 723 mulierum
969 684 1098 731 addit,
1137 697 1265 724 errare
1295 699 1384 732 eos,
1424 688 1484 737 qui
1515 694 1658 738 putant,

218 743 353 781 melius
377 742 437 792 agi
468 754 548 780 cum
580 742 811 786 mulieribus,
843 754 949 791 quam
980 754 1059 778 cum
1093 740 1201 786 viris3
1234 749 1432 792 propterea
1454 742 1549 794 quod
1574 743 1659 781 illae

219 798 318 836 domi
353 798 466 836 vitam
505 797 587 834 sine
624 796 790 846 periculo
826 797 1000 846 exigant:
1038 809 1119 833 cum
1162 796 1252 834 viris
1288 810 1400 848 saepe
1432 799 1481 836 sit
1510 797 1555 835 de
1584 798 1659 836 vita

218 854 256 891 in
289 853 383 891 bello
414 851 683 889 dimicandum:
731 864 773 888 se
807 851 926 896 enim,
966 852 996 888 si
1028 852 1127 901 optio
1157 850 1286 897 detur,
1327 853 1433 891 malle
1462 860 1521 891 ter
1546 854 1656 891 vitam

218 909 287 947 sub
317 909 454 953 armis,
498 914 538 944 ut
568 907 711 944 locutus
741 913 799 943 est
825 905 981 943 Latinus
1014 909 1144 955 poe‘ta,
1184 919 1367 955 cernere,
1404 921 1511 961 quam
1541 909 1658 948 semet

218 977 369 1017 parcre.
427 960 601 1012 Euripidi
630 973 762 999 versus
793 961 985 998 subiiciam
1001 959 1099 1011 *²³32

438 1037 609 1091 Λέγουσι
638 1035 674 1077 δ’
707 1034 827 1089 ημᾶς,
856 1035 908 1084 ὥς
936 1035 1146 1078 ἀκίνδυνον
1173 1039 1261 1090 βίον

440 1097 577 1145 Ζῶμεν
601 1090 683 1134 κατ’
716 1094 873 1142 οἴκους,
906 1093 946 1132 οἷ
972 1091 1012 1132 δὲ
1040 1109 1248 1146 μαρνανται
1278 1092 1373 1163 δορὶ,

438 1152 583 1196 Κακῶς
609 1152 861 1217 φρονοῦντες·
893 1165 945 1196 ως
967 1165 1048 1200 τρις
1077 1165 1125 1188 αν
1146 1147 1239 1203 παρ’
1272 1148 1416 1190 ἀσπίδα

438 1208 587 1258 Στῆναι
614 1201 766 1257 θέλοιμ’
800 1201 849 1245 ἂν
878 1208 1041 1258 μᾶλλον,
1069 1221 1095 1258 η
1124 1210 1244 1246 τεκεῖν
1271 1204 1383 1254 ἅπαξ.

704 1354 987 1394 CAPUT
1044 1354 1175 1395 VIII.

618 1433 822 1472 Emendate·
843 1434 1030 1472 Varronis
1059 1434 1136 1472 loci
1161 1434 1249 1472 duo.

216 1510 513 1570 ARISTOTELES
540 1530 636 1569 libro
664 1532 775 1570 tertio
804 1531 849 1569 ad
881 1531 1150 1570 Nicomachum
1170 1528 1295 1583 mii),
1326 1531 1494 1570 homines
1523 1531 1656 1570 intem·

218 1593 392 1639 perantes
422 1593 459 1624 et
488 1594 631 1633 asotos,
660 1600 740 1625 cum
774 1588 812 1624 in
842 1587 887 1624 iis
918 1587 1165 1638 voluptatibus
1189 1587 1333 1624 versari
1356 1586 1529 1634 dixisset,
1561 1600 1655 1639 quae

217 1655 432 1680 communes
474 1649 559 1679 sunt
591 1642 697 1680 nobis
729 1656 810 1680 eum
842 1643 950 1679 mutis
981 1642 1251 1687 animantibus,
1290 1643 1336 1679 iis
1366 1655 1524 1693 nempe,
1561 1655 1655 1694 quae

216 1704 367 1748 gustatu
409 1698 687 1748 percipiuntur,
729 1710 896 1748 quaeque
925 1704 1048 1744 tactu3
1091 1697 1192 1735 addit
1221 1704 1371 1748 postea,
1412 1711 1476 1735 eos
1505 1705 1654 1748 gustatu

217 1759 281 1791 aut
310 1753 400 1790 nibil
432 1754 598 1799 omnino,
628 1760 689 1790 aut
719 1766 915 1804 perparum
945 1753 1011 1789 uti.
1074 1752 1167 1790 Cum
1197 1753 1292 1790 enim
1323 1754 1492 1804 gurgites
1520 1753 1572 1790 illi
1603 1754 1655 1791 ita

216 1809 340 1847 vinum
377 1809 415 1846 in
454 1815 580 1859 guttur
619 1822 723 1846 suum
755 1809 860 1859 quasi
891 1809 927 1845 in
954 1815 1074 1846 utrem
1105 1808 1263 1858 aliquem
1294 1809 1514 1859 iuver-gant,
1562 1808 1655 1846 nihil

217 1871 417 1910 curantes,
456 1864 528 1901 nisi
567 1871 606 1901 ut
638 1877 743 1914 quam
784 1864 976 1914 plurimum
1014 1863 1255 1909 exhauriant,
1297 1877 1413 1914 prope
1449 1870 1488 1900 ut
1523 1876 1656 1914 perco-

216 1918 327 1957 lando
363 1919 450 1957 vino
482 1920 557 1956 nati
586 1932 670 1957 esse
697 1918 917 1965 videantur,
956 1932 1028 1957 non
1057 1918 1247 1957 admodum
1280 1926 1434 1970 possunt
1465 1919 1546 1956 eius
1572 1932 1657 1957 sua-

218 1975 367 2012 vitatem
396 1973 579 2024 gustando
604 1975 825 2025 percipere:
856 1988 937 2012 cum
969 1981 1099 2012 contra
1130 1974 1277 2012 delicati
1308 1982 1345 2012 et
1373 1974 1564 2024 elegantes
1589 1974 1655 2012 ho-

217 2030 364 2075 mines,
401 2030 461 2079 qui
497 2036 604 2079 grato
643 2030 704 2067 illo
734 2031 876 2081 liquore
905 2031 1067 2080 linguam
1103 2030 1172 2067 sibi
1203 2042 1246 2067 ac
1276 2030 1433 2080 palatum
1461 2029 1578 2080 probe
1607 2031 1655 2067 ti-

216 2084 331 2122 tillari
373 2084 524 2129 volunt,
573 2085 744 2135 paulatim
795 2098 877 2122 eum
927 2086 963 2122 in
1000 2085 1257 2135 gurgulionem
1296 2085 1478 2122 instillent
1512 2085 1652 2131 verim,

217 2153 325 2190 quam
363 2138 577 2185 infundant,
623 2141 791 2189 guttatim
829 2153 945 2191 prope
981 2139 1184 2177 ducentes:
1223 2140 1333 2177 etiam
1370 2146 1564 2189 antequam
1596 2140 1654 2177 bi-

216 2194 331 2241 bant,
370 2195 485 2232 oculis
516 2195 683 2245 poculum
714 2207 828 2246 saepe
853 2207 897 2232 ac
925 2195 1075 2232 naribus
1103 2194 1364 2240 admoventes,
1409 2195 1506 2231 nulla
1537 2201 1577 2232 ut
1606 2196 1655 2233 sit

216 2250 255 2287 in
287 2263 331 2287 eo
362 2250 543 2301 particula
573 2251 780 2295 suavitatis,
812 2263 917 2301 quam
951 2263 1022 2287 non
1052 2251 1121 2300 ipsi
1152 2257 1326 2287 accurate
1350 2250 1558 2300 exprimant
1589 2263 1654 2288 ex-

217 2305 424 2357 quisiteque
453 2305 699 2356 persentiant.
760 2303 869 2352 Quod
898 2305 933 2342 in
956 2304 1126 2355 Euripidi
1150 2304 1280 2342 Sileno
1297 2304 1347 2357 †)
1378 2305 1516 2355 optime
1549 2306 1654 2343 cerni

216 2368 352 2412 potest.
403 2359 446 2397 ld
478 2374 550 2397 non
578 2361 734 2408 faciunt,
764 2362 825 2411 qui
853 2367 1002 2410 gutture
1035 2367 1174 2398 tantum
1202 2374 1269 2411 pro
1295 2359 1526 2398 infundibulo
1546 2367 1655 2397 utun-

216 2423 291 2454 tur.
351 2415 437 2453 Hoc
467 2423 588 2453 autem
620 2429 783 2467 auguror
808 2415 948 2453 dixisse
979 2416 1087 2453 etiam
1118 2415 1326 2455 Varronem
1358 2416 1393 2452 in
1424 2427 1469 2452 ea
1498 2415 1652 2467 Satyra,

217 2483 312 2524 quae
334 2470 624 2519 inscribebatur,
653 2474 725 2511 Est
746 2473 891 2510 modas.
938 2473 1103 2512 Matala.
1155 2470 1255 2525 Περὶ
1282 2469 1406 2523 μέθης
1419 2469 1512 2524 Τ-Γ).
1558 2470 1653 2510 lude

293 2628 336 2666 ’·ἵ’·)
356 2629 451 2665 Apud
471 2631 550 2661 Non.
569 2631 591 2660 l.
611 2637 638 2660 c.
658 2630 777 2659 Ennius
795 2631 835 2659 in
854 2630 901 2661 M.
920 2638 948 2660 e

292 2684 362 2720 -:·.:-—···;·]
382 2690 414 2712 v
435 2683 496 2712 248
515 2691 566 2720 sq
586 2684 636 2714 ed.
654 2686 746 2714 Pors.
766 2692 800 2714 v.
818 2685 879 2715 250
898 2692 968 2721 sqq.
1006 2685 1068 2714 Pro
1088 2674 1183 2723 ἡμᾶς
1201 2680 1382 2713 Ruhnkenii
1401 2687 1517 2718 operae
1536 2680 1654 2712 vitiose

217 2728 372 2758 dederunt
391 2718 499 2765 ὑμᾶς.

331 2776 384 2812 ε-κε)
404 2783 473 2812 cap.
497 2777 546 2806 13.
585 2777 633 2807 cf.
653 2778 733 2806 Mur.
754 2777 873 2808 Comm.
894 2778 927 2807 in
945 2778 1046 2808 Arist.
1067 2779 1136 2807 Eth.
1159 2778 1235 2813 opp.
1258 2778 1345 2806 Tom.
1364 2777 1420 2805 111.
1440 2782 1511 2811 pag.
1527 2775 1589 2805 296
1606 2782 1653 2812 sq.

291 2789 337 2863 -l-)
358 2825 473 2855 Vid.E
448 2825 556 2861 Eurtp.
578 2826 664 2861 cycl.
683 2831 715 2854 v.
737 2826 796 2854 152
814 2833 884 2860 sqq.

292 2872 365 2912 ††)
385 2875 447 2912 Ap,
468 2875 547 2906 Non.
567 2876 594 2906 1.
613 2874 664 2905 14.
691 2874 774 2906 Edit.
791 2875 892 2905 Mero.
911 2881 983 2912 pag.
1002 2875 1034 2907 5.
1052 2875 1073 2905 l.
1094 2875 1143 2906 16.
1163 2873 1211 2905 sic
1230 2874 1344 2904 habet:
1377 2873 1498 2912 Varro,
1518 2872 1566 2902 est
1582 2878 1650 2901 mo·
