1726 3106
477 114 579 153 Llss.
611 113 695 153 VII.
757 112 875 152 CAP.
907 113 1057 154 xvht.
1406 113 1485 156 153

54 226 264 264 venientius
301 222 375 262 dici
409 228 546 274 potest.
616 223 723 270 Quae
762 221 908 274 quidem
939 223 1061 261 multis
1090 224 1197 261 initio
1228 222 1371 261 obviam
1401 236 1486 262 sese

19 316 21 319 ,
55 282 183 319 ferens
224 280 325 318 miris
362 291 428 316 eos
457 277 502 315 ad
535 291 576 316 se
606 277 792 316 blanditiis
822 278 959 324 allicit,
1002 286 1075 316 tum
1106 280 1206 316 inani
1236 280 1486 330 praesentium

56 348 294 373 successuum
329 334 468 371 laetitia
509 334 719 384 complens,
759 340 833 370 tum
876 346 942 383 spe
980 335 1029 371 ita
1059 347 1207 385 semper
1233 335 1269 370 in
1297 341 1486 384 posterum

55 391 151 429 fore.
213 389 287 427 Ubi
324 395 444 426 autem
483 388 671 426 inhiantes
708 388 777 425 sibi
813 388 981 425 homines
1020 402 1086 426 sua
1123 389 1273 426 levitate
1309 390 1343 425 in
1374 389 1487 426 altum

57 445 228 489 sustulit,
269 456 381 494 saepe
412 444 467 480 eis
498 451 646 494 praeter
674 444 880 489 opinionem
908 444 1086 480 maximas
1116 445 1267 481 exhibet
1294 443 1488 481 difficulta-

57 507 131 538 tes.
200 497 482 548 Nonnumquam
526 500 636 536 etiam
675 499 783 543 illos,
830 498 891 548 qui
940 499 1063 535 futura
1104 512 1176 536 non
1212 500 1486 550 prospicientes

55 567 210 605 magnos
239 554 413 604 spiritus,
446 554 561 603 ipsius
591 554 708 591 inflati
737 554 881 599 favore,
915 561 1182 604 conceperant,
1214 553 1381 593 deseritz
1414 567 1486 592 non

54 611 188 655 aliter,
223 622 329 660 quam
368 606 516 645 dolosus
555 609 733 659 quispiam
773 615 809 645 et
845 606 1005 659 perfidus
1044 609 1189 646 itineris
1227 622 1378 655 comes,
1426 610 1489 660 qui

56 665 187 716 quibus
216 665 374 701 maxime
403 664 440 700 in
471 664 561 701 locis
590 664 770 701 societate
799 670 836 700 et
863 664 1018 708 viribus,
1051 670 1088 700 et
1119 658 1241 700 mdtua
1270 663 1489 702 defensione

56 732 148 770 opus
177 726 257 764 est,
300 720 351 755 ibi
383 719 608 768 potissimum
641 719 787 768 fugiens
816 719 995 756 conlisum
1028 718 1098 755 sibi
1124 720 1292 756 comitem
1325 718 1490 756 derelin-

57 775 148 826 quit.
208 774 264 811 Ita
293 774 374 812 fere
390 773 634 811 Theodorus:
665 775 769 811 cuius
800 774 892 811 liber
921 787 1000 811 eum
1030 773 1150 811 adhuc
1179 773 1387 824 divulgatus
1415 788 1488 813 non

58 831 128 875 sit,
161 828 344 874 iudicavi,
377 829 410 865 si
437 829 529 866 haee
559 842 604 866 ex
636 840 681 866 eo
715 842 827 880 pauca
859 828 1133 874 describerem,
1167 843 1238 866 non
1269 830 1398 866 malam
1430 843 1488 867 me

56 897 79 922 a
115 883 292 922 studiosis
332 884 487 934 gratiam
523 885 711 921 initurum.
778 883 854 921 Sed
894 884 1117 921 Plutarchus
1156 885 1191 921 in
1227 884 1424 936 Lysandro
1441 882 1488 937 ³³¹²)

55 939 126 978 hoc
154 940 274 992 ipsum
305 952 462 977 narrans
489 939 769 990 Theopompum
799 939 895 977 hunc
925 940 1103 978 comicum
1135 946 1255 978 vocat.

512 1070 794 1111 CAPUT
848 1072 1033 1111 XVIII.

222 1149 413 1187 Ciceronis
440 1162 461 1186 e
490 1151 646 1188 Lucullo
673 1157 865 1189 correctas
893 1158 931 1189 et
958 1151 1174 1188 declaratus
1202 1150 1319 1188 loeus.

55 1225 284 1284 Exrssmm
313 1246 427 1293 libet,
471 1247 604 1298 ecquid
629 1260 744 1298 opera
781 1261 861 1286 mea
894 1249 1032 1298 corrigi
1064 1248 1182 1299 possit
1211 1247 1314 1286 locus
1343 1249 1492 1300 quidam

56 1314 78 1340 e
108 1301 305 1339 Ciceronis
333 1301 487 1340 Lucullo
503 1300 602 1355 ³⁶²³),
646 1316 753 1354 quem
792 1316 872 1340 cum
903 1303 1141 1353 depravatum
1172 1316 1256 1341 csse
1287 1313 1490 1352 constaret,

56 1357 280 1394 exstiterunt
309 1358 418 1394 etiam
447 1358 532 1404 alii,
567 1359 628 1409 qui
660 1357 860 1396 emendare
889 1359 1051 1396 vellent:
1086 1357 1151 1395 sed
1181 1371 1263 1405 eos,
1299 1360 1393 1411 quod
1427 1375 1493 1412 pe-

56 1411 210 1458 tebant,
256 1420 448 1450 assecutos
486 1426 557 1450 non
589 1420 689 1463 puto.
750 1413 921 1451 Habetur
962 1420 1082 1451 autem
1116 1414 1167 1450 ibi
1198 1427 1321 1452 scrmo
1349 1416 1396 1454 de
1427 1418 1490 1464 iis,

57 1468 120 1518 qui
157 1467 203 1504 ab
240 1467 391 1505 ineunte
421 1467 677 1505 adolescentia
721 1469 771 1506 ita
800 1482 839 1506 se
871 1469 980 1506 alicui
1010 1468 1226 1519 discipliuae
1254 1470 1493 1522 philosopho-

57 1535 138 1560 rum
169 1521 409 1568 addixerant,
450 1529 491 1560 ut
525 1524 605 1560 eius
642 1524 765 1561 omnia
795 1525 929 1574 placita
959 1537 1001 1561 ac
1034 1523 1185 1561 decreta
1216 1534 1490 1576 sequerentur:

58 1584 98 1615 et
125 1583 163 1614 ut
193 1577 351 1629 Ulysses
384 1578 608 1616 Homericus
640 1576 828 1628 aitss'fffi'v,
862 1580 980 1616 solum
1005 1579 1190 1617 Tiresiam
1223 1580 1318 1631 apud
1348 1583 1491 1621 inferos

59 1645 221 1683 sapere,
263 1639 410 1669 ceteros
448 1629 556 1679 σκιὰς
595 1629 762 1681 ἆΐσσειν,
804 1634 855 1670 ita
891 1635 988 1684 ipsi,
1034 1635 1094 1684 qui
1130 1647 1176 1671 ex
1204 1636 1334 1673 eadem
1365 1645 1493 1676 essent

58 1687 232 1733 haeresi,
261 1687 308 1724 iis
338 1688 532 1725 veritatem
562 1695 689 1737 patere
719 1689 832 1734 sotis,
866 1695 1012 1726 ceteros
1041 1702 1169 1726 omnes
1200 1692 1328 1740 vagari
1350 1699 1492 1731 temere

59 1749 97 1780 et
126 1743 197 1780 huc
229 1742 315 1780 illuc
345 1755 366 1779 a
395 1756 485 1781 vero
514 1744 616 1780 avios
646 1744 737 1780 ferri
767 1742 989 1782 iudicarent.
1049 1744 1177 1795 Negat
1207 1753 1329 1783 autem
1358 1747 1395 1785 id
1424 1761 1491 1786 eos

59 1804 224 1836 statuere
258 1799 449 1848 potuisse:
501 1811 572 1835 non
609 1799 706 1836 enim
744 1798 900 1836 aliorum
940 1801 1162 1849 cognovisse
1202 1802 1388 1841 rationes:
1434 1811 1490 1850 ut,

58 1853 227 1890 omnibus
265 1852 466 1902 diligenter
495 1853 715 1890 examinatis
745 1866 789 1890 ac
819 1855 1040 1904 perpensis,
1087 1856 1382 1903 constituerent,
1423 1872 1494 1910 qua

58 1907 207 1946 tandem
247 1921 317 1946 uua
343 1917 499 1945 cunctae
526 1909 621 1946 aliae
651 1909 1054 1959 praeponderarentur.
1116 1910 1256 1948 Scitum
1284 1919 1404 1950 autem
1435 1922 1495 1952 est

60 1962 174 2008 illud,
226 1963 306 2000 sive
340 1959 555 2002 Ἡσιόδειον
595 1971 651 2001 est
697 1964 800 2010 sive,
852 1971 891 2001 ut
929 1964 1120 2011 creditur,
1169 1964 1492 2018 ψευὸησιόδειονε

62 2016 181 2069 Μηδὲ
211 2018 323 2068 δίκην
352 2015 530 2074 δικάσῃς,
557 2018 648 2070 πρὶν
678 2015 823 2069 ἀμφοῖν
851 2022 982 2070 μῦθον
1010 2017 1178 2075 ἀκούσῃς
1192 2020 1256 2073 †).
1313 2022 1356 2060 Id
1380 2024 1496 2074 igitur

60 2087 134 2112 non
170 2074 309 2111 fecisse
346 2074 473 2124 ipsos3
515 2074 580 2112 sed
618 2075 870 2112 infirmissimo
908 2082 1074 2126 tempore
1115 2077 1247 2114 aetatis
1285 2084 1347 2115 aut
1385 2081 1495 2118 obse-

61 2135 166 2167 cutos
196 2129 315 2166 amico
343 2128 512 2175 cuidam,
538 2137 601 2167 aut
632 2143 703 2167 uua
730 2129 910 2177 alicuius,
949 2143 1055 2180 quem
1086 2132 1240 2181 primum
1269 2132 1493 2183 audiissent,

62 2185 228 2222 oratioue
266 2191 417 2234 captos,
456 2183 502 2222 de
540 2185 652 2222 rebus
688 2185 889 2235 incognitis
921 2185 1108 2224 indicasse
1140 2194 1177 2224 et
1205 2186 1251 2224 ad
1282 2201 1496 2240 quamcum-

61 2252 132 2290 que
160 2240 389 2289 disciplinaiu
420 2239 525 2290 quasi
548 2247 768 2290 tempestate
799 2240 911 2277 delati
943 2249 1084 2286 essent,
1117 2241 1164 2279 ad
1194 2255 1291 2289 eam,
1323 2251 1494 2296 tanquam

62 2293 108 2332 ad
136 2308 283 2340 saxum,
325 2294 558 2333 adhaesisse.
615 2295 738 2333 Porro
770 2294 923 2333 eandem
956 2297 1146 2334 stultitiam
1186 2298 1379 2348 eleganter
1409 2314 1496 2340 exa-

63 2350 193 2399 gitavit
229 2349 417 2387 Lucianus
452 2350 488 2386 in
525 2349 699 2400 dialogo,
740 2351 800 2401 qui
837 2349 922 2403 περὶ
957 2350 1135 2404 αἱρέσεων
1171 2353 1412 2394 inscribitur:
1458 2365 1497 2395 ct

63 2405 176 2442 multo
210 2406 361 2455 gravius
391 2405 579 2456 Origenes
617 2406 682 2444 lib.
721 2406 841 2458 primo
875 2403 971 2447 κατὰ
999 2405 1148 2447 Κέλσου
1167 2407 1265 2463 ††).
1323 2411 1400 2450 Sed
1431 2412 1496 2451 Ci-

139 2547 181 2581 22)
212 2554 282 2582 pag.
308 2547 380 2576 440.
405 2549 444 2576 D.
490 2548 579 2577 Haec
603 2549 703 2577 verba.
731 2547 763 2576 in
791 2547 839 2577 ed.
868 2548 969 2583 prima
995 2557 1056 2578 non
1084 2551 1245 2583 leguntur.
1298 2554 1447 2586 ceterum
1476 2564 1498 2587 a

63 2586 233 2616 Plutarcho
255 2587 477 2620 Theopompus
500 2588 537 2614 ob
558 2588 638 2614 hanc
658 2586 926 2620 comparationem
946 2589 1195 2623 reprehenditur.
1234 2592 1346 2621 FAEst.

140 2632 208 2667 32:⁴2³)
230 2632 250 2660 i.
270 2640 298 2661 e.
319 2634 470 2662 Academ.
491 2634 584 2668 prior.
605 2634 659 2663 lib.
680 2636 718 2663 11.
740 2641 808 2671 cap.
828 2635 858 2664 3.
879 2635 911 2671 S.
932 2635 962 2665 9.

139 2680 234 2715 ὶῑι-«κε-εῐε)
256 2680 370 2715 Odys-s.
390 2681 443 2709 lib.
464 2682 502 2710 X.
526 2689 556 2710 v.
577 2681 640 2710 494
659 2690 706 2717 sq.

90 2767 96 2773 -
139 2729 184 2767 †]
201 2730 254 2772 'De
278 2731 339 2757 hoc
366 2729 599 2771 versu-[quem
621 2731 763 2758 Muretus
791 2730 937 2759 laudavit
966 2731 1061 2760 etiam
1090 2734 1178 2774 Taom.
1199 2735 1222 2761 Ι.
1253 2740 1325 2769 pag.
1350 2736 1419 2767 150.
1439 2739 1499 2777 R.)

64 2767 128 2798 vid.
150 2766 307 2796 Gaisford.
328 2768 417 2795 Poet.
437 2773 511 2794 mm.
532 2769 641 2795 Graec.
663 2768 734 2796 Vol.
755 2770 808 2796 111.
829 2775 900 2802 pag.
922 2769 992 2797 253.
1015 2770 1063 2798 ed.
1084 2771 1170 2804 Lips.
1210 2773 1268 2799 Fu.

150 2819 218 2859 ἢ)
239 2821 346 2851 verba
364 2822 394 2851 et
411 2822 505 2852 multo
525 2823 649 2859 yravz‘us
668 2839 704 2846 -
724 2813 813 2850 κατὰ
837 2817 979 2851 Κέλσου
999 2824 1113 2855 absunt
1132 2825 1172 2854 ah
1193 2823 1267 2854 edit.
1287 2825 1397 2863 prima.

1518 558 1577 589 161
