1778 3096
274 122 356 166 388
844 123 972 164 VAR.
1003 123 1156 164 LECT.

274 235 376 287 lego.
445 235 595 274 Primus
634 234 694 272 hic
732 231 887 283 erit*):
947 236 1035 273 Tum
1074 236 1240 273 Naevius
1280 236 1358 286 ipse
1397 248 1538 286 pueros
1579 237 1721 274 circum

274 294 417 330 amicos
447 292 625 329 dimittit.-
658 291 736 340 e'psc
756 301 844 327 suos
871 291 1107 328 necessarios
1133 291 1180 328 ab
1208 293 1319 328 atriis
1337 293 1495 330 Lt'ct'm‘z's
1524 297 1563 328 et
1581 304 1605 328 α
1624 291 1723 343 sau-

273 348 378 386 cibas
405 347 556 384 mucelli
579 351 777 394 corrogat.
838 345 912 382 Ubi
944 345 1053 382 homo
1084 344 1250 383 eruditus
1265 343 1361 398 ωε),
1406 349 1467 385 Eae
1499 347 1633 391 (ur-its,
1666 347 1722 382 in-

277 403 370 453 quit,
402 402 560 439 chz’m'is
588 400 848 437 aucte‘onarz'os
869 413 1096 451 praecones,
1132 413 1181 437 ear:
1197 400 1379 450 saucibus
1407 403 1556 439 macella·
1581 401 1723 438 nobiles

186 463 247 494 407
276 458 441 495 homines
473 457 548 494 otio
578 455 799 505 affluentes⁹
832 458 900 505 qui
925 457 1091 506 cupediis
1122 456 1341 502 τήΙιίαὸαηι,
1377 464 1443 494 ant
1473 458 1547 493 otio
1578 456 1634 493 ibe·
1655 468 1723 493 suo

263 511 518 563 fruebantur.
577 509 665 547 Non
694 509 865 561 equidem
897 511 1080 561 negarim,
1112 510 1221 559 gulae
1253 523 1429 560 proceres
1444 509 1544 562 svm)
1578 511 1613 547 in
1645 523 1722 547 ma-

275 566 411 604 cellum
439 578 699 616 nonnunquam
737 566 958 604 ventitasse.
1018 564 1197 602 Notanda
1233 572 1319 602 sunt
1358 566 1418 603 illa
1449 566 1633 604 luvenalis
1651 564 1719 618 ᾧ),

383 644 526 682 Multos
548 656 669 693 porro
699 642 822 687 vides,
860 656 951 693 qnos
980 655 1091 692 saepe
1118 643 1244 680 elusus
1273 643 1326 679 ad
1352 643 1470 693 ipsum

385 699 562 737 Credam·
592 699 787 735 introitum
817 699 912 736 solet
939 705 1164 748 ewspectme
1194 698 1357 743 mucelli.

275 773 351 812 Sed
384 781 505 812 tamen
535 780 796 824 opsonatorum
826 787 940 825 opera
966 775 1115 824 saepius
1145 774 1364 812 utebantur:
1396 787 1516 825 neque
1539 780 1598 812 cst
1625 773 1723 811 veri-

274 830 421 877 simile,
466 830 611 868 nobiles
649 829 820 866 homines
857 830 894 866 in
933 830 1030 880 turpi
1069 843 1111 867 ae
1143 842 1260 881 prope
1299 830 1428 867 infami
1468 831 1549 867 loco
1587 829 1724 866 sedere

276 886 430 932 solitos,
475 893 651 936 tanquam
682 885 828 935 publice
858 885 1098 936 prolitentes,
1141 899 1182 922 sc
1213 886 1332 923 ventri
1361 898 1405 923 ac
1436 885 1544 936 gulae
1577 883 1725 922 deditos

276 954 385 979 esse:
426 948 464 978 et
500 941 686 978 habehant
726 941 798 978 alia
839 940 1055 978 honestiora
1085 941 1186 986 loca,
1230 942 1266 977 in
1298 941 1429 991 quibus
1466 941 1578 977 otium
1619 952 1725 977 suum

275 997 523 1034 oblectarent.
583 995 720 1046 Neque
753 995 844 1033 haec
874 997 1121 1042 conveniunt,
1164 1003 1202 1033 et
1231 996 1376 1033 nobiles
1401 996 1518 1033 fuisse
1547 1001 1586 1032 et
1613 1007 1725 1045 prae-

275 1052 382 1089 conis
424 1051 562 1089 Naevii
605 1051 858 1090 necessarios.
925 1050 986 1089 Ex
1025 1059 1183 1101 utroque
1222 1052 1336 1102 igitur
1376 1052 1458 1089 loeo
1501 1057 1722 1100 corrogatos

274 1107 421 1158 accipio
452 1107 620 1144 homines
650 1107 832 1152 abiectos,
865 1107 1066 1157 ignobileS‚
1093 1107 1231 1144 Naevii
1262 1108 1423 1145 amicitia
1447 1105 1596 1156 dignos.
1646 1103 1725 1142 Sed

275 1163 411 1200 fefellit
449 1163 716 1213 interpretem,
759 1161 856 1213 quod
898 1165 1021 1200 statim
1059 1163 1279 1200 subiicitur:
1336 1163 1501 1201 Tabulae
1537 1162 1725 1199 maximae

274 1220 393 1268 είς-πίε
415 1219 600 1256 hominem
631 1218 811 1256 nobilium
839 1220 1139 1268 coanguantur.-
1171 1217 1266 1268 quod
1299 1231 1379 1255 cum
1406 1217 1565 1254 illudens
1587 1215 1722 1253 Cicero

276 1272 460 1319 dixisset,
503 1274 608 1324 ipse,
652 1280 691 1310 ut
725 1285 815 1310 vere
845 1286 889 1311 ac
931 1274 1030 1310 serio
1068 1272 1227 1317 dictum,
1271 1275 1428 1323 accepit.
1489 1272 1588 1309 Nam
1626 1270 1724 1321 quod

276 1329 463 1379 opinionis
505 1341 594 1365 suae
634 1327 1081 1365 confirmandae'caussa
1121 1329 1209 1365 citat
1246 1329 1365 1365 locum
1400 1341 1448 1366 cx
1486 1328 1579 1365 libro
1610 1327 1723 1363 tertio

275 1384 564 1431 Accusationis,
595 1383 655 1420 ubi
685 1383 737 1420 ita
767 1383 906 1433 legitur
922 1382 1029 1436 †·}):
1066 1384 1205 1422 Albam
1235 1385 1435 1422 Aemilium
1464 1383 1652 1421 sedentem
1683 1382 1721 1419 in

264 1439 453 1490 ‚faucibus
487 1439 640 1476 mucelli
666 1439 772 1488 loqui
797 1441 951 1488 palam,
996 1440 1128 1476 vicisse
1158 1441 1336 1476 Verrem,-
1381 1439 1517 1483 miror,
1561 1438 1592 1474 si
1621 1449 1722 1482 eum,

276 1493 374 1544 quod
396 1494 580 1531 Aemilius
608 1499 821 1537 vocaretur,
853 1494 1013 1544 aliquem
1041 1506 1127 1531 esse
1159 1506 1179 1530 6
1203 1506 1356 1530 numero
1387 1494 1562 1530 nobilium
1594 1492 1725 1530 existi—

277 1549 412 1587 mavit:
445 1562 525 1586 cum
551 1548 659 1599 paulo
687 1555 769 1598 post
800 1548 851 1585 ita
875 1547 922 1585 de
951 1560 998 1585 eo
1029 1548 1199 1598 loquatur
1221 1547 1382 1585 Cicero:
1415 1549 1555 1586 Albam
1582 1547 1724 1586 habebo

277 1606 454 1650 iudicem,
477 1617 559 1642 eum
588 1605 785 1648 hominem,
809 1604 878 1653 qm·
895 1617 935 1641 se
960 1605 1038 1653 ipse
1061 1617 1234 1641 scurram
1257 1603 1566 1654 improbzssz‘mum
1592 1603 1726 1640 existi-

277 1662 380 1698 mari
403 1661 501 1704 vult,
543 1660 611 1709 qui
636 1671 659 1696 a
686 1660 834 1696 scurris
866 1659 995 1709 potius
1027 1672 1174 1709 semper
1207 1660 1405 1709 gladiator
1441 1671 1550 1710 quam
1585 1670 1724 1697 scurra

278 1716 491 1767 appellatus
519 1717 584 1752 sit.
637 1714 885 1764 Sponsionem
914 1720 1034 1752 autem
1066 1715 1180 1760 illam,
1213 1714 1258 1752 de
1291 1727 1361 1765 qua
1391 1713 1530 1752 Cicero
1559 1720 1599 1750 ut
1628 1726 1725 1750 nova

278 1779 316 1809 et
343 1772 469 1822 iniqua
499 1770 742 1821 conqueritur
755 1768 894 1822 †††),
927 1770 979 1806 ita
1008 1769 1127 1807 fuisse
1160 1777 1375 1821 conceptam
1403 1776 1513 1820 puto:
1545 1770 1602 1808 Na·
1628 1769 1725 1807 bona

277 1840 348 1865 sua
377 1840 427 1863 ez·
454 1826 575 1863 edicto
598 1838 772 1876 possessa
801 1838 875 1863 non
903 1832 1052 1863 esseat:
1081 1825 1263 1876 quomodo
1289 1833 1327 1863 et
1350 1824 1526 1863 Budaeus
1537 1823 1584 1876 ᾗ)
1614 1824 1722 1873 legit,

279 1896 352 1920 non
386 1882 455 1919 hoc
487 1880 618 1927 modo,
662 1882 714 1919 Sz'
744 1880 840 1918 hona
878 1887 944 1918 tua
983 1894 1032 1917 ea:
1069 1882 1193 1919 edicto
1218 1893 1394 1931 possessa
1431 1886 1567 1918 essent.
1625 1878 1723 1916 Nam

280 1950 329 1975 ex
365 1937 433 1975 hac
473 1937 683 1987 posteriore
724 1935 883 1973 formula
918 1948 1076 1973 necesse
1118 1936 1310 1974 habuisset
1337 1935 1504 1974 Naevius
1543 1934 1720 1986 probare,

278 1992 377 2030 bona
410 1992 580 2039 Quinctii
608 2005 654 2029 ex
684 1989 806 2029 edicto
833 2004 1009 2042 possessa
1039 2004 1147 2029 csse:
1181 1999 1218 2029 at
1248 2005 1295 2029 ex
1325 1992 1386 2029 illa
1415 2004 1508 2029 onus
1541 1988 1722 2041 probandi

277 2048 450 2085 tralatum
478 2055 538 2085 est
561 2048 597 2084 in
621 2047 861 2094 Quinctium:
895 2046 1053 2097 ideoque
1083 2048 1209 2098 priore
1232 2047 1313 2084 loco
1343 2060 1426 2085 eum
1456 2045 1582 2084 dicere
1611 2058 1722 2096 opor-

278 2104 371 2140 tuit:
405 2101 451 2140 de
480 2116 551 2153 quo
584 2115 657 2139 non
687 2102 821 2140 iniuria
854 2101 992 2140 Cicero
1024 2103 1202 2153 conqueri
1235 2102 1394 2140 videtur.
1455 2100 1564 2148 Quod
1599 2108 1719 2138 autem

278 2159 369 2196 citat
395 2159 582 2208 interpres
611 2157 730 2194 locum
754 2156 935 2208 quendam
965 2170 986 2195 6
1016 2157 1111 2195 libro
1142 2158 1268 2195 ultimo
1294 2159 1330 2194 in
1354 2157 1519 2195 Verrem
1535 2154 1627 2209 iffi),
1659 2155 1721 2192 ubi

279 2213 326 2252 de
375 2214 576 2265 sponsione
615 2212 769 2251 Servilii
809 2213 959 2262 agitur,
1008 2213 1083 2250 alio
1122 2213 1204 2251 loco
1243 2212 1414 2259 docebo,
1465 2225 1572 2263 quam
1607 2213 1718 2261 longe

353 2355 396 2390 ³1³)
416 2363 485 2391 cap.
505 2357 534 2386 6.
558 2356 590 2392 S.
612 2357 662 2386 25.
702 2356 747 2385 Ibi
768 2356 800 2385 in
825 2354 934 2385 verbis
956 2356 1032 2384 Tum
1051 2355 1185 2385 Naevius
1203 2355 1270 2391 ipse
1301 2354 1391 2385 initio
1419 2354 1530 2391 positis
1550 2361 1718 2390 pronomen

275 2394 343 2429 ipse
362 2395 402 2422 ab
423 2397 495 2423 Ern.
518 2398 549 2423 et
571 2394 689 2423 Orellio
711 2394 875 2423 omissum.

350 2443 419 2478 -:::·÷1:-)
440 2446 552 2472 Franc.
572 2444 816 2472 Hottomannus.

350 2492 444 2527 >aaz-32³)
466 2494 609 2521 sumtum
629 2493 689 2520 boc
709 2500 750 2521 ex
771 2491 851 2521 Plin.
872 2490 910 2519 H.
931 2491 968 2519 N.
989 2490 1042 2519 lib.
1064 2491 1115 2520 IX.
1137 2498 1205 2526 cap.
1229 2490 1277 2520 17.
1299 2491 1375 2520 sect.
1396 2488 1446 2519 3⁰.
1469 2487 1502 2524 §-
1522 2488 1574 2518 66.

349 2542 396 2581 ἦ)
418 2543 512 2571 satir.
534 2543 585 2570 xl.
605 2541 635 2570 9.
674 2542 813 2570 Verbum
833 2540 968 2567 notanda
994 2540 1045 2567 hic
1064 2540 1192 2568 minime
1213 2542 1320 2573 aptum
1342 2538 1485 2572 videtum
1514 2544 1554 2565 an
1574 2536 1646 2565 fort.
1666 2537 1717 2565 le-

274 2581 410 2614 gendum
430 2582 512 2608 Nota
530 2581 610 2607 euim
629 2581 701 2607 sunt
720 2582 777 2608 cet.
798 2579 852 2607 vel
872 2576 970 2605 etiam
990 2578 1071 2604 Nola
1091 2580 1161 2605 sunt
1181 2578 1263 2606 cet?
1293 2579 1404 2605 Fansi.
1426 2591 1462 2596 -—
1482 2575 1633 2608 Equidem
1654 2583 1716 2602 non

269 2621 406 2654 haere03
435 2621 579 2647 Muretus
602 2619 699 2646 verba
725 2617 860 2646 notanda
886 2617 958 2644 sunt
983 2616 1094 2644 eodem
1118 2623 1215 2644 sensu
1244 2615 1367 2652 posuit,
1399 2620 1460 2648 quo
1490 2613 1597 2641 notatu
1623 2613 1715 2648 αι’,φια

268 2663 355 2698 sunt,
378 2659 449 2688 scil.
470 2660 529 2686 hae
549 2657 581 2685 in
601 2663 648 2684 re.

343 2708 418 2748 τῇ)
440 2707 472 2736 in
492 2707 583 2735 Verr.
605 2712 675 2740 cap.
694 2705 746 2734 62.
768 2703 801 2739 §-
824 2701 894 2731 145.
915 2701 947 2730 et
967 2700 1001 2736 S.
1022 2700 1092 2731 146.

341 2756 444 2796 †††)
464 2762 532 2790 cap.
553 2755 582 2783 8.
604 2754 636 2789 S.
657 2753 708 2782 30.
750 2750 906 2780 Orellius:
932 2751 960 2778 si
980 2751 1059 2777 bona
1078 2756 1136 2778 sua
1155 2756 1197 2778 eo:
1216 2748 1316 2776 edicto
1337 2768 1345 2776 .
1359 2768 1365 2776 .
1378 2768 1385 2775 .
1404 2752 1549 2781 possessa
1568 2745 1676 2774 essent.

340 2806 385 2842 *J
405 2806 524 2836 Annot.
549 2802 582 2832 in
601 2803 752 2833 pandect.
773 2801 823 2832 ed.
844 2800 936 2832 1521.
956 2798 1008 2829 fol.
1030 2799 1112 2829 XXI.
1132 2804 1162 2828 a.
1194 2799 1229 2827 In
1248 2803 1337 2833 seqq.
1357 2794 1482 2831 corrige
1496 2801 1556 2825 sua
1574 2801 1631 2830 pro
1651 2795 1713 2823 tua.

339 2856 409 2892 nis-²)
429 2855 482 2885 lib.
503 2854 634 2891 V.Vcap.
653 2852 706 2883 54.
