1778 3096
500 137 602 177 LIB.
634 137 744 177 xm.
804 136 922 177 CAP.
955 135 1067 176 XIX.
1425 132 1503 175 301

72 264 256 304 superque
288 249 429 300 negotii
464 260 581 299 usque
620 254 658 286 et
698 246 876 298 usqueff)
917 244 1122 285 exhibebit.
1192 242 1350 292 Quando
1391 244 1506 294 igitur

71 321 139 346 nos
169 318 311 358 quoque
349 307 387 342 in
422 304 478 341 eis
513 301 738 353 quorundam
769 302 944 352 opinione
974 313 1190 339 censemur:
1234 299 1392 351 agedum
1423 300 1505 350 opis

72 363 108 400 ei
137 360 274 412 aliquid
303 373 368 410 pro
405 365 534 396 nostra
563 358 658 395 virili
692 363 818 408 parte,
856 357 1028 406 quantula
1059 368 1104 394 ea
1133 368 1288 406 cumque
1318 361 1398 400 est,
1441 352 1509 391 ad-

71 418 248 455 feramus,
307 413 565 452 Mnesilochus
592 414 629 449 in
660 411 908 449 Bacchidibus
939 423 1021 447 cum
1053 423 1215 448 amorem
1246 423 1365 455 suum,
1397 421 1507 460 quem

71 485 138 523 per
177 471 321 507 litteras
361 468 477 506 sodali
510 468 722 505 Pistoclero
760 464 1059 510 commendarat,
1104 473 1207 503 recte
1236 472 1275 502 et
1303 477 1383 502 cum
1416 476 1508 501 cura

70 526 116 564 ab
147 538 191 563 eo
220 531 456 575 procuratum
486 536 571 561 esse
600 522 805 559 audiisset:
848 520 1010 569 itemque
1039 520 1170 557 bonam
1204 520 1274 557 sibi
1304 532 1454 570 operam
1485 532 1508 556 a

71 592 179 617 servo
206 578 393 629 Chrysalo
423 577 545 615 datam
574 577 611 614 in
640 573 863 626 reperienda
895 574 1048 619 techna,
1081 587 1149 624 qua
1177 582 1319 624 patrem
1350 581 1508 624 argento

68 635 354 679 interverteret,
388 640 516 683 negat,
547 629 848 670 committendum
877 630 948 666 sibi
976 641 1076 674 esse,
1109 636 1147 665 ut
1176 631 1343 678 ingratus
1371 629 1510 666 habea-

69 696 152 726 tur:
183 687 342 738 ideoque
374 687 570 738 diligenter
590 687 661 724 sibi
692 683 900 730 videndum,
933 683 1115 735 quomodo
1140 685 1300 734 gratiam
1322 683 1509 736 Chrysalo

69 744 223 782 referat.
281 742 324 781 Id
354 744 506 793 exponit
537 742 594 779 his
624 741 795 779 versibus
812 739 915 791 **):

124 810 222 848 Nam
251 815 296 847 ut
322 810 358 846 in
388 809 574 859 Ephesum
603 808 691 845 hinc
720 806 823 852 abii,
862 807 933 844 hoc
955 805 1110 858 sactum
1141 811 1200 843 est
1214 804 1344 856 serme
1373 805 1510 843 abhinc

1004 861 1110 898 bieim
1115 862 1187 898 iam
1194 888 1202 897 .

125 919 190 957 Ea,-
218 919 364 969 Epheso
391 918 463 955 hac
493 917 544 954 acl
570 918 814 955 Pistoclerum
841 929 958 954 meam
987 917 1152 953 sodalem
1183 917 1333 953 litteras

126 974 241 1018 Misi,
273 975 429 1010 amicam
458 980 498 1010 ut
527 974 621 1010 milii
646 973 831 1010 inveniret
857 972 1101 1009 Bacchidem.
1161 972 1270 1009 Illam
1300 970 1468 1020 intelligo

126 1029 339 1074 Invem'sse,
370 1034 413 1065 nt
434 1041 564 1065 servas
593 1040 693 1064 meas
719 1028 814 1064 milii
837 1028 1024 1064 nuntiavit
1053 1027 1273 1076 Chrysalus.

132 1084 325 1132 Concligne
343 1084 375 1119 is
396 1096 504 1132 qaam
525 1083 692 1120 teclmam
714 1083 759 1120 cle
778 1095 873 1120 auro
893 1083 1087 1119 adversum
1109 1095 1223 1118 meam
1233 1081 1336 1132 fecit
1346 1086 1510 1130 patrem,

132 1139 182 1176 Ut
207 1139 302 1175 mem
325 1139 471 1175 amanti
495 1139 602 1187 copia
630 1145 740 1176 esset.
799 1138 878 1176 Sed
905 1150 1027 1174 eccum
1060 1138 1166 1174 video
1195 1137 1381 1174 incedere.

74 1201 151 1241 Sed
181 1204 279 1254 quis,
311 1216 465 1253 quaeso,
498 1203 560 1240 ille
589 1210 663 1248 est,
698 1215 804 1252 quem
835 1202 887 1239 ait
920 1201 1047 1239 videre
1077 1214 1117 1239 se
1148 1200 1355 1238 incedere?
1397 1199 1515 1238 Certe

73 1259 172 1296 enim
209 1270 330 1308 neque
367 1265 508 1308 patrem
547 1271 675 1303 suum,
721 1269 841 1306 neque
885 1256 1072 1301 sodalem,
1128 1269 1247 1305 neque
1289 1255 1514 1306 Chrysalum

72 1312 196 1351 videt:
242 1325 333 1364 quos
364 1313 571 1349 nominarat
604 1324 713 1349 unos.
773 1311 897 1361 Atque
928 1312 998 1348 hoc
1030 1324 1101 1348 non
1134 1310 1241 1347 modo
1285 1324 1357 1347 non
1389 1323 1516 1348 emen-

74 1367 177 1406 davit
213 1368 266 1414 is,
318 1368 379 1419 qui
422 1380 463 1405 se
505 1367 725 1418 Lynceum,
769 1373 918 1404 ceteros
954 1366 1134 1417 Hypsaea
1174 1366 1367 1404 caeciores
1411 1372 1517 1417 puta-

73 1423 137 1462 bat
153 1421 285 1474 9’Ἔ9·Ἑ’ῑῗέ),
333 1421 399 1460 sed
437 1437 484 1461 ne
514 1421 681 1460 mendum
724 1421 872 1472 quidem
908 1421 1064 1459 subesse
1105 1420 1380 1460 animadvertit.
1440 1420 1518 1458 Le-

75 1477 234 1530 gendum
264 1485 387 1516 autem
417 1477 564 1515 videtur
595 1478 665 1515 hoc
696 1476 825 1514 modo:

407 1544 482 1581 Sed
508 1556 665 1594 aequam
695 1544 734 1580 id
761 1545 814 1580 eii
840 1543 1016 1581 reddere.

76 1608 193 1660 quue
222 1615 350 1659 aperte
380 1607 591 1654 declarant,
622 1622 714 1659 quae
746 1609 868 1645 statim
900 1608 1072 1646 subiicit:

131 1677 228 1714 Nam
246 1676 316 1725 pol
330 1687 409 1712 meo
429 1675 574 1725 quidem
594 1676 732 1720 animo,
749 1675 900 1724 ingrato
921 1675 1067 1712 homine
1086 1676 1185 1712 nihil
1203 1676 1432 1726 impensia'st
1445 1672 1513 1726 †).
1542 1697 1545 1699 ·

76 1747 143 1786 Illa
168 1754 288 1784 autem
313 1745 511 1796 depravata
542 1746 725 1796 scriptura
750 1746 917 1783 extitisse
947 1745 1093 1784 videtur
1122 1760 1170 1784 ex
1194 1760 1254 1793 eo,
1289 1747 1385 1799 quod
1407 1748 1518 1800 paulo

76 1809 161 1854 post
190 1802 368 1852 scriptum
401 1808 480 1838 est:
1071 1803 1077 1809 ’

137 1869 229 1906 [stat
256 1869 357 1912 cris,
388 1879 540 1911 moneO,
573 1867 669 1904 lzaat
694 1867 848 1904 celabis.
909 1868 986 1905 Sea
1012 1880 1118 1905 eccos
1145 1868 1250 1905 video
1279 1869 1454 1906 incedere

135 1926 284 1962 Patrem
305 1923 447 1961 sodalis
463 1929 502 1960 ct
517 1923 754 1972 magistrum.
793 1924 889 1960 Hinc
909 1923 1145 1969 auscultabo,
1160 1936 1268 1974 quam
1290 1937 1368 1961 rem
1390 1930 1519 1974 agant.

565 2032 853 2072 CAPUT
907 2033 1035 2073 XIX.

166 2112 263 2150 Loci
288 2112 435 2162 aliquot
458 2117 624 2149 veteram
652 2112 878 2162 scriptoram
908 2112 1011 2162 apud
1036 2113 1198 2151 Nonium
1227 2115 1428 2153 emendati.

83 2189 289 2248 CORPORA
328 2216 455 2248 nostra
481 2211 516 2248 vi
547 2210 660 2248 animi
694 2211 858 2257 moveri,
899 2223 947 2249 ex
976 2224 1018 2249 se
1047 2219 1171 2250 autem
1199 2213 1401 2251 immobilia
1433 2227 1521 2253 esse

82 2266 229 2304 dixerat
249 2266 389 2311 Varro,
416 2268 586 2305 Mutuum
612 2266 708 2303 mali
732 2266 891 2306 scabunt
906 2265 1006 2320 ††).
1057 2267 1174 2305 Cuius
1196 2281 1241 2306 ea
1266 2269 1312 2307 de
1337 2282 1378 2307 re
1406 2270 1522 2308 verba

158 2374 203 2410 ειε)
222 2374 293 2403 Vid.
313 2380 412 2408 supra
432 2373 471 2400 ad
492 2373 544 2401 lib.
566 2374 602 2402 V.
623 2381 692 2409 cap.
716 2375 743 2403 1.
784 2375 870 2409 Quod
892 2376 997 2410 paullo
1018 2379 1091 2411 post
1110 2377 1287 2407 modestiae
1306 2379 1522 2408 testificandae

85 2419 184 2442 causa
204 2413 292 2441 addit
312 2414 471 2445 Muretus,
493 2418 552 2443 pro
572 2413 679 2440 nostra
699 2413 782 2440 virili
800 2414 906 2449 par-le,
937 2418 1082 2443 veterum
1100 2415 1284 2446 Latinorum
1303 2418 1523 2447 consuetudini

87 2453 249 2485 repugnat.
289 2449 360 2478 vid.
380 2448 506 2477 Krebsii
525 2449 691 2478 Antibarb.
713 2457 784 2484 pag.
804 2451 866 2479 346
886 2458 933 2485 sq.

161 2497 230 2532 -:::--:'.:-]
251 2498 304 2526 111.
325 2497 354 2534 2,
377 2496 476 2540 §sqq
516 2498 550 2524 ln
571 2498 658 2526 editt.
677 2498 783 2526 Plauti
804 2498 916 2541 melius
937 2500 1016 2526 haec
1036 2499 1080 2528 ita
1100 2499 1344 2540 distinguuntur,
1367 2503 1403 2532 ut
1423 2503 1524 2532 verba

87 2537 144 2564 hoc
162 2534 278 2570 factum
364 2535 514 2562 biennium
534 2542 589 2568 pro
612 2536 793 2569 parenthesi
811 2536 1014 2570 accipiantur.
1053 2539 1165 2566 FAsssi.

161 2581 254 2616 ὶὶε--κέ-ὶὶἓ)
282 2581 397 2615 Tangit
416 2584 559 2611 Muretus
579 2584 773 2612 Lambinum.
811 2585 859 2612 De
879 2585 1007 2618 Lynceo
1035 2588 1067 2614 et
1085 2586 1239 2620 Hypsaea
1267 2586 1331 2616 vid.
1359 2588 1435 2617 Hor.
1455 2589 1523 2618 sat.

89 2623 113 2651 1.
132 2621 164 2656 2,
184 2620 225 2649 90
245 2626 292 2654 sq.
331 2619 378 2648 Cf.
398 2619 480 2648 infra
498 2620 551 2648 lib.
571 2622 651 2649 XIV.
673 2629 740 2655 cap.
760 2622 790 2650 5.
811 2624 892 2650 extr.

163 2667 209 2706 ἦ)
229 2668 277 2696 De
297 2668 357 2696 hoc
377 2675 408 2696 v,
427 2668 501 2697 vide
521 2669 625 2697 Rostii
646 2670 866 2699 commentatt.
886 2670 991 2698 Plaut.
1011 2676 1083 2704 pag.
1106 2671 1167 2699 113
1186 2678 1234 2707 sq.

164 2714 238 2753 ††)
260 2716 321 2750 An.
341 2716 432 2744 Varr.
453 2716 502 2745 ed.
522 2717 591 2750 Bip.
613 2724 682 2751 pag.
705 2717 774 2745 293.
802 2717 849 2745 sic
867 2717 1000 2750 legitur:
1032 2718 1244 2754 Grallatores,
1272 2721 1324 2756 qui
1341 2723 1526 2758 yradizmtur

90 2754 210 2792 yralli's.
248 2754 392 2781 Perticae
410 2753 528 2788 liyncae
553 2756 591 2782 ab
614 2755 733 2782 homine
753 2756 826 2790 isto,
860 2756 911 2789 qai
930 2755 1039 2790 instat,
1072 2756 1238 2790 ayilaizeur.
1280 2760 1335 2787 ‚Sic
1359 2760 1406 2788 itti
1431 2763 1526 2791 animi

90 2797 192 2825 nostre·
209 2797 297 2824 sunt:
323 2796 443 2831 yrallae
460 2802 556 2824 crura
575 2803 611 2824 ac
629 2797 723 2831 pedes
741 2798 850 2832 nostri,
872 2805 914 2825 ew
932 2805 966 2826 se
995 2790 1175 2834 ἀκίνητοι,
1203 2802 1259 2829 sed
1277 2803 1316 2829 ab
1335 2804 1436 2832 animo
1456 2812 1525 2833 mo-

91 2835 210 2866 ventur.
239 2834 356 2872 Aliter,
376 2833 434 2864 sed
453 2834 620 2865 admodum
639 2837 787 2870 corrupte
807 2842 859 2870 ap.
872 2836 951 2866 Non.
964 2837 1061 2868 Mero.
1075 2839 1113 2868 11.
1130 2839 1203 2870 361.
1218 2846 1292 2876 pag.
1313 2841 1382 2872 115.
1411 2844 1525 2876 Fam-1.

1545 1881 1609 1911 3¹5
