1726 3106
228 149 311 193 224
788 149 913 193 VAR.
945 151 1101 192 LECT.

230 263 403 302 cz'luclz'm's
444 263 670 301 concitatae.
743 259 795 299 Et
832 261 940 313 paulo
982 269 1066 312 post
1080 261 1154 314 ’Ὦς
1201 265 1467 303 Parma-erunt
1505 277 1662 304 manus.-

221 320 437 370 psephisma
466 326 594 355 nalum
619 324 688 356 est.
748 317 873 368 Atque
905 329 951 354 co
981 319 1227 369 respicientes
1257 319 1352 372 apud
1378 319 1667 371 Aristophanem

227 373 271 413 αἱ
303 370 613 423 ἐκκλησιάζουσαι
651 373 776 420 aiunt,
824 371 1022 411 videndum
1060 373 1129 410 sibi
1164 387 1273 422 esse,
1320 374 1502 427 quomodo
1538 389 1667 415 manus

226 429 360 466 tollere
393 428 576 475 debeant,
614 428 660 467 ad
694 427 982 467 confirmandum
1016 427 1190 468 videlicet
1223 430 1284 478 id,
1324 430 1421 483 quod
1449 431 1668 484 Praxagora

225 484 462 536 pxoposuerit
480 482 580 537 **):

385 546 535 589 Ἐκεῖνο
568 546 601 589 δ’
635 545 682 589 οὗ
711 549 1038 602 πεφροντίκαμεν,
1070 547 1145 589 ότω
1172 547 1299 616 τρόπω

395 602 472 652 Τὰς
498 609 624 658 χεῖρας
653 605 774 656 αἴρειν
802 603 1113 671 μιημονεύσομεν
1140 602 1233 646 τότε.

391 660 627 712 Εἰθισμέναι
653 659 724 714 γάρ
755 661 866 713 ἐσμεν
894 661 976 715 αἴερ
961 677 1014 701 σιν
1047 658 1095 700 σὰ
1123 660 1245 713 σκέλη.

224 737 309 776 Etsi
338 737 534 778 Victorius
572 739 667 776 libro
700 738 916 778 duodecimo
951 738 1149 776 Variarum
1184 739 1379 778 lectionum
1394 739 1488 791 ***)
1530 741 1602 779 alio
1632 740 1669 780 id

225 794 465 832 referendum
496 795 649 844 putavit.
705 794 826 833 Huius
855 803 978 833 autem
1008 794 1285 833 consuetudinis
1316 803 1354 834 ct
1382 796 1478 848 apud
1496 797 1670 849 Aeschy-

225 849 298 888 lum
325 851 363 888 in
395 849 630 900 Supplicibus
662 851 800 887 mentio
833 858 890 888 est
905 850 978 903 †):

375 920 601 988 Πανδημίᾳ
629 918 701 989 γὰρ
728 919 830 972 χερσὶ
856 917 1099 971 δεξιωνύμοις

375 973 564 1029 ’Έφριξεν
594 974 715 1030 αἰθὴρ
742 975 852 1016 τόνδε
881 974 1116 1029 κραινόντων
1142 972 1269 1030 λόγον.

165 1058 167 1061 ’
225 1052 278 1093 Et
305 1054 415 1107 paulo
446 1061 552 1105 post:

397 1116 548 1159 Τοιαῦτ’
583 1116 737 1161 ἀκούων
764 1119 890 1174 χερσιν
914 1117 1085 1174 Ἀργεῖος
1113 1115 1206 1167 λεὼς

377 1172 590 1229 ’Έκραναν.

136 1257 199 1287 235
226 1251 301 1290 Ubi
332 1252 443 1290 etiam
475 1252 706 1290 Scholiastes
744 1253 936 1291 formulam
976 1252 1174 1291 verborum
1205 1251 1332 1302 ponit,
1372 1263 1465 1301 quae
1496 1252 1531 1289 in
1571 1252 1671 1290 eius-

227 1307 329 1346 modi
370 1308 481 1346 rebus
515 1310 691 1358 praeconi
724 1311 858 1346 usitata
896 1315 999 1354 erat,
1041 1304 1168 1360 ἀράτω
1195 1322 1262 1353 τας
1296 1310 1422 1357 χεῖρας
1449 1304 1524 1362 ότῳ
1550 1310 1671 1347 ταῦτα

227 1363 342 1404 δοκεῖ.
399 1363 578 1402 Meminit
606 1371 644 1401 et
670 1363 738 1403 a'ic
746 1364 804 1402 ubi
835 1364 1065 1403 Scholiastes
1094 1361 1280 1401 Nicandri
1297 1361 1398 1414 ††)

750 1495 781 1535 C
812 1495 849 1533 A
876 1496 909 1534 P
935 1495 972 1533 U
1000 1495 1034 1533 T
1090 1495 1143 1533 X.

546 1574 779 1611 Emendams
808 1575 939 1612 Plauti
966 1574 1068 1611 locus
1099 1574 1138 1610 in
1169 1571 1342 1623 Epz'de‘w.

226 1651 397 1709 STULTA
425 1669 605 1722 quaedam
637 1671 866 1709 consuetudo
895 1679 953 1710 est
982 1673 1198 1722 ignavorum
1238 1678 1275 1709 et
1304 1671 1438 1709 nuliius
1466 1671 1576 1722 pretii
1604 1671 1669 1710 ho·

223 1729 387 1772 minum,
428 1735 467 1764 ut
494 1740 575 1764 cum
605 1727 689 1778 quid
728 1728 861 1777 ignave
892 1727 1142 1779 indecor-eque
1175 1728 1364 1772 fecerunt,
1408 1727 1440 1764 si
1470 1727 1670 1767 ostendere

223 1783 369 1835 possint
399 1796 530 1832 magno
559 1783 670 1820 alicui
709 1796 751 1820 ac
780 1784 973 1834 praeclaro
999 1784 1079 1820 viro
1108 1782 1206 1820 idem
1237 1795 1380 1832 quoque
1415 1782 1521 1819 modo
1549 1785 1669 1820 eonti-

223 1840 349 1889 gisse,
382 1838 472 1875 satis
502 1837 537 1874 id
568 1838 640 1875 sibi
671 1850 756 1876 esse
784 1846 846 1875 aut
866 1838 911 1875 ad
943 1838 1201 1876 defensionem
1233 1845 1340 1888 atque
1371 1838 1667 1886 excusationem,

223 1901 286 1932 aut
318 1893 427 1931 etiam
459 1892 504 1930 ad
525 1893 680 1942 g=loxiam
707 1901 744 1930 et
771 1894 1127 1931 commendationem
1158 1894 1399 1931 arbitrentur.
1455 1893 1550 1931 Sic
1541 1906 1669 1932 iocans

222 1949 361 1987 alieubi
384 1948 703 2001 Martialis·}††)
737 1949 934 1999 quendam,
967 1950 1028 2000 qui
1059 1950 1175 1987 maios
1197 1961 1326 1986 versus
1346 1947 1523 1994 faciebat,
1557 1950 1667 1987 etiam

222 2003 445 2041 laudandum
479 2016 563 2042 essc
593 2004 704 2049 dicit,
751 2003 846 2055 quod
879 2018 922 2042 ea
954 2005 990 2042 in
1017 2018 1057 2042 re
1090 2003 1288 2042 Ciceronis
1319 2004 1448 2041 similis
1477 2005 1540 2044 sit.
1602 2004 1669 2043 Sic

223 2060 341 2110 inepti
381 2059 468 2095 otim
507 2059 652 2109 quidam
693 2073 775 2097 eum
816 2059 903 2097 illud
934 2059 1232 2110 impedimentum
1271 2059 1445 2109 linguae,
1487 2072 1557 2110 qno
1589 2059 1668 2098 De·

223 2114 457 2152 mosthenem
498 2114 692 2152 laborasse
729 2116 922 2163 legerant,
968 2116 1226 2159 imitarentur,
1273 2115 1441 2164 germani
1480 2115 1550 2151 sibi
1587 2114 1669 2153 De-

223 2170 438 2208 mosthenes
468 2168 704 2206 videbantur.
764 2169 828 2206 Sic
864 2169 1029 2206 Platonis
1067 2170 1173 2220 paulo
1205 2169 1380 2206 elatiores
1409 2168 1584 2206 humeros
1598 2168 1665 2222 9θὲ),

222 2225 442 2263 Aiistotelis
475 2237 582 2261 unam
605 2220 838 2274 τραυλότητα
866 2225 926 2274 qui
953 2223 1115 2262 studiose
1148 2224 1385 2273 effingerent,
1412 2224 1513 2260 multi
1543 2233 1663 2263 erant.

223 2279 276 2318 Et
305 2279 401 2331 apud
433 2278 743 2332 Terentium**)
773 2279 920 2317 Thraso
959 2292 1040 2317 cum
1083 2278 1196 2318 aedes
1228 2279 1436 2317 meretricis
1477 2292 1668 2331 oppugna.

298 2395 342 2430 κε)
363 2402 432 2429 cap.
453 2395 482 2422 7.
504 2394 537 2429 S.
559 2393 608 2423 17.

298 2448 368 2483 erate)
390 2455 420 2476 v.
443 2448 505 2477 263
524 2454 592 2483 sqq.
631 2446 809 2477 Dindorfius
829 2440 877 2476 τώ
903 2443 1021 2487 σκέλη.

297 2495 391 2531 {etc-21²)
412 2502 481 2530 cap.
503 2495 553 2525 23.

299 2547 397 2587 Ην
374 2549 489 2581 V.607
509 2555 556 2583 sq.
587 2548 621 2576 et
644 2548 704 2578 621
726 2556 775 2585 sq
812 2550 986 2581 posteriori
1014 2551 1083 2580 Ioco
1111 2549 1142 2579 in
1174 2549 1263 2579 editt.
1292 2551 1343 2580 est
1371 2541 1526 2591 ἔκραν’
1554 2543 1664 2580 ι”ινευ

223 2588 395 2631 κλητῆρος
414 2600 470 2628 pro
492 2585 661 2630 ἕκραναν.

300 2641 374 2682 ††)
395 2641 456 2671 Ubi
476 2643 535 2670 hoc
554 2643 814 2670 commemoretur
833 2648 853 2670 a
870 2642 1050 2671 Scholiasta
1068 2642 1227 2676 Nicandri
1249 2642 1356 2671 nescio
1376 2649 1478 2678 neque
1498 2643 1579 2672 enim
1599 2645 1665 2672 tale

223 2679 563 2754 gggd‘ffssmpffgsefiw
592 2680 696 2717 potui3
731 2680 790 2709 sed
816 2679 953 2710 fortasse
979 2681 1109 2716 respicit
1135 2682 1176 2710 ad
1201 2681 1664 2717 Scholiast.'1nuc)d.1ih.1.

299 2764 400 2805 †††)
420 2765 525 2800 Epigr.
546 2767 585 2794 11.
605 2765 656 2795 89.

297 2813 340 2849 ²2²]
363 2813 408 2843 Cf.
430 2815 534 2843 locum
554 2813 692 2843 similem
711 2813 793 2845 infra
811 2813 865 2845 lib.
885 2814 996 2845 xvm.
1019 2821 1087 2852 cap.
1110 2815 1159 2847 19.

298 2862 366 2899 ωε)
386 2864 526 2892 Eunuch.
546 2863 599 2893 lV.
622 2863 652 2900 7,
674 2864 723 2893 13.
