1778 3096
230 125 315 169 330
794 123 922 164 VAn.
957 123 1111 164 LECT.

230 239 309 279 ΡΗ.
348 241 468 286 Tace,
499 239 592 277 noli.
651 234 725 273 ΡΑ.
764 237 906 274 Taceo:
938 247 1021 272 ecce
1050 242 1172 274 autem
1201 236 1292 276 bibit
1320 250 1453 282 arcus,
1479 237 1602 288 pluet,

347 296 482 340 Credo,
506 292 632 331 liet-cle
652 292 776 328 hodie.
825 290 902 327 ΡΗ.
936 292 1015 328 Iam
1035 290 1146 328 de'co?
1190 291 1261 331 ΡΑ.
1287 294 1385 342 Quid
1403 294 1576 330 dicturus
1603 293 1668 331 es?

231 351 310 392 ΡΗ.
343 353 407 390 Me
427 351 601 401 periisse.
661 345 734 383 ΡΑ.
765 347 852 396 Age
881 346 975 383 (lice.
1036 345 1114 383 ΡΗ.
1147 349 1258 385 Anus
1285 349 1396 394 audi,
1427 349 1497 386 ltoc
1523 348 1607 386 volo

348 408 380 445 T
379 419 398 443 e
426 406 548 442 scire.-
576 403 750 453 perditus
776 415 856 438 sum
885 402 1012 438 miser.
1072 400 1146 438 LE.
1178 404 1238 440 Ac
1258 405 1326 452 pot
1350 416 1419 454 ego
1449 403 1582 454 oppido

341 462 526 499 Servata.-
558 458 626 495 scd
651 458 743 508 quid
769 458 852 495 est?
882 457 983 507 quod
1005 457 1195 506 perditum
1225 457 1326 495 lubet

346 518 397 554 Tc
426 516 554 552 dicere
584 512 693 550 esse?
747 511 826 550 ΡΗ.
863 513 957 561 Quia
989 512 1030 548 id
1058 512 1157 562 quod
1185 523 1267 549 amo
1297 525 1411 551 careo
1439 514 1567 551 miser.

230 573 306 612 LE.
340 572 399 609 Ne
420 571 558 621 plora,
589 568 822 606 Phaedrome
854 568 924 604 mi:
955 574 1087 604 curato
1116 573 1178 612 tu,
1210 567 1366 614 amabo,
1394 581 1466 613 me,

341 628 400 664 Nc
426 627 574 670 sitian13
607 637 698 674 ego,
733 623 832 673 quod
859 635 985 668 amas,
1018 624 1091 659 iam
1125 623 1198 659 liuc
1225 623 1408 661 adducam
1439 623 1519 661 tibi.

229 682 309 722 ΡΗ.
347 681 476 720 Tibine
502 680 601 731 ego?
631 680 718 729 quin
747 679 785 715 si
806 690 943 715 mecum
970 690 1100 714 servas
1113 677 1252 727 fidem,

344 737 497 775 Vineam
528 735 600 773 tibi
620 747 693 784 pro
722 745 841 770 aurea
867 740 995 771 statua
1022 739 1211 779 statuam,
1242 745 1338 784 quae
1366 738 1428 770 tuo

340 794 619 832 Monumentum
646 790 803 838 gutturi
826 790 889 826 sit.
954 789 1044 838 Quis
1072 801 1128 825 mc
1160 789 1198 825 in
1231 795 1335 826 terra
1364 789 1441 825 eric

340 843 797 897 Adaequesortunatus,
827 845 863 880 si
890 844 957 881 illu
989 844 1040 881 ad
1066 856 1125 880 me
1155 844 1262 890 bitet,

340 901 550 941 Palinure?
598 900 672 938 ΡΑ.
700 899 878 950 Aedepol
904 899 971 948 qui
996 905 1112 943 amat,
1137 901 1274 936 misera
1303 897 1480 948 afficitur,
1509 897 1548 934 si
1568 901 1672 946 eget,

341 960 555 997 Aerumna.
615 955 693 992 ΡΗ.
724 956 810 993 Non
841 956 895 991 ita
924 960 1002 991 est.-
1031 967 1117 991 nam
1147 954 1292 1004 consido
1322 966 1407 1002 ego,

347 1014 560 1051 Parasitum
591 1011 702 1047 lzoclie
729 1011 802 1047 leuc
828 1022 909 1047 cum
941 1016 1105 1058 argento
1132 1010 1375 1047 adventurum
1407 1021 1540 1046 meum.

233 1068 308 1107 ΡΑ.
344 1070 527 1117 Magnum
557 1067 746 1116 inceptas,
778 1066 819 1102 iel
844 1066 881 1102 si
905 1071 1124 1115 cst-spectas,
1155 1077 1337 1115 nusquam
1367 1064 1467 1114 quod
1494 1069 1564 1100 est.

146 1125 209 1156 399
233 1125 313 1163 ΡΗ.
348 1124 465 1173 Quid,
497 1123 535 1160 si
558 1120 740 1169 adfores
769 1121 925 1165 adeam,
968 1127 1079 1170 atque
1105 1120 1318 1158 occentent?
1376 1118 1447 1157 ΡΑ.
1480 1119 1526 1157 Si
1551 1115 1673 1156 lubet:

137 1178 140 1181 “
344 1181 476 1229 Neque
504 1184 607 1223 veto,
640 1189 758 1226 neque
791 1176 922 1213 iubeo.-
951 1175 1098 1225 quando
1126 1176 1230 1213 video
1260 1188 1329 1225 ego
1359 1181 1396 1213 te

344 1234 555 1273 [inmutatis
585 1232 771 1276 moribus,
804 1231 912 1275 ltere,
946 1244 1025 1267 esse
1058 1238 1170 1282 atque
1199 1231 1365 1281 ingenio.

233 1289 314 1329 ΡΗ.
350 1289 514 1333 Pessuli,
546 1289 637 1325 lzeus
661 1287 826 1337 pessuli,
860 1298 923 1323 vos
951 1286 1076 1323 saluto
1108 1286 1238 1323 libens.

349 1346 425 1382 Vos
453 1356 559 1388 amo,
590 1355 654 1380 vos
686 1343 793 1386 volo,
823 1353 887 1377 vos
912 1347 1000 1390 peto
1031 1347 1143 1391 atque
1174 1341 1345 1378 obsecro.

236 1417 334 1455 Sunt
362 1420 486 1451 autem
517 1413 555 1449 hi
584 1411 655 1449 duo
686 1424 818 1449 versus
847 1423 868 1447 e
899 1412 1089 1462 quaternis
1121 1412 1296 1449 creticis:
1329 1409 1460 1460 quibus
1486 1421 1576 1448 usus
1602 1413 1677 1454 est,

237 1470 410 1522 quoniam
449 1469 481 1505 is
521 1480 696 1505 numerus
736 1466 782 1503 ad
813 1466 1049 1504 saltationem
1087 1473 1143 1504 est
1178 1465 1492 1505 accommodatus.
1551 1464 1680 1516 Itaque

236 1527 293 1565 eis
324 1524 523 1563 utebantur
551 1523 588 1559 in
620 1520 845 1573 Pyrrhicha.

348 1590 513 1630 Amanti
537 1588 632 1626 milii
657 1599 794 1624 morem
821 1588 946 1637 gerite
975 1588 1239 1627 amoenissimi.

237 1656 356 1698 Redit
386 1657 520 1694 iterum
550 1652 597 1691 ad
627 1653 805 1691 creticos.

348 1725 433 1763 Fitc
464 1733 599 1759 caussa
631 1732 712 1757 mea
741 1719 860 1758 Ludii
885 1719 1056 1760 barbari.

350 1779 550 1822 Sassilite,
583 1775 760 1820 obsecro,
794 1782 833 1813 et
861 1777 996 1813 mittite
1027 1772 1298 1823 istancsoras.

355 1836 459 1883 Quae
488 1833 622 1870 misero
653 1831 800 1868 amanti
822 1832 1046 1881 sanguinem
1074 1829 1190 1868 ebibit
1218 1830 1322 1868 milii.

240 1899 405 1939 Rursum
435 1897 483 1937 ad
512 1898 688 1936 creticos.

348 1968 430 2005 Hoc
453 1965 537 2003 vide
567 1971 608 2002 ut
637 1964 828 2002 dormiant
851 1964 999 2014 pessuli
1018 1964 1197 2013 pessumi,

349 2022 432 2060 Nec
461 2032 543 2057 mea
569 2020 703 2069 gratia
733 2025 961 2057 commovent
987 2032 1026 2056 se
1054 2031 1184 2068 ocyus.

350 2076 545 2125 Perspicio
573 2075 687 2111 nihili
714 2087 831 2113 meam
860 2088 925 2112 vos
941 2072 1082 2121 sacer-e
1112 2073 1306 2122 gratiam:

354 2132 416 2169 St.
437 2137 535 2167 tace.
568 2128 641 2167 ΡΑ.
662 2131 782 2167 Taceo
803 2130 952 2168 lter-cle.-
972 2129 1063 2179 quid
1081 2128 1164 2164 est?
1192 2126 1267 2163 ΡΗ.
1283 2127 1341 2164 St.
1361 2125 1523 2163 sonitum
1543 2125 1680 2163 sentio·

359 2186 520 2224 Tandem
551 2185 708 2234 aedepol
731 2186 917 2233 morigeri
929 2185 1039 2234 fiunt
1060 2183 1216 2233 pessuli.

241 2252 300 2291 Ita
338 2258 426 2303 puto
464 2262 615 2288 scenam
654 2249 754 2286 iilam
790 2248 937 2286 restitui
977 2254 1167 2297 oportere.
1229 2244 1307 2284 Sed
1341 2246 1558 2284 varietatem
1595 2258 1684 2284 con-

244 2307 404 2346 sectanti
434 2304 658 2344 omittendus
689 2305 728 2342 in
757 2315 938 2355 praesens
968 2302 1124 2340 Plautus
1156 2309 1228 2340 est.

742 2392 1032 2432 CAPUT
1086 2392 1185 2433 XV.

308 2465 365 2503 De
397 2464 536 2501 misera
559 2474 687 2501 rerum
716 2461 961 2498 humanarum
993 2460 1205 2497 conditione
1233 2473 1253 2497 e
1284 2461 1424 2498 Seneca
1458 2459 1623 2509 Tragico

613 2518 772 2567 aliz‘sque
800 2515 1049 2566 scrzptoribus
1076 2516 1319 2565 disputatum.

245 2575 333 2632 Ex
373 2595 542 2633 omnibus
582 2594 755 2633 Senecae
789 2591 1014 2643 Tragoediis
1053 2592 1246 2642 plurimum
1289 2592 1378 2630 mihi
1421 2604 1571 2643 semper
1607 2590 1685 2642 pla-

248 2658 405 2689 cuerunt
447 2651 644 2696 Troades3
698 2662 850 2700 quarum
895 2649 1005 2684 etiam
1047 2648 1132 2685 olim
1172 2661 1342 2697 magnam
1387 2655 1528 2698 partem
1572 2647 1685 2683 animi

248 2719 385 2744 caussa
414 2705 573 2743 Graecis
613 2704 786 2742 versibus
823 2715 1085 2754 expresseram
1100 2702 1165 2755 ἢ).
1226 2703 1339 2741 Nunc
1375 2715 1520 2754 quoque
1558 2714 1686 2740 earum

248 2761 470 2813 principium
502 2761 656 2811 agitanti
696 2759 805 2798 multa
842 2759 881 2796 in
917 2764 1077 2796 mentem
1116 2759 1290 2805 veniunt,
1329 2770 1424 2810 quae
1461 2758 1685 2796 committam

324 2846 369 2882 *J
390 2846 461 2877 Vid.
481 2846 598 2877 Mureti
617 2846 793 2883 Epistulam
814 2846 854 2875 ad
875 2845 1048 2875 Gerardum
1069 2845 1149 2883 Opp.
1170 2832 1264 2876 Tom.
1277 2847 1301 2877 1.
1321 2852 1394 2881 pag,
1415 2847 1485 2877 518.
