1726 3106
114 1054 179 1086 214

209 140 294 184 204
778 143 906 185 VAR.
937 143 1093 187 LECT.

209 254 347 293 mortui
377 260 487 301 sunt,
517 253 651 305 partim
684 262 858 302 cessant,
901 262 1084 308 tamquam
1114 256 1185 295 sibi
1219 258 1312 296 satis
1343 269 1431 296 esse
1457 254 1654 305 ducentes,

210 309 309 362 quod
341 323 475 348 novum
504 322 597 360 opus
627 310 711 348 aliis
742 312 968 350 nunciarint.
1030 311 1125 350 Sunt
1154 320 1191 351 et
1220 314 1295 351 fuci
1318 311 1541 365 quidam*),
1576 315 1653 364 qui,

209 377 305 416 quae
341 366 412 402 iam
450 364 592 416 pridem
634 373 672 403 et
711 379 732 404 a
763 379 821 405 me
851 374 888 404 et
915 367 961 405 ab
991 367 1074 405 aliis
1104 376 1226 406 notata
1258 381 1302 406 ac
1333 369 1521 420 publicata
1551 375 1654 415 sunt,

209 433 256 458 ea
297 421 520 470 colligentes
560 428 598 458 et
641 435 708 473 pro
738 423 815 459 suis
844 422 1079 473 impudenter
1105 424 1340 462 venditantes
1371 423 1564 462 Plautinas
1593 437 1657 462 co-

207 474 402 522 moedias‚
447 477 483 512 in
524 476 657 527 quibus
693 478 804 515 multa
841 478 991 529 integra
1028 478 1298 542 depravarunt,
1342 480 1454 517 multa
1480 486 1657 529 corrupta

207 529 356 568 foedius
396 532 508 568 etiam
545 541 817 587 corruperunt,
861 541 901 571 ut
941 547 962 571 a
993 547 1033 571 se
1064 535 1100 571 in
1133 535 1325 599 pristinum
1356 537 1514 573 nitorem
1545 534 1656 572 resti-

207 591 285 623 tuta
300 582 400 637 aaz),
433 586 546 625 edere
577 601 650 625 non
681 596 873 626 verentur.
936 589 1166 640 Quamquam
1199 591 1340 640 igitur,
1374 590 1471 643 quod
1501 591 1538 628 in
1567 590 1654 627 aliis

206 641 297 679 mihi
334 641 497 688 accidit,
535 642 633 681 idem
669 645 704 681 in
744 645 799 681 eis
836 657 1007 708 quoque,
1048 657 1143 697 quae
1182 645 1239 683 his
1276 646 1382 684 libris
1421 648 1652 697 inspergam,

206 696 298 734 mihi
337 705 555 736 eventurum
586 705 790 749 auguratur
819 701 988 738 animus:
1036 701 1211 751 experiar
1236 708 1382 748 tamen,
1423 714 1544 752 neque
1573 707 1656 738 tan-

202 758 283 789 tum
322 752 419 803 apud
459 766 516 791 me
545 754 675 793 valere
706 755 823 792 sinam
855 756 1056 806 quamlibet
1092 757 1223 795 iustam
1253 756 1573 807 indignationem,
1615 762 1656 794 ut

207 820 283 846 non
323 808 405 859 plus
435 810 559 847 valeat
587 810 757 847 utilitatis
784 811 954 861 publicae
989 811 1099 849 ratio.
1160 812 1217 850 Ae
1247 825 1359 850 nunc
1375 811 1520 863 quidem
1549 819 1655 849 vete-

206 875 271 901 res
307 865 545 902 coniecturas
588 877 689 903 meas
727 879 928 916 proponam
970 866 1017 904 de
1055 867 1273 917 quibusdam
1313 868 1404 905 loeis
1448 880 1469 905 e
1507 867 1655 906 Trucu-

203 918 331 965 lento,
363 919 496 971 quibus
527 916 550 960 ὁ
577 920 787 973 μακαρίτης
802 922 1003 960 Turnebus
1019 919 1120 975 *⁴⁶⁴5
1152 923 1261 962 aliter
1287 922 1506 962 medicinam
1525 923 1655 961 facere

207 982 363 1013 conatus
392 982 462 1013 est.
524 975 635 1024 Quod
664 978 763 1015 enim
791 978 845 1015 ita
873 978 984 1029 vulgo
1012 978 1152 1029 legitur
1164 978 1242 1032 †):
1309 979 1311 982 ’

291 1054 525 1104 Supplicium
557 1055 611 1093 ad
637 1061 675 1094 te
702 1057 802 1094 hane
831 1057 967 1102 minam
981 1056 1076 1109 fero
1100 1057 1204 1096 auri.
1240 1070 1243 1073 ’
1264 1056 1423 1104 Sz’mz'hi
1441 1055 1652 1108 vz'despz'ee:

205 1128 246 1169 id
274 1130 337 1170 ille
365 1131 419 1169 ita
447 1131 647 1183 legendum
677 1140 830 1171 censet:

653 1213 701 1250 Se·
724 1212 820 1250 mz’lzz‘
844 1212 970 1258 rides,
999 1213 1117 1263 spice.

203 1284 259 1325 At
287 1300 359 1338 ego
386 1288 459 1326 hoe
487 1286 596 1325 modo
627 1289 889 1327 conieceram:

315 1355 547 1405 Supplicium
579 1355 632 1392 ad
660 1361 695 1393 te
717 1357 815 1394 hanc
839 1356 976 1394 minam
984 1355 1081 1407 sero
1099 1356 1301 1408 purissimi
1321 1356 1422 1393 auri.
1482 1354 1650 1405 Respice.

203 1429 340 1482 Neque
380 1430 464 1469 dum
505 1444 564 1470 me
602 1433 771 1484 poenitet
809 1434 1063 1473 coniecturae.
1138 1433 1249 1482 Quod
1287 1440 1410 1471 autem
1447 1433 1485 1470 in
1523 1430 1654 1471 eadem

203 1485 329 1524 fabula
358 1494 415 1524 est
430 1485 532 1539 ††),

315 1554 401 1591 Non
432 1555 529 1591 enim
550 1561 715 1605 possunt
739 1556 923 1593 militares
946 1556 1066 1606 pueri
1090 1561 1131 1593 et
1156 1567 1179 1593 a
1208 1555 1267 1592 vio
1296 1554 1457 1592 educere
1474 1569 1487 1591 .·

203 1623 268 1662 ille
299 1624 350 1662 ita
385 1625 498 1675 legit,
539 1632 579 1663 et
605 1638 628 1663 α
658 1627 719 1664 via
746 1627 917 1666 educz‘er.
974 1625 1060 1677 Ego
1099 1632 1220 1664 autem
1251 1631 1404 1663 rectumv
1425 1623 1653 1670 iudicabam,

205 1679 302 1731 quod
332 1681 369 1718 in
398 1680 588 1718 veteribus
616 1680 721 1719 libris
751 1695 991 1733 repereram,
1023 1683 1172 1720 setania
1206 1681 1382 1720 educz'er:
1423 1687 1509 1726 aut,
1548 1687 1589 1718 ut
1615 1680 1653 1717 in

203 1736 287 1773 aliis
317 1737 406 1774 item
436 1736 644 1782 veteribus,
675 1740 820 1776 setanio
845 1739 997 1775 educz‘er‘
1014 1737 1146 1791 †††).
1206 1738 1402 1782 Setam‘um
1433 1736 1558 1782 enim,
1590 1741 1655 1773 aut

202 1793 382 1840 setania,
420 1799 505 1837 aut,
547 1799 588 1829 ut
613 1792 710 1843 apud
741 1792 1005 1833 Dioscoridem
1037 1800 1074 1831 et
1102 1792 1404 1843 Theophrastum
1418 1789 1464 1844 ᾗ)
1497 1791 1653 1842 legitur,

202 1849 406 1893 sz'tam'um,
439 1848 496 1885 vel
524 1850 691 1894 sicania,
722 1861 843 1899 genus
874 1849 1022 1899 mespili
1054 1855 1113 1886 est
1141 1849 1179 1885 in
1209 1848 1320 1886 ltalia
1347 1848 1546 1897 frequens:
1588 1859 1655 1884 cu-

203 1902 263 1940 ius
302 1903 425 1940 multis
456 1903 548 1941 locis
579 1910 616 1941 et
641 1903 736 1955 apud
765 1902 1011 1956 Plinium**)
1043 1905 1181 1942 mentio
1210 1909 1281 1941 est.
1342 1903 1427 1941 Hoc
1454 1902 1570 1952 igitur
1599 1901 1655 1939 di-

205 1958 257 1996 cit
290 1960 493 2005 meretrix,
535 1972 608 1997 non
644 1973 756 2011 posse
795 1960 979 1998 militares
1011 1973 1149 2011 pueros
1176 1959 1311 1997 vilibus
1341 1965 1378 1996 et
1405 1958 1511 2009 parvi
1540 1957 1655 2008 pretii

204 2013 300 2051 cibis
331 2013 507 2060 educari,
540 2015 747 2053 cuiusmodi
777 2023 835 2054 est
866 2016 1026 2054 setania.
1085 2015 1145 2053 Ac
1177 2015 1306 2052 nescio
1343 2026 1415 2065 quo
1447 2011 1556 2051 modo
1588 2011 1655 2050 du—

204 2075 265 2107 rat
293 2068 476 2118 hodieque
504 2069 602 2120 apud
631 2071 745 2108 Italos
774 2070 872 2109 idem
901 2069 1076 2122 loquendi
1103 2083 1222 2121 genus
1251 2070 1289 2107 in
1319 2081 1496 2107 sermone
1524 2068 1651 2118 vulgi:

204 2130 272 2170 ut,
304 2125 337 2161 si
367 2125 480 2162 multa
508 2138 551 2162 ac
582 2139 714 2175 magna
744 2127 884 2176 requiri
914 2126 959 2163 ad
989 2126 1128 2177 aliquid
1158 2124 1392 2162 efficiendum
1421 2123 1653 2174 significent,

205 2178 357 2226 dicant,
397 2178 498 2217 aliud
528 2181 672 2232 requiri
700 2193 808 2232 quam
838 2181 1008 2233 mespila.
1065 2180 1138 2218 Est
1165 2187 1203 2218 et
1237 2192 1375 2232 caepae
1403 2191 1524 2230 genus
1554 2184 1656 2216 seta-

203 2349 245 2381 v
264 2351 295 2380 6
280 2312 458 2380 ’ἩἙῼυειΠε
478 2312 608 2344 Coelius
628 2311 792 2342 Secundus
812 2311 927 2350 Curio,
957 2312 997 2341 de
1014 2319 1077 2348 quo
1097 2311 1163 2341 vid.
1190 2311 1244 2341 lib.
1264 2312 1320 2342 111.
1338 2316 1409 2346 cap.
1428 2310 1481 2340 13.
1500 2310 1582 2339 extr.
1602 2308 1655 2339 17.

368 2358 439 2379 ansi

297 2399 350 2434 ²³12]
372 2400 451 2428 Cum
472 2398 588 2427 Faesio
608 2397 731 2432 corrige
751 2397 927 2436 restitutas,
962 2397 1110 2433 quoniam
1128 2398 1210 2427 haee
1227 2397 1329 2427 verba
1354 2396 1397 2427 ad
1415 2396 1581 2427 Plautinas
1597 2401 1655 2424 co-

204 2437 343 2466 moedias
363 2437 546 2465 necessario
567 2436 734 2465 referenda
753 2438 838 2464 sunt.

280 2486 375 2521 zzz-³:³1³)
396 2486 574 2515 Adversar.
594 2485 650 2515 lib.
669 2486 723 2514 XI.
744 2490 813 2520 cap.
834 2484 886 2513 21.

281 2532 329 2572 †)
349 2535 387 2563 v.
409 2535 440 2563 8.

280 2580 523 2669 ξῇξ-ἶὲἐξῑᾈε
542 2632 624 2659 haec
641 2629 871 2666 interpretatus
890 2631 941 2660 est
960 2631 1108 2660 Rostius·

318 2680 410 2708 Denn
429 2680 687 2708 Soldatenkinder
706 2680 788 2707 kann
805 2685 876 2707 man
895 2680 978 2708 nicht
996 2681 1063 2708 mit
1082 2681 1166 2708 Kno
1178 2679 1262 2708 llen
1282 2676 1475 2713 auferziehn.

281 2734 327 2769 ἓξ)
348 2735 444 2770 Apud
471 2734 560 2764 illum
586 2734 640 2764 lib.
661 2736 684 2764 1.
709 2730 805 2772 Κεφ.
830 2724 920 2773 ροοί.
941 2741 1012 2768 pag.
1037 2734 1106 2763 149.
1134 2734 1184 2762 ed.
1214 2733 1325 2763 Colon.
1353 2722 1540 2764 σπάνιον,
1567 2728 1654 2764 apud

205 2778 289 2807 hunc
307 2777 591 2809 Hist.Plant.111.
613 2774 881 2818 112.μέσπιλος
904 2770 1089 2815 σητάνειος
1107 2779 1157 2808 ed.
1177 2779 1316 2808 Amstel.
1353 2779 1464 2807 Fusa

291 2825 351 2860 ⁴³2⁴}
372 2826 411 2854 Η.
430 2828 468 2856 N.
489 2828 545 2857 lib.
564 2828 633 2857 XV.
654 2835 724 2862 cap.
745 2828 796 2858 20.
815 2835 843 2857 s.
863 2828 913 2856 22.
931 2828 962 2863 5.
977 2828 1028 2856 84.
1068 2828 1249 2864 caeparum
1268 2833 1369 2862 genus
1389 2825 1534 2856 eiusdem
1551 2822 1655 2853 nomi-

204 2859 257 2892 nis
275 2865 466 2895 memoratur
484 2865 542 2896 lib.
560 2866 641 2896 XIX.
661 2873 732 2903 cap-
751 2867 783 2898 6.
801 2873 828 2897 s.
848 2867 898 2896 32.
918 2866 952 2903 5.
973 2866 1045 2897 101.
