1726 3106
499 142 600 184 LIB.
629 141 682 182 X.
742 140 861 180 CAP.
896 140 1007 180 XIX.
1397 141 1479 183 235

43 267 159 292 annos
197 253 345 303 viginti.
403 250 527 302 Atque
557 264 655 301 ego,
698 263 792 302 quae
820 257 895 288 tum
926 249 1098 288 Manutio
1128 249 1310 296 indicavi,
1346 249 1479 291 eadem

43 310 188 361 publice
228 309 424 345 docueram
459 307 632 345 Lutetiae
674 306 923 357 quinquennio
961 313 1047 343 ante
1085 312 1122 343 et
1160 319 1241 343 cum
1272 306 1351 357 ipso
1381 307 1480 344 Tur-

42 365 137 402 nebo
179 361 608 413 communicaveramss‘).
682 361 746 399 Sic
795 367 1024 398 venustatem
1077 357 1161 400 ἀντὶ
1200 364 1270 412 τῆς
1316 359 1357 400 ἐν
1399 365 1481 409 τοῖς

43 418 234 472 ἐρωτικοῖς
280 414 546 467 εὐδαιμονίας,
593 424 629 454 et
668 418 898 454 invenustum
940 429 1006 465 pro
1049 429 1121 463 e0,
1173 418 1233 467 qui
1271 429 1399 467 parum
1440 418 1479 455 in

43 487 169 511 amore
211 473 300 510 felix
340 479 465 517 esset,
509 479 679 523 tanquam
720 484 742 509 a
776 482 815 507 se
861 471 1017 520 primum
1058 471 1314 509 animadversa
1354 471 1481 522 prodi-

43 526 212 579 distet),
253 541 334 564 cum
365 540 438 577 ego
468 535 553 565 ante
582 539 698 564 annos
727 526 807 576 plus
837 525 957 562 minus
988 526 1140 575 triginta
1170 526 1298 564 eadem
1332 526 1481 565 docuis-

42 596 120 621 sem
155 584 190 620 in
220 583 380 621 Selioliis
418 582 633 633 quibusdam
677 582 769 619 meis
807 581 844 617 in
874 578 1235 632 Terentiumffiffl),
1280 594 1373 632 quae
1403 589 1480 620 tum

38 637 158 676 edidit
192 638 365 675 Lutetiae
405 637 571 675 Micliaiz'l
603 638 855 674 vascosanus.
916 635 981 672 Sic
1018 636 1205 673 detestata
1243 636 1338 686 apud
1370 637 1482 675 Cice-

42 706 168 731 ronem
207 693 253 730 de
282 692 534 745 Legib11s†):
577 691 671 743 quod
705 698 828 728 tamen
869 691 957 727 mihi
996 703 1037 728 se
1077 689 1215 728 debere
1245 698 1375 741 postea
1405 693 1483 730 fas-

44 761 106 785 sus
137 747 304 800 est-1⁰1⁴).
365 749 429 785 Sic
458 750 526 785 alia
560 748 687 799 multa,
718 759 810 797 quae
840 758 1068 796 percensere
1093 753 1130 782 et
1160 746 1305 795 longum
1338 754 1375 785 et
1405 761 1484 785 mo-

42 803 173 841 lestum
214 804 325 840 foret.
394 805 517 854 Atque
556 802 649 839 adeo
683 803 774 839 haec
818 801 898 852 ipsa
935 802 1170 838 reticuissem
1210 802 1353 839 libens:
1402 803 1483 840 scio

42 859 140 896 enim
180 858 330 896 lectoris
367 859 457 895 nihil
489 859 698 902 interesse,
739 857 819 908 quis
863 857 1003 907 primus
1042 855 1179 906 aliquid
1210 856 1403 895 docuerit:
1446 864 1484 895 et

41 920 165 950 tantus
197 915 233 950 in
264 913 400 951 litteris
429 913 628 951 Turnebus
661 912 747 954 fuit,
789 918 830 949 ut
859 925 926 948 suo
951 911 1105 961 quodam
1137 912 1220 949 iure
1245 925 1326 949 mea
1360 913 1484 950 omnia

43 968 114 1005 sibi
156 968 345 1006 vindicare
385 970 548 1019 potuisse
578 967 771 1005 videatur:
814 966 878 1004 sed
910 967 998 1003 mihi
1037 967 1263 1004 stomachum
1296 967 1483 1005 interdum

43 1030 190 1060 movent
231 1024 414 1062 furunculi
446 1022 590 1073 quidam
624 1029 779 1073 egentes
810 1035 854 1059 ac
885 1021 1071 1066 famelici,
1112 1022 1197 1072 qui,
1239 1021 1335 1073 quod
1372 1036 1393 1061 a
1425 1035 1483 1061 me

42 1079 130 1116 talia
160 1079 300 1128 negligi
330 1092 373 1116 ac
401 1078 624 1115 dissimulari
654 1077 806 1122 vident,
846 1090 928 1114 mea
960 1077 1031 1113 iam
1062 1076 1285 1128 Mysorum,
1318 1084 1360 1115 ut
1391 1077 1485 1116 dici-

43 1140 127 1179 tur,
170 1133 344 1183 praedam
362 1132 477 1185 †††)
520 1139 660 1183 putant.
719 1131 823 1178 Quos
854 1138 894 1169 ut
922 1132 1114 1182 quiescant
1143 1144 1297 1169 moneo:
1340 1140 1407 1178 et,
1453 1133 1486 1170 si

42 1187 187 1239 quidvis
224 1188 292 1225 sihi
337 1195 466 1238 putant
503 1188 617 1225 licere
658 1188 693 1224 in
734 1199 803 1232 ea,
842 1199 936 1238 quae
981 1200 1001 1223 a
1040 1199 1097 1223 me
1127 1188 1297 1236 privatim
1328 1200 1485 1237 accepe-

43 1250 152 1288 runt,
191 1243 237 1279 iis
268 1243 395 1280 saltem
426 1243 638 1280 abstineant
669 1255 821 1287 manus,
861 1253 953 1291 quae
992 1239 1092 1278 edita
1123 1242 1194 1278 iam
1224 1254 1267 1278 ac
1299 1243 1485 1291 publicata

44 1305 149 1336 sunt:
188 1310 233 1335 ne
259 1299 368 1335 etiam
399 1304 545 1335 tacente
576 1310 634 1334 me
664 1297 845 1347 plurimos
874 1303 911 1332 et
940 1296 1141 1332 iniustitiae
1172 1303 1209 1333 et
1237 1296 1485 1347 impudentiae

45 1365 134 1391 suae
166 1359 282 1390 testes
314 1366 380 1391 suo
407 1353 479 1391 sibi
509 1353 713 1404 praeconio
744 1352 925 1401 colligere
956 1351 1051 1388 velle
1079 1350 1290 1389 videantur.

527 1472 558 1510 C
589 1472 626 1510 A
657 1471 688 1509 P
718 1470 754 1509 U
785 1470 819 1509 T
876 1470 1001 1510 XIX.

336 1550 529 1588 Illzcstrate'
554 1563 602 1587 ew
633 1550 721 1588 Odz's
746 1550 902 1587 Horatii
925 1550 1071 1600 aliquot
1098 1549 1185 1587 loci.

47 1631 228 1687 Sonti-As
279 1648 429 1686 deorum
475 1649 686 1686 tutelarium
703 1645 749 1699 ³ik)
789 1647 933 1697 effigies
972 1648 1009 1684 in
1049 1660 1160 1698 prora
1196 1654 1259 1684 aut
1300 1647 1336 1685 in
1378 1648 1488 1699 puppi

47 1707 191 1743 navium
230 1704 330 1742 edito
360 1711 468 1754 atque
500 1704 674 1741 eminenti
705 1703 785 1740 loco
814 1703 1013 1748 collocari,
1056 1709 1093 1740 et
1121 1702 1185 1740 alii
1198 1700 1272 1756 iW)
1304 1716 1392 1741 vere
1423 1717 1489 1741 no-

50 1768 174 1799 tarunt
202 1759 249 1798 ad
279 1760 377 1797 illum
414 1759 560 1796 Horatii
589 1772 738 1797 versum
754 1756 873 1810 ³Wss),

295 1837 382 1875 Non
413 1836 474 1881 di,
507 1849 598 1887 quos
627 1837 764 1874 iterum
795 1848 929 1886 pressa
958 1848 1065 1873 voces
1095 1835 1210 1881 malo,

47 1922 85 1953 et
110 1913 322 1952 confirmari
354 1919 476 1963 potest
503 1913 722 1952 auctoritate
751 1914 889 1953 veteris
908 1911 1151 1950 Grammatici
1180 1912 1401 1964 exponentis
1421 1912 1489 1951 hos

48 1983 180 2009 versus
210 1982 258 2008 ex
283 1967 420 2006 Iliados
449 1981 544 2005 nono
564 1967 639 2020 †):

270 2048 433 2084 Στεῦται,
457 2040 528 2096 γὰρ
557 2047 662 2096 νηῶν
690 2041 909 2095 ἀποκόψειν
938 2039 1037 2096 ἄκρα
1065 2039 1255 2097 κόρυμβα,

269 2097 403 2148 Αὐτάς
433 2099 469 2139 τ’
503 2098 711 2152 ἐμπρήσειν,
737 2103 901 2153 μαλεροῦ
932 2096 1068 2152 πυρός.

125 2225 168 2259 *J
190 2224 236 2253 Cf.
257 2224 372 2252 Lazeri
393 2224 494 2252 Diatr.
517 2223 555 2252 de
575 2223 637 2253 Vit.
660 2225 691 2252 et
712 2225 777 2252 scr.
799 2224 912 2252 Mutet.
933 2229 1006 2258 pag.
1027 2223 1098 2252 526.
1139 2224 1197 2251 Fn.

126 2273 193 2307 θεὲ-κε)
214 2273 351 2301 Advers.
372 2271 426 2301 lib.
447 2273 543 2300 xxn.
565 2278 634 2306 cap.
657 2273 705 2301 18.

125 2320 217 2355 *it-³¹⁶²)
239 2321 307 2349 Vid.
340 2321 416 2355 opp.
438 2322 524 2349 Tom.
545 2322 583 2349 11.
613 2326 685 2355 pag.
713 2319 785 2349 665.
833 2321 922 2348 Haec
947 2322 1053 2349 autem
1079 2318 1207 2348 Scholia
1234 2317 1265 2346 in
1287 2317 1439 2347 Andriam
1461 2318 1494 2347 et

51 2360 236 2386 Eunuchum
269 2358 400 2392 primuni
429 2359 525 2386 edidit
554 2358 655 2386 Paris,
679 2359 768 2385 1551.
796 2358 835 2386 de
864 2359 977 2392 quibus
1009 2358 1082 2385 vide
1112 2358 1213 2390 insum
1244 2357 1433 2391 Opp.'s01u.
1454 2357 1493 2384 11.

52 2402 124 2430 pag.
144 2397 214 2424 662.
237 2399 267 2424 et
287 2397 414 2424 Ruunk.
436 2396 467 2424 in
487 2395 593 2425 Praef.
614 2396 654 2424 ad
676 2396 763 2423 Toni.
785 2397 837 2424 lv.
860 2403 930 2430 pag.
952 2397 1034 2424 xix.
1075 2397 1186 2423 Ffflsi.

55 2487 117 2515 pag
128 2441 247 2507 -l-ssnlih
269 2445 306 2472 11.
332 2451 402 2479 cap.
424 2446 473 2474 11.
512 2444 582 2473 Vid.
610 2443 750 2473 'furnebi
779 2444 857 2479 Opp.
886 2444 1002 2472 omnia.
1041 2444 1210 2478 Argentor.
1238 2441 1330 2472 1600.
1360 2443 1448 2471 Tom.
1469 2442 1494 2469 1.

131 2526 203 2565 ††)
225 2529 364 2558 Advers.
385 2529 439 2558 lib.
460 2531 542 2559 XIV.
564 2536 630 2565 cap.
651 2529 681 2559 6.

131 2581 231 2620 -ξ-»Ηῆ
253 2585 462 2613 proverbium
490 2587 643 2614 Graecum
667 2579 812 2612 Μυσῶν
835 2579 933 2619 λεία,
963 2584 1001 2612 de
1032 2592 1093 2619 quo
1127 2587 1188 2615 vid.
1210 2585 1351 2615 Bekkeri
1373 2586 1493 2615 Anecd.

56 2622 108 2650 Gr.
130 2622 200 2649 Vol.
221 2622 244 2648 Ι.
266 2628 335 2654 pag,
357 2623 435 2658 279,
461 2624 507 2650 15.
548 2623 594 2651 cf.
616 2623 733 2652 Victor.
755 2625 796 2652 ad
815 2624 950 2652 Aristot.
972 2624 1101 2651 Rhetor.
1124 2626 1144 2652 1.
1166 2632 1236 2658 pag.
1262 2625 1329 2651 195.

131 2669 173 2703 ἕξ)
194 2670 260 2697 Hoc
281 2669 438 2698 adiectivo
466 2670 514 2698 usi
545 2674 617 2699 sunt
644 2675 792 2701 auctores
817 2679 928 2708 parum
954 2672 1076 2710 idonei,
1107 2673 1140 2701 ut
1161 2672 1357 2710 Macrobius,
1387 2672 1497 2701 Arnu-

56 2706 145 2741 biuS,
169 2707 232 2734 vid.
254 2707 380 2734 Krebsii
400 2708 563 2737 Antibarb.
586 2716 656 2744 pag.
678 2710 740 2739 484
760 2718 807 2746 sq.

131 2755 199 2789 *te-12³)
222 2757 256 2783 ut
276 2755 457 2784 Lambinus.

133 2802 226 2837 *iz-³2³)
250 2803 305 2830 021.
327 2805 349 2832 1.
373 2804 430 2839 14,
455 2803 502 2832 10.

134 2851 180 2889 ³5)
204 2859 234 2880 v.
257 2851 315 2881 241
338 2859 384 2887 sq.
408 2851 461 2882 uhi
482 2852 545 2882 vid.
567 2853 670 2882 schol.
690 2852 820 2882 minora.
