1778 3096
163 293 228 323 313

164 2297 228 2327 314

259 117 342 161 300
827 119 953 160 VAR.
987 119 1140 161 LECT.

254 232 343 282 λησι
367 226 541 284 μεγάλων
566 231 699 269 κακῶν
727 226 842 282 ἅρξει.
891 229 981 268 Fuit
1011 237 1133 269 autem
1153 231 1337 283 Virgilius
1365 231 1578 283 gravissimi
1606 231 1704 270 illius

256 299 382 324 rerum
422 286 616 336 scriptoris
655 284 973 324 studiosissimus:
1018 293 1059 324 ut
1086 287 1212 325 multis
1249 289 1436 339 certisque
1473 288 1702 338 argumentis

254 342 424 394 pervinci
453 341 563 379 facile
594 347 732 392 potest.

738 472 1023 512 CAPUT
1077 472 1234 513 XVII,

304 550 464 590 Probum
492 564 615 590 vocem
644 565 723 589 esse
751 550 966 590 Exanclare
996 558 1033 590 et
1061 558 1199 590 temere
1228 551 1276 589 ab
1305 553 1392 590 alz‘e's
1421 553 1650 590 damnatam.

253 632 575 689 Exaxmmm
604 651 757 688 verbum
789 651 964 702 numquid
995 665 1017 689 a
1038 650 1184 689 Latinis
1210 652 1454 702 scriptoribus
1485 658 1701 703 usurpatum

254 709 326 753 sit,
357 720 422 756 pro
451 714 556 745 certo
600 714 637 744 et
669 706 861 758 explorato
891 715 1055 745 statuere
1091 721 1163 744 non
1194 708 1327 745 ausim.
1386 707 1428 745 Si
1457 708 1538 757 quis
1577 714 1700 745 tamen

254 776 301 800 ex
331 775 412 807 me,
458 761 544 813 quid
575 762 753 806 sentiam,
798 762 992 813 rogetffi,
1036 763 1275 814 peregrinum
1306 776 1390 800 esse
1420 763 1618 808 existimo,
1663 768 1702 799 et

254 818 403 856 Graece
427 817 574 868 quidem
596 824 700 854 recte
724 816 799 853 dici
825 816 1023 866 ἐξαντλεῖν,
1045 817 1110 855 sed
1131 818 1267 855 Latine
1288 817 1452 870 loquenti
1476 818 1698 862 exanclare,

253 888 327 911 non
359 875 560 911 eoeantlare
589 871 784 910 dicendum
804 872 898 923 Μ).
959 874 1044 920 Quo
1076 873 1194 923 magis
1225 873 1363 919 miror,
1401 871 1489 923 quid
1521 870 1702 910 acciderit

252 929 399 967 cuidam
415 927 539 980 *Μὴ
582 928 643 979 qui
676 940 757 965 eam
788 940 940 974 vocem,
970 930 1052 980 ipsa
1082 930 1181 966 enim
1213 927 1371 966 hominis
1402 927 1517 965 verba
1547 939 1699 978 ponam,

252 997 374 1036 neque
415 983 461 1022 ab
501 983 576 1021 ulla
618 982 775 1028 Latina,
825 996 947 1035 neque
989 984 1034 1022 ab
1084 984 1159 1021 ulla
1200 984 1348 1022 Graeca
1383 995 1478 1021 voce
1515 983 1700 1032 originem

251 1040 394 1078 habere
433 1052 546 1090 posse
585 1045 622 1076 et
662 1051 709 1076 ex
748 1039 862 1076 totius
905 1040 1052 1089 linguae
1088 1038 1246 1077 Latinae
1284 1039 1418 1076 linibus
1457 1036 1700 1087 ablegandam

253 1108 338 1134 esse
370 1094 546 1132 audacter
575 1094 839 1145 pronuntiavit.
900 1094 1058 1133 Poterat
1088 1101 1216 1141 certe,
1256 1096 1317 1146 qui
1347 1102 1419 1131 tam
1452 1093 1577 1131 multis
1605 1093 1700 1130 locis

252 1152 412 1189 alienam
434 1151 470 1188 in
502 1150 572 1187 hoe
596 1162 738 1200 genere
762 1148 954 1187 audaciam
985 1157 1153 1196 accusat,
1176 1151 1333 1202 ipsemet
1358 1148 1562 1187 modestius
1583 1148 1697 1199 loqui.

253 1205 329 1245 Sed
361 1219 433 1243 non
465 1212 523 1243 est
552 1219 707 1250 novum,
747 1212 786 1242 ut
816 1218 887 1255 quo
919 1206 1073 1256 quisque
1103 1206 1192 1242 vitio
1223 1206 1382 1243 maxime
1411 1204 1577 1250 laborat,
1617 1204 1699 1241 eius

253 1274 296 1299 se
327 1261 364 1298 in
395 1261 478 1298 aliis
508 1261 729 1298 acerrimum
765 1272 809 1297 ac
839 1260 1207 1299 vehementissimum
1248 1260 1559 1311 reprehensorem
1588 1258 1702 1309 profi-

252 1324 390 1355 teatur.
442 1312 631 1369 Ἀγκύλον
667 1327 819 1352 curvum
851 1322 930 1352 est:
974 1323 1012 1353 et
1043 1314 1128 1353 inde
1161 1323 1220 1353 est
1255 1317 1419 1366 angulus
1457 1322 1495 1352 et
1530 1315 1697 1363 aneylz'a,

254 1379 376 1416 scuta,
407 1379 446 1409 ut
466 1373 518 1409 ait
539 1369 684 1408 Nonius
699 1369 764 1422 †),
794 1369 970 1420 grandia:
1002 1377 1040 1408 et
1059 1373 1207 1421 ancyle,
1230 1378 1268 1407 ut
1285 1372 1336 1408 ait
1358 1369 1577 1421 Hesychius
1592 1368 1696 1422 ††),

253 1427 376 1478 poculi
405 1439 546 1477 genus:
582 1424 620 1462 id
652 1432 729 1470 est,
762 1432 802 1462 ut
830 1438 900 1474 ego
928 1426 1107 1471 arbitror,
1139 1426 1317 1464 seutella:
1350 1432 1385 1464 et
1417 1424 1502 1463 inde
1533 1431 1593 1462 est
1620 1424 1699 1462 La-

252 1483 342 1520 tinis
373 1483 574 1525 ane-ulam,
607 1478 645 1516 id
673 1486 731 1517 est
764 1480 937 1526 haurire,
982 1488 1019 1518 et
1046 1480 1352 1533 συγκεκομμένον
1381 1482 1539 1518 anelare
1568 1487 1605 1518 et
1631 1493 1699 1517 ea:-

253 1539 426 1583 anelare,
458 1535 495 1573 id
521 1541 579 1573 est
605 1534 828 1572 exhaurire:
860 1534 989 1573 eadem
1021 1535 1164 1582 forma,
1193 1549 1264 1586 qua
1288 1537 1440 1586 poplum
1467 1548 1534 1585 pro
1557 1536 1700 1585 populo

254 1600 294 1631 et
322 1593 411 1630 talia
433 1592 543 1629 multa
564 1589 754 1627 dicebant.
801 1589 933 1641 Neque
957 1590 1050 1628 haec
1081 1591 1138 1628 vel
1169 1603 1217 1628 ex
1237 1590 1354 1628 Festo
1369 1589 1485 1643 †††)
1516 1596 1554 1628 et
1569 1589 1699 1628 Nonio

252 1649 382 1699 ignota
414 1660 500 1685 esse
530 1645 730 1683 debebant.
782 1645 912 1695 Itaque
942 1645 1036 1696 apud
1060 1645 1247 1691 Plautum,
1278 1646 1502 1684 Ciceronem
1531 1645 1700 1696 aliosque

253 1705 461 1756 scriptores
493 1701 649 1739 Latinos
685 1701 905 1751 ubicumque
935 1703 1135 1741 exundare
1163 1702 1321 1753 legitur,
1364 1714 1438 1740 una
1465 1701 1590 1740 littera
1619 1714 1698 1739 mu-

252 1766 330 1798 tata
359 1760 565 1798 exanclare
593 1754 790 1808 legendum
820 1763 923 1809 puto.

718 1889 750 1929 C
781 1889 881 1929 ΑΡ
909 1890 946 1929 U
975 1890 1010 1929 T
1065 1889 1240 1930 XVIII.

546 1969 780 2008 Emendatus
807 1983 827 2008 e
854 1970 987 2008 Plauti
1008 1968 1262 2007 Bacchidibus
1290 1969 1409 2007 locus.

255 2048 537 2106 THESAURUM
571 2067 755 2118 quendam
785 2068 963 2106 malorum
991 2066 1186 2106 Plautinae
1216 2068 1363 2105 fabulae
1393 2068 1608 2105 continent:
1648 2066 1700 2104 ita

255 2137 327 2175 quo
357 2124 461 2174 plura
489 2123 525 2159 in
558 2124 613 2160 eis
635 2123 789 2160 hulcera
820 2127 954 2161 coeunt
983 2136 1026 2160 ac
1058 2131 1346 2169 eonsanescunt‚
1369 2135 1414 2160 eo
1441 2123 1547 2174 plura
1576 2135 1700 2159 erum-

254 2185 346 2231 punt
378 2192 421 2216 ac
452 2177 689 2229 deteguntur.
748 2177 879 2228 Itaque
908 2191 981 2215 non
1014 2185 1071 2215 est
1099 2177 1318 2225 verendum,
1351 2191 1398 2216 ne
1426 2178 1532 2223 istis,
1564 2177 1626 2228 qui
1654 2190 1701 2214 ex

255 2241 422 2273 veterum
449 2235 669 2285 scriptorum
699 2233 959 2270 emendatione
990 2233 1130 2282 ingenii
1156 2234 1313 2284 gloriam
1342 2239 1588 2283 aucupantur,
1613 2231 1703 2283 quid

255 2297 383 2341 agant,
415 2288 528 2329 desit.
576 2288 629 2326 Ut
658 2301 788 2326 omnes
817 2289 940 2326 omnia
968 2289 1182 2337 conferant,
1212 2301 1307 2326 unus
1339 2290 1396 2327 eis
1423 2289 1579 2327 Plautus
1608 2288 1701 2326 satis

330 2403 375 2439 εκ)
396 2402 544 2432 Rectius:
570 2403 598 2431 sz‘
619 2402 687 2438 quis
712 2409 760 2430 me
779 2402 867 2436 roqet
893 2402 948 2430 vel
974 2408 1016 2429 ea:
1035 2409 1083 2430 me
1102 2403 1246 2439 quaerat,
1278 2402 1309 2431 id
1331 2403 1414 2438 quod
1435 2409 1512 2431 vere
1539 2401 1702 2438 praecepit

255 2441 382 2476 sciopp.
404 2442 441 2469 de
462 2441 526 2468 stil.
548 2441 656 2468 histor.
679 2446 753 2474 pag.
774 2441 844 2468 137.
867 2439 914 2466 ed.
936 2441 1029 2467 Fabr.
1070 2440 1192 2469 KnArr.
1215 2456 1252 2460 —
1290 2441 1509 2470 Reiiciendum
1529 2441 1625 2470 etiam
1644 2447 1702 2469 ra-

255 2487 332 2517 yare
351 2480 388 2506 ab
409 2479 531 2515 aliquo,
554 2478 618 2506 vid.
640 2478 753 2506 Krebs.
775 2477 942 2506 Antibarb.
965 2484 1035 2511 pag.
1056 2478 1127 2506 428.

333 2528 398 2562 ἴυζε)
430 2527 491 2554 Sed
514 2525 578 2554 vid.
601 2527 754 2554 Goerenz.
777 2525 818 2553 ad
840 2525 904 2554 Cic.
925 2526 1075 2554 Academ.
1097 2526 1149 2553 lib.
1171 2527 1209 2553 11.
1231 2532 1299 2560 cap.
1320 2525 1371 2554 34.
1392 2526 1424 2561 ς.
1446 2526 1515 2555 108.
1535 2532 1608 2560 pag,
1630 2525 1701 2555 197.

256 2566 406 2594 ochsner.
427 2565 469 2593 ad
490 2564 553 2593 Cic.
573 2565 680 2597 Eclog.
702 2570 772 2596 pag.
795 2563 864 2590 278.
887 2563 935 2591 ed.
956 2566 1026 2592 tert.
1066 2563 1229 2598 Spalding.
1249 2564 1290 2591 ad
1312 2563 1455 2597 Quinctil.
1475 2566 1553 2593 Inst.
1574 2565 1624 2593 Or.
1646 2564 1701 2594 lib.

256 2605 280 2632 1.
301 2610 370 2637 cap.
392 2603 422 2632 6.
444 2603 476 2638 5.
498 2601 549 2630 4⁰.
589 2600 771 2629 schneider.
793 2602 929 2629 Gramm.
951 2602 1022 2629 Lat.
1045 2603 1131 2630 Tom.
1154 2604 1176 2629 1.
1198 2603 1234 2629 Ρ.
1255 2603 1277 2629 1.
1299 2608 1371 2635 pag.
1393 2602 1464 2630 241.

334 2650 425 2718 50)
453 2649 625 2716 liambino,
655 2651 690 2677 ut
715 2647 904 2683 intelligitur
931 2655 975 2677 ex
1001 2649 1101 2684 Epist.
1123 2648 1256 2684 Giphan.
1282 2650 1324 2678 ad
1351 2651 1432 2679 Mur.
1461 2650 1539 2685 Opp.
1568 2650 1656 2679 Tom.
1677 2650 1700 2678 1.

255 2696 329 2725 pag.
373 2691 391 2717 5
416 2710 423 2716 .
480 2690 575 2715 Vmest.

333 2736 379 2775 >U
400 2737 508 2766 xvssl.
532 2736 581 2764 11.
602 2741 673 2770 pag.
694 2735 767 2764 554.
788 2736 821 2764 et
840 2740 912 2769 pag.
933 2733 1005 2763 292.
1027 2734 1076 2765 ed.
1096 2736 1193 2765 Merc.

333 2790 408 2829 ἡὴ)
429 2790 462 2819 in
483 2797 514 2819 v.
535 2781 684 2827 ἀγκύλη.

362 2838 434 2877 ††)
454 2838 510 2869 lib.
529 2841 554 2870 1.
574 2839 614 2869 de
633 2839 720 2869 verb.
740 2838 846 2875 signif.
867 2846 939 2876 pag.
960 2839 1009 2870 10.
