1726 3106
571 111 670 150 LIB.
701 111 733 150 Ι.
793 109 911 150 CAP.
945 111 1016 150 111.
1488 112 1516 154 9

79 223 291 273 cuiusquam
331 221 392 259 alii
423 219 481 259 dei
511 223 660 260 nomine
696 221 960 259 honestaretur
991 221 1051 258 ille
1082 233 1176 267 rex,
1217 220 1361 272 quando
1392 220 1438 260 de
1469 235 1515 261 eo

78 279 151 315 sibi
179 291 250 315 non
277 278 419 328 liquere
450 277 677 315 subobscure
700 276 876 314 indicavit
903 276 1118 322 Victorius,
1152 289 1222 326 ego
1251 279 1400 327 aperire
1426 291 1517 315 con-

78 333 193 370 stitui.
250 331 358 369 Duae
395 339 517 369 autem
547 333 626 369 eius
656 332 912 383 appellationis
944 344 1103 369 caussae
1134 344 1154 368 a
1185 331 1387 370 Plutarcho
1420 333 1515 370 libro

78 389 196 439 primo
225 390 512 437 Συμποσιακῶν
541 388 745 425 afferuntur
758 385 820 438 ³52‘).
881 387 976 432 Una,
1012 385 1108 437 quod
1136 386 1379 425 Mithridates
1408 401 1517 439 prae-

78 443 188 480 mium
223 443 484 493 proposuerit,
524 443 584 493 qui
616 443 810 493 plurimum
842 441 1007 488 edisset,
1053 442 1186 492 quique
1225 443 1417 492 plurimum
1460 444 1516 481 bi-

76 497 217 542 hisset3
257 498 411 547 ipseque
442 498 479 534 iu
517 498 904 548 utroque‘eertamine
934 497 1087 547 palmam
1120 499 1268 543 tulerit,
1303 505 1428 548 utpote
1454 499 1516 548 qui

78 565 206 590 omnes
230 553 363 590 aetatis
393 565 483 589 suae
510 552 677 590 homines
702 552 864 590 bibendo
892 559 1113 602 superaret:
1147 553 1193 589 ob
1224 553 1260 589 id
1288 553 1403 602 igitur
1422 553 1517 591 Dio-

77 621 208 658 nysum
239 614 423 645 vocatum.
483 607 559 645 Sed
591 621 671 645 eam
699 621 866 645 caussam
896 607 1120 644 Plutarchus
1153 609 1260 658 ipse,
1298 616 1338 645 ut
1367 610 1516 646 inanem

76 663 445 712 commentieiamque
490 670 526 700 et
570 664 688 700 minus
733 662 900 700 idoneam
943 662 1133 713 reprobat.
1203 662 1262 701 Ac
1301 664 1434 713 plane,
1485 664 1516 701 si

76 717 170 755 haec
205 730 294 755 vera
333 725 460 763 esset,
507 717 626 755 videri
665 725 837 769 poterant
874 717 1080 763 Tralliani,
1131 731 1212 755 cum
1257 718 1517 756 Mithridatem

76 771 284 824 Dionysum
314 773 542 818 salutarent,
584 787 653 810 nou
684 780 756 810 tam
788 774 823 810 ei
852 773 1029 810 honorem
1062 773 1253 820 tribuere,
1292 787 1399 824 quam
1429 787 1519 811 con-

76 828 263 865 tumeliam
294 828 443 865 facere:
484 829 589 879 quasi
620 828 806 866 ebriosum
839 841 922 866 eum
952 835 988 865 et
1017 828 1226 866 helluonem
1258 842 1300 866 ae
1331 830 1518 880 gurgitem

76 889 270 921 vocarent.
330 882 457 930 Quare
486 883 579 921 haec
608 883 726 921 altera
754 897 885 921 caussa
915 882 1075 934 putanda
1104 890 1162 920 est
1191 885 1317 921 verior
1333 885 1426 935 mv:
1459 884 1518 922 his

77 950 161 976 eum
200 938 353 975 fulmine
384 940 586 989 appetitum
618 939 758 984 fuisse,
799 940 850 975 ita
880 946 918 976 ut
948 940 1128 976 innocuus
1156 939 1422 989 incolumisque
1459 952 1520 977 re·

76 995 270 1031 manserit.
317 993 414 1031 Nam
446 1007 526 1031 cum
554 993 674 1031 adhuc
700 994 902 1031 infantulus
931 994 966 1031 in
993 995 1099 1032 cunis
1124 996 1285 1045 vagiret,
1317 995 1520 1045 collapsum

77 1048 214 1086 fulmen
253 1049 416 1094 fascias,
474 1048 605 1099 quihus
641 1048 825 1085 involutus
869 1056 970 1093 erat,
1018 1050 1182 1096 exussit,
1233 1063 1353 1101 neque
1395 1057 1519 1088 tamen

77 1103 193 1154 ipsum
226 1103 356 1140 laesit:
400 1104 598 1153 vestigium
629 1102 737 1139 modo
770 1102 951 1154 quoddam
990 1104 1088 1153 ignis
1119 1105 1155 1141 in
1197 1105 1319 1143 fronte
1351 1106 1519 1144 relictum

77 1165 160 1205 est,
198 1157 294 1208 quod
330 1158 440 1195 facile
475 1158 680 1196 occultaret
715 1171 833 1196 coma.
892 1158 1039 1196 Rursus
1074 1172 1156 1196 eum
1198 1161 1269 1197 iam
1306 1161 1363 1198 vir
1398 1168 1519 1207 esset,

79 1213 130 1251 ita
163 1214 402 1264 propinquum
433 1213 468 1250 ei
500 1212 700 1251 dormienti
730 1212 890 1258 cecidit,
924 1221 962 1250 ut
992 1215 1065 1251 tela
1095 1215 1129 1251 in
1158 1215 1392 1265 pharetram,
1426 1229 1520 1266 quae

77 1268 172 1306 haud
205 1268 332 1320 procul
359 1282 378 1305 a
407 1269 502 1306 lecto
532 1267 740 1319 pendebat,
773 1268 921 1306 condita
953 1270 1290 1319 eoussaoraxeiint·
1331 1273 1410 1321 ipse
1444 1279 1520 1309 tum

77 1336 221 1390 quoque
261 1324 434 1363 intactus.
501 1323 552 1361 lis
595 1324 774 1374 expositis
818 1323 919 1361 addit
956 1324 1203 1362 Plutarchus:
1259 1325 1311 1364 Οἵ
1343 1325 1412 1377 μὲν
1447 1327 1520 1365 οὐν

76 1375 229 1430 μάντεις
254 1375 511 1433 ἀπεφήναντο,
535 1381 710 1418 πλεῖστον
736 1375 854 1418 αὐτὸν
883 1376 1047 1430 ἰσχύσειν
1074 1377 1150 1419 ἀπὸ
1179 1384 1248 1432 τῆς
1273 1382 1426 1433 τοξικῆς
1454 1380 1520 1421 καὶ

76 1431 227 1485 κούφης
246 1437 447 1501 στρατιᾶς.
479 1434 518 1473 οἰ
539 1432 579 1473 δὲ
604 1432 738 1473 πολλοὶ
766 1431 961 1474 Διόνυσον
990 1432 1108 1474 αὐτὸν
1136 1433 1212 1476 ἀπὸ
1241 1439 1317 1476 τῶν
1340 1451 1521 1489 κεραυνο-

76 1486 257 1541 βολιῶν
235 1486 430 1540 ομοιότητι
449 1493 517 1529 τοῦ
537 1485 695 1536 πάθους
715 1487 1036 1542 προςιῃόοευσαν.
1094 1491 1136 1529 ld
1163 1500 1236 1538 est,
1268 1494 1396 1543 Igitur·
1418 1502 1522 1530 vates

79 1547 224 1596 quedem
238 1546 552 1596 pronuntiarunt,
574 1546 777 1595 plurimum
799 1548 917 1596 ipsum
937 1548 1155 1596 sugillant&
1176 1555 1213 1586 ec
1235 1550 1308 1586 leve
1321 1555 1521 1586 armatura

79 1613 160 1637 esce
193 1602 410 1638 valtharum
473 1603 499 1639 l
500 1601 618 1649 ulgus
648 1609 770 1638 autem
801 1603 840 1638 ee'
867 1603 1028 1650 Deonyso
1063 1615 1192 1640 nomen
1220 1603 1323 1655 seezc
1360 1603 1405 1640 ab
1445 1605 1521 1641 i‘lles

66 1654 273 1706 ιίὶιίηιὴιιιηι
301 1655 477 1701 iactibus,
509 1656 609 1706 quod
640 1657 678 1693 ei
701 1656 821 1693 si‘mzle
849 1658 1046 1707 quulrlam,
1079 1665 1191 1708 atque
1222 1660 1400 1708 Deomsso,
1432 1673 1521 1697 eou-

78 1712 239 1760 tzg'z'sset.
301 1710 410 1747 Hanc
440 1718 660 1760 postremam
686 1718 825 1761 partem
856 1711 1018 1763 quidam,
1051 1713 1111 1762 qui
1144 1713 1272 1751 librum
1305 1715 1401 1751 illum
1431 1713 1520 1751 Plu-

77 1766 196 1803 tarchi
217 1765 391 1803 Latinum
423 1766 548 1804 faeere
579 1765 868 1816 stud11it***)‚
901 1768 951 1804 ita
976 1766 1160 1805 reddidit:
1196 1772 1311 1819 Quam
1337 1769 1384 1806 ab
1412 1783 1521 1807 eaus-

77 1834 156 1858 sam
187 1830 293 1859 vates
311 1821 513 1871 plurimum
539 1823 827 1870 sagittariorum
849 1835 962 1860 mauu
980 1825 1138 1874 levisque
1164 1832 1384 1862 armaturae
1406 1827 1522 1876 copiis

74 1879 349 1927 praestum-um
374 1878 667 1926 praedixerant.
732 1879 950 1927 Quanquam
981 1891 1053 1916 non
1085 1880 1241 1925 desunt,
1284 1881 1352 1930 qui
1375 1881 1526 1919 Bacchi

80 1945 211 1969 nomen
240 1944 263 1968 a
294 1931 422 1968 morbo
451 1933 629 1969 sideratis
657 1945 702 1969 ae
741 1934 785 1968 de
814 1935 917 1970 eaelo
949 1936 1062 1970 lactes
1080 1934 1281 1984 fimu'le'are
1310 1937 1437 1973 datum
1467 1937 1527 1973 illi

80 1988 306 2024 existiment.
364 1985 470 2032 Quae
494 1987 752 2037 interpretatio
781 1988 830 2024 ita
852 1995 910 2025 est
938 1988 1099 2026 absurda
1129 1997 1166 2027 et
1191 1991 1325 2038 aliena,
1358 1998 1397 2029 ut
1414 1991 1520 2029 valde

82 2042 216 2089 mirer,
249 2039 336 2093 quid
363 2047 437 2078 tum
467 2042 519 2080 illi
547 2042 685 2080 homini
714 2042 751 2079 in
782 2050 939 2080 mentem
976 2045 1135 2082 venerit.

586 2151 871 2192 CAPUT
927 2154 1014 2192 ΙΙΙ.

82 2231 206 2268 Locus
242 2229 392 2281 quidam
424 2230 613 2268 Ciceronis
651 2233 687 2269 z'tz
720 2233 875 2270 Verrem
916 2234 1127 2271 vindicatus
1163 2247 1186 2270 a
1208 2248 1332 2285 prava
1361 2237 1519 2274 aliorum

404 2287 641 2324 correctione
648 2303 666 2333 ,-
691 2288 810 2326 Plinii
835 2289 936 2326 alcer·
961 2290 1194 2327 declaratus.

83 2362 293 2422 UTUNTUR
322 2382 504 2422 interdum
532 2383 656 2422 Latini
686 2386 890 2437 scriptores
916 2387 1075 2426 Graecis
1105 2388 1319 2439 quibusdam
1350 2389 1520 2435 vocibus,

86 2453 222 2489 easque
251 2440 397 2477 Latinis
435 2448 555 2477 tamen
594 2441 728 2478 litteris
767 2449 917 2480 notant.
959 2443 1056 2495 quod
1095 2446 1258 2495 quinon
1289 2445 1522 2483 animadv-ei-

88 2501 183 2540 tunt,
215 2496 324 2533 facile
355 2497 391 2533 iu
421 2509 587 2533 errorem
618 2496 805 2534 incidunt:
839 2500 1039 2550 piaccipue
1071 2513 1152 2538 cum
1184 2513 1252 2538 eae
1280 2514 1391 2538 voees
1421 2502 1523 2539 eius-

89 2549 187 2588 modi
226 2557 334 2597 sunt,
367 2558 406 2589 ut
442 2552 553 2589 etiam
592 2551 784 2591 Romanae
823 2553 942 2593 videti
982 2563 1132 2606 queant.
1192 2556 1233 2594 Id
1264 2555 1361 2607 quod
1386 2555 1523 2594 accidit

162 2697 205 2732 ³3]
233 2705 303 2732 pag.
324 2698 396 2727 6⁸21.
423 2700 464 2728 A.
485 2699 534 2728 ed.
555 2699 697 2729 Francos.

165 2744 231 2779 *ts-J
259 2748 306 2774 Ne
326 2748 404 2775 haec
430 2748 554 2781 quidem
574 2748 656 2777 ratio
684 2749 846 2784 probanda
866 2753 924 2780 est.
975 2751 1136 2781 Vei-iorem
1156 2751 1319 2781 attulimus
1339 2753 1379 2781 ad
1409 2753 1521 2782 Vellei.

92 2785 161 2812 Pat.
181 2785 218 2811 1¹.
239 2785 289 2813 82.
311 2792 380 2819 pag.
401 2786 472 2814 ³45.
511 2788 548 2814 l).
570 2788 607 2815 R.

164 2830 256 2867 ww)
283 2832 444 2863 Adrianus
463 2835 583 2864 lunius.
622 2837 731 2865 Fax-:sn

1554 1998 1592 2027 12
