1778 3096
538 144 641 183 LlB.
672 143 784 185 XIX.
846 142 966 182 CAP.
995 142 1105 182 XIII.
1465 143 1548 186 465

102 256 200 307 cipio
231 256 282 293 ita
312 254 449 304 legitur
462 251 532 306 ³⁸²).
563 255 730 293 Accessi
752 255 847 292 enim
877 255 930 293 ad
955 254 1134 292 invidiam
1164 253 1386 291 iudiciorzmz
1420 256 1545 294 lemm-

101 312 186 349 dum
215 311 598 360 vituperationemque
627 310 851 347 tollendum.-
894 316 961 355 ut,
993 323 1074 347 cum
1103 310 1198 347 lutee
1224 321 1287 346 res
1311 322 1385 360 pro
1415 312 1543 348 volun-

98 373 176 404 tate
209 366 344 415 populi
368 367 414 402 R.
457 372 555 402 esset
590 365 783 409 iudicatu,
823 365 953 413 aliqua
992 378 1040 402 ez·
1070 371 1184 414 parte
1221 376 1302 402 mea
1342 365 1540 414 diligentia

97 422 300 458 constituta
338 422 551 457 auctoritas
589 420 811 456 iudiciorum
853 420 1067 456 videretur.-
1110 425 1322 469 postremo,
1367 425 1410 457 ut
1444 426 1542 458 esset

95 475 165 512 hoc
195 475 399 511 iudicutmn
415 501 426 519 ,
470 482 511 512 ut
531 475 630 522 finis
659 474 863 523 aliquando
892 475 1117 511 iudiciariae
1147 475 1423 511 controuersiae
1451 487 1538 512 con-

93 531 331 567 stitueretur.
385 528 480 566 Eum
512 530 630 566 locum
662 529 718 565 vir
748 527 913 565 eruditus
931 525 1026 577 ἢ),
1059 529 1163 565 cuius
1186 535 1313 565 extant
1337 527 1538 566 Commen-

93 584 179 621 tarii
210 584 246 620 in
285 585 438 634 primam
478 591 620 634 partem
659 583 865 620 orationum
896 581 1117 628 Ciceronis,
1159 590 1288 633 aperte
1322 591 1536 635 corruptum

92 651 176 676 esse
206 638 317 676 dicit:
361 647 397 676 et
430 649 618 689 postquam
658 638 695 674 in
726 650 870 675 omnem
910 644 1054 688 partem
1086 637 1147 674 diu
1187 639 1412 689 multumque
1452 651 1536 678 ver-

91 694 201 738 savit,
235 701 422 744 postremo
447 695 495 730 ita
527 691 794 731 emendandum
825 705 911 730 esse
941 691 1140 730 iudicavit:
1172 695 1336 731 Accessi
1358 696 1454 731 enim
1483 695 1536 731 ad

92 750 269 786 invidiam
306 750 527 786 iudiciorum
569 749 762 785 levandam
796 749 1181 798 vituperationemque
1221 750 1451 787 tollendum.-
1496 755 1536 787 et

90 817 172 841 cum
203 806 295 841 leaeo
331 817 393 841 res
431 817 505 853 pro
541 805 732 840 voluntale
764 804 899 853 populi
923 805 967 841 R.
1005 810 1105 840 esset
1140 804 1334 849 iudicatu,
1370 811 1414 841 ut
1433 803 1533 853 filu's

90 859 292 908 aliquando
333 859 557 896 iudiciariae
596 859 876 896 controversiae
911 860 1226 896 constitueretur.-
1266 865 1456 907 postremo
1488 867 1533 896 ut

89 927 171 951 cum
202 920 299 951 esset
325 914 395 950 hoc
424 915 655 960 iudicatum,
700 915 827 963 aliqua
862 927 910 950 eoe
940 920 1055 963 parte
1084 926 1165 950 mea
1206 914 1405 963 ‹ling-entia
1442 927 1531 951 con-

87 970 221 1006 stituta
249 970 458 1006 auctoritas
495 970 719 1006 iudiciorum
757 969 962 1006 videretur.
1025 968 1146 1015 Quam
1178 968 1317 1019 ipsius,
1361 981 1407 1005 ne
1445 982 1531 1018 gra-

87 1024 191 1060 viore
222 1023 335 1061 verbo
367 1031 471 1070 utar,
511 1024 659 1060 minime
696 1023 945 1061 necessariam
985 1024 1223 1060 mutationem
1265 1022 1409 1074 quidam
1427 1021 1529 1076 ’Ὴέῗή

87 1085 237 1116 secutus
267 1086 346 1124 est,
391 1080 477 1130 qui,
518 1085 558 1115 ut
588 1076 746 1129 quidque
785 1077 1024 1116 deterrimum
1055 1085 1159 1124 erat,
1202 1079 1253 1115 ita
1283 1077 1320 1115 id
1351 1078 1529 1116 facillime

86 1134 395 1183 amplectebatur.
445 1134 548 1172 Nihil
569 1140 691 1170 autem
714 1147 805 1184 opus
829 1134 898 1170 fuit
920 1134 981 1170 illa
1007 1140 1108 1171 tanta
1132 1132 1273 1171 ordinis
1296 1134 1525 1171 inversione.

84 1187 181 1226 Nam
214 1189 261 1235 si,
283 1189 345 1226 ubi
375 1195 433 1227 est
462 1196 504 1227 ut
531 1195 629 1226 esset
653 1189 722 1226 hoc
753 1190 972 1234 iudicatum,
1002 1202 1067 1238 pro
1098 1196 1141 1226 ut
1166 1189 1269 1238 legas
1298 1195 1397 1235 utut,
1422 1189 1527 1226 locus

84 1243 232 1292 integer
271 1244 416 1281 futurus
456 1250 527 1280 est.
588 1243 673 1280 Hoc
711 1244 808 1280 enirn
850 1242 940 1280 dicit
972 1243 1135 1281 Cicero:
1178 1245 1211 1281 si
1248 1241 1293 1280 de
1322 1242 1449 1281 Verre
1480 1256 1528 1281 ex

82 1298 270 1336 voluntate
300 1299 424 1349 populi
451 1298 502 1335 R.
533 1297 731 1335 iudicatum
766 1298 893 1343 fuerit,
924 1297 1142 1335 iudiciorum
1173 1299 1429 1335 auctoritatem
1460 1299 1526 1336 ali<

83 1366 153 1403 qua
182 1366 228 1390 ex
256 1361 358 1404 parte
383 1354 620 1391 constitutum
650 1353 714 1390 iri:
748 1366 841 1403 quae
867 1360 939 1389 tum
966 1353 1181 1399 fluctuabat,
1207 1360 1404 1404 propterea
1428 1352 1527 1404 quod

82 1409 195 1445 multa
223 1409 358 1446 iudicia
398 1415 527 1459 aperte
559 1408 717 1458 pecunia
747 1408 1102 1458 corrumpebantur:
1141 1415 1179 1445 et
1207 1415 1394 1459 postremo
1426 1414 1526 1459 (utut

83 1462 130 1500 de
159 1463 281 1501 Verre
310 1462 506 1501 iudicatum
538 1463 604 1514 sit)
646 1463 753 1508 sore,
794 1471 834 1500 ut
866 1463 949 1499 finis
980 1462 1200 1501 iudiciariae
1242 1465 1524 1502 controversiae

83 1519 349 1556 constituatur:
401 1519 480 1556 sive
522 1519 619 1555 enim
663 1517 882 1562 damnetur,
929 1530 1045 1568 penes
1085 1518 1252 1556 ordinem
1295 1520 1523 1557 senatorium

81 1586 255 1611 mansura
285 1573 443 1611 iudicia:
476 1574 553 1610 sive
582 1573 811 1620 absolvatur,
844 1574 1027 1610 neminem
1059 1573 1216 1611 honeste
1246 1581 1521 1620 recusaturum,

81 1641 153 1679 quo
183 1630 300 1666 minus
331 1628 377 1666 ad
409 1629 551 1680 equites
588 1628 877 1666 transferantur.
939 1627 1046 1674 Quae
1076 1637 1197 1667 autem
1229 1629 1449 1666 adferuntur
1475 1629 1524 1667 ad

81 1684 180 1721 illius
213 1684 424 1721 mutationis
460 1684 722 1721 necessitatem
759 1682 1052 1730 ostendendam,
1098 1686 1202 1736 piget
1238 1685 1426 1723 refutare:
1469 1686 1522 1723 ita

79 1738 176 1778 levia
205 1746 243 1777 et
271 1739 468 1790 nugatoria
498 1745 596 1778 sunt.

566 1846 845 1886 CAPUT
899 1847 1030 1887 XIII.

86 1926 283 1964 Ciceronis
313 1926 351 1963 in
372 1926 545 1964 Verrinis
570 1927 688 1964 locum
709 1939 728 1963 e
754 1928 898 1964 Graeco
925 1927 1111 1977 scriptore
1137 1927 1364 1978 desumptum
1383 1928 1518 1966 videri.

79 1990 402 2050 PuLannnnvm
441 2012 534 2051 dixit
571 2013 711 2051 Cicero
752 2013 790 2050 in
840 2013 964 2064 priore
1007 2014 1152 2051 actione
1191 2015 1226 2052 in
1265 2015 1429 2054 Verrem
1447 2014 1516 2068 ff),

80 2068 258 2105 arbitrari
296 2080 360 2114 se,
409 2069 481 2106 nisi
519 2068 656 2106 iudicia
696 2067 981 2118 repetundarum
1022 2071 1190 2107 severius
1232 2079 1518 2117 exercerentur,

69 2122 189 2175 sore,
222 2124 283 2161 uti
307 2125 477 2161 nationes
507 2131 663 2162 exterae
695 2126 840 2173 legatos
868 2125 920 2161 ud
939 2126 1117 2175 populum
1147 2127 1191 2163 [ἰ.
1225 2127 1437 2172 mitterent,
1478 2133 1522 2164 ut

81 2180 145 2217 leoe
173 2179 218 2215 de
241 2181 410 2228 pecuniis
437 2181 656 2230 repetundis·
689 2180 937 2229 iudiciumque
966 2181 1175 2217 tolleretur.
1237 2183 1284 2218 Si
1308 2184 1430 2227 enim,
1462 2181 1520 2218 in-

81 2233 173 2284 quit,
205 2234 344 2271 indicia
373 2236 476 2272 nulla
506 2236 597 2280 sint,
628 2241 771 2272 tantum
801 2247 1091 2285 unamquemque
1121 2235 1335 2272 ablaturum
1360 2243 1516 2286 putant,

82 2295 258 2338 quantum
295 2289 372 2326 sibi
405 2303 450 2327 ac
487 2290 613 2328 liberis
653 2290 732 2327 suis
761 2291 855 2327 satis
889 2303 968 2327 esse
1007 2291 1242 2328 arbitretur.-
1284 2304 1382 2328 nzcnc
1421 2292 1522 2341 quod

81 2344 265 2380 eiusmodi
298 2345 438 2382 iudicia
473 2346 568 2390 sint,
613 2351 755 2382 tantum
784 2358 1078 2395 unumquemque
1116 2344 1292 2396 auferre,
1337 2354 1518 2397 quantum

79 2398 175 2444 sibi,
215 2401 413 2448 patronis,
454 2401 668 2445 advocatis,
707 2400 973 2450 praetoribus,
1015 2399 1200 2438 iudicibus
1226 2402 1320 2438 satis
1339 2401 1519 2453 futurum

78 2454 142 2491 sit.
192 2452 234 2490 Id
263 2461 383 2491 autem
415 2455 485 2491 etsi
516 2454 694 2492 Ciceroni
723 2455 793 2505 ipsi
825 2466 893 2504 per
922 2467 962 2491 se
991 2454 1101 2492 facile
1132 2455 1169 2491 in
1199 2463 1358 2493 mentem
1388 2457 1519 2494 venire

79 2508 222 2558 potuit:
275 2522 348 2546 non
388 2509 550 2547 arbitror
598 2517 720 2547 tamen
763 2510 873 2559 longe
926 2517 1157 2556 erraturum,
1215 2511 1247 2547 si
1287 2512 1369 2561 quis
1415 2518 1520 2562 putet

79 2562 251 2600 haustum
283 2577 367 2602 esse
398 2577 418 2602 e
447 2564 717 2611 Demosthene,
750 2565 781 2601 si
809 2563 917 2602 modo
946 2565 1027 2602 eius
1057 2572 1115 2603 est
1143 2564 1311 2605 endeixis
1338 2565 1520 2607 adversus

157 2673 201 2709 51³)
223 2680 291 2709 cap,
311 2675 340 2703 2.
361 2675 392 2710 S.
413 2675 443 2704 5.
483 2674 620 2703 Orellius
640 2674 806 2708 vulgatam
825 2673 993 2703 leetIonem
1011 2674 1150 2705 retinuit.

156 2721 225 2756 {²⁴2³}
246 2724 356 2751 Franc.
376 2724 596 2753 Hotomannus
616 2723 649 2751 in
669 2723 742 2752 edit.
764 2731 810 2758 pr.
848 2726 960 2753 FAESI.

103 2771 469 2838 aagSff-ttz-cthambinus,
500 2771 553 2807 qui
574 2774 679 2801 tamen
699 2772 888 2807 scxipserat:
917 2773 948 2801 et
965 2772 1012 2806 ut,
1041 2778 1110 2800 cum
1193 2771 1344 2810 iudicata,
1357 2772 1442 2822 finis
1460 2773 1521 2804 ali-

80 2815 100 2844 q
156 2856 201 2895 Ἠ
222 2865 291 2893 cap.
313 2858 361 2888 14.
383 2858 416 2893 S.
435 2857 487 2887 41.
527 2858 668 2887 oremus
687 2858 879 2887 arbitrentur
899 2858 932 2886 et
949 2857 1090 2892 praetori
1108 2865 1165 2894 pro
1184 2859 1390 2894 praetoribus.

136 2912 266 2941 Munm.
290 2912 364 2941 ΟΜ».
386 2912 468 2941 Von.
488 2913 543 2940 111.
565 2911 720 2948 (RUHNK.
735 2913 792 2941 En.
809 2912 893 2940 Tum.
909 2910 969 2946 11.)
1221 2895 1277 2937 30

1558 755 1622 785 49⁰
