1778 3096
151 2149 214 2181 445

223 109 305 152 422
787 112 917 154 VAR.
948 113 1103 155 LECT.

744 220 776 260 C
805 222 842 261 A
872 223 905 262 Ρ
934 223 971 263 U
998 224 1034 263 T
1093 225 1151 264 11.

509 301 609 339 Loci
633 299 708 338 duo
736 302 935 340 Athenaei
959 303 1178 353 integritati
1203 304 1384 342 restituti.

224 377 370 435 me
395 403 432 435 et
461 397 555 436 alios
578 397 755 449 quosdam
773 399 821 453 ἦ)
852 400 1074 441 emendare:
1106 415 1150 440 ac
1173 403 1326 453 primum
1356 416 1455 447 eum,
1483 402 1544 454 qui
1575 399 1672 441 haud

226 453 338 502 longe
370 465 391 490 a
421 454 606 505 principio
637 455 746 493 huius
775 458 960 495 sermonis
992 457 1037 495 dc
1067 458 1212 509 gniphis
1245 458 1404 508 legitur,
1439 472 1510 510 quo
1541 458 1675 496 mulier

225 506 547 602 Hunedanss*a{md
576 509 769 549 Comicum
796 513 934 551 Alexin
965 527 1133 552 somnum
1170 512 1330 551 obscure
1360 512 1580 552 describens
1615 514 1673 551 in·

254 570 375 602 ucitur
445 567 486 616 )·

396 638 456 681 Οὐ
484 640 648 694 θνητὸς,
679 640 762 682 οὐδ’
796 639 1015 693 ἀθάνατος,
1046 641 1128 684 ἀλλ’
1163 644 1256 697 ἔχων
1283 641 1369 685 τινὰ

393 694 632 765 Σύγκρασιν,
665 697 757 745 {tigre
785 695 871 750 μητ’
905 699 946 738 ἐν
974 697 1189 752 ἀνθρώπου
1210 699 1335 768 μέρει,

396 750 508 804 an'
542 752 584 793 ἓν
613 754 712 793 θεοῦ
742 756 830 805 ζην,
860 751 954 794 ἀλλὰ
984 754 1160 806 φύεσθαὶ
1188 752 1219 795 τ’
1255 753 1314 795 ἀει

395 810 572 857 Καινῶς,
602 809 763 858 φθίνειν
788 825 827 848 τε
856 807 926 862 τὴν
952 812 1170 879 παρουσίαν
1197 809 1334 851 πάλιν·

387 859 574 916 Ἀόρατος
601 861 715 915 όψιν,
745 861 935 919 γνώοιμος
964 864 999 905 δ’
1033 865 1176 907 ἅπασιν
1205 864 1270 906 ὤν.

229 937 283 976 Hi
312 936 384 978 duo
418 943 598 993 postremi
624 955 754 981 versus
786 944 823 981 in
854 944 1024 982 omnibus
1055 944 1242 983 Athenaei
1273 941 1500 982 editionibus
1528 938 1676 980 deside-

229 1002 359 1033 rantur
375 993 498 1049 *ᾔῆὒε
536 1000 597 1050 qui
622 1006 744 1036 tamen
767 1006 854 1037 sunt
883 1000 919 1037 in
951 1001 1140 1039 veteribus
1164 1000 1287 1047 libris,
1312 1006 1348 1037 et
1378 998 1553 1050 leguntur
1581 995 1678 1047 apud

231 1048 467 1090 Eustathium
487 1052 553 1105 †).
613 1053 683 1092 Est
721 1061 759 1092 et
794 1054 898 1093 valde
942 1063 1156 1107 corruptum
1187 1055 1398 1101 distichon,
1439 1067 1511 1106 quo
1542 1051 1677 1104 Apollo

229 1106 337 1156 ipse,
378 1108 441 1145 ubi
478 1116 516 1146 et
553 1123 623 1159 qua
667 1117 784 1148 matre
818 1111 968 1162 genitus
1006 1112 1077 1159 sit,
1119 1109 1387 1164 exponit††).
1457 1106 1679 1160 Legendum

230 1168 352 1200 autem
379 1163 449 1201 hoc
478 1164 585 1201 modo
603 1163 736 1218 †††)‚

363 1237 435 1279 Ἐν
461 1245 611 1295 φανερᾷ
637 1239 823 1294 γενόμαν·
852 1258 1002 1295 πατραν
1030 1242 1074 1283 δέ
1099 1259 1174 1296 μου
1203 1238 1372 1295 ἁλμυρὸν
1399 1238 1506 1294 ὕδωρ

422 1292 564 1348 Ἀμφὶς
592 1297 684 1348 ε’χει,
714 1299 836 1351 μήτηρ
865 1296 901 1338 δ’
934 1296 1009 1339 ἔστ’
1043 1297 1228 1353 ἀοιθμοῖο
1257 1296 1359 1345 πάϊς.

232 1371 277 1410 In
304 1371 437 1411 eodem
467 1374 586 1421 libro,
618 1375 655 1412 in
687 1381 880 1421 extremo,
912 1377 1077 1427 exagitat
1105 1376 1325 1414 Athenaeus
1358 1380 1466 1424 turpe
1497 1370 1680 1424 quoddam

234 1434 273 1465 et
305 1428 528 1479 flagitiosum
569 1443 689 1480 genus
726 1432 1005 1481 quaestionum,
1046 1445 1140 1482 quae
1171 1445 1237 1469 sua
1275 1436 1495 1481 tempestate
1525 1429 1560 1465 in
1592 1442 1682 1466 con-

232 1483 342 1520 viviis
373 1484 528 1534 proponi
557 1485 739 1530 solebant,
764 1485 976 1537 indicatque
1007 1487 1099 1524 alias
1122 1487 1374 1536 elegantiores
1403 1491 1441 1522 et
1471 1484 1683 1522 liberaliter

233 1537 404 1576 educatis
436 1539 647 1577 hominibus
678 1539 893 1591 dignioreS‚
933 1554 980 1578 ex
1009 1543 1141 1593 quibus
1172 1549 1209 1579 ct
1238 1541 1407 1591 voluptas
1437 1539 1601 1590 percipi,
1645 1546 1684 1576 et

234 1594 342 1630 simul
381 1607 488 1645 quam
529 1594 730 1645 diligenter
768 1597 924 1647 quisque
962 1598 997 1634 in
1036 1597 1167 1635 studiis
1200 1603 1370 1634 versatus
1406 1596 1477 1640 sit,
1523 1594 1682 1645 intelligi

232 1650 365 1700 possit.
426 1649 504 1687 Sed
535 1650 734 1688 similitudo
765 1651 916 1689 duarum
947 1666 1100 1698 vocum,
1135 1648 1296 1692 παιδιὰν
1325 1658 1362 1689 et
1390 1650 1591 1698 παιδείαν,
1625 1650 1683 1687 ἰη-

233 1704 339 1742 duxit
367 1705 565 1752 librarios,
597 1707 817 1758 effecitque,
853 1715 890 1745 ut
917 1708 952 1745 in
984 1709 1141 1759 vulgatis
1172 1708 1277 1745 libris
1308 1708 1412 1744 locus
1445 1707 1505 1744 hic
1534 1706 1584 1743 ita
1616 1704 1682 1743 de·

235 1766 402 1798 cui-:titus
433 1761 580 1811 legatur
596 1761 667 1814 ῆι
698 1759 793 1828 ὥςγε
814 1778 884 1813 την
911 1764 1089 1803 παιδείαν
1100 1760 1356 1819 οἰκειότητος,
1380 1775 1461 1799 cum
1485 1759 1682 1811 legendum

237 1816 309 1852 sit·
354 1814 446 1862 ὥςτε
473 1813 543 1868 τὴν
578 1814 737 1857 παιδιαν
766 1814 816 1870 μὴ
847 1815 1034 1859 ἄσκεπτον
1070 1820 1190 1859 οὖσαν
1219 1814 1374 1870 μηνυμά
1410 1833 1446 1856 τι
1482 1817 1684 1870 γίγνεσθαι

235 1873 305 1921 τῆς
336 1869 497 1911 εκαστου
525 1869 623 1925 πρὸς
651 1874 831 1913 παιδείαν
859 1872 1103 1927 οἰκειότητος.
1151 1875 1273 1912 Huius
1304 1874 1457 1925 generis
1481 1873 1592 1909 multa
1617 1871 1683 1909 ad-

237 1925 382 1964 modum
412 1928 447 1965 in
471 1928 660 1966 Athenaei
691 1929 795 1967 lituis
826 1930 1021 1969 emendata
1053 1932 1124 1968 iam
1156 1931 1296 1981 pridem
1304 1906 1464 1967 Dhabeo.
1513 1927 1685 1977 Diligen-

239 1988 297 2018 ter
328 1983 425 2019 enim
451 1983 628 2022 Venetiis
659 1985 831 2035 primum,
862 1985 996 2024 deinde
1018 1987 1162 2024 Romae
1187 1993 1299 2022 totum
1329 1984 1431 2022 illum
1463 1984 1683 2034 scriptorem

239 2049 320 2074 cum
352 2037 458 2075 libris
489 2040 679 2077 veteribus
710 2042 864 2078 contuli.
912 2041 1024 2079 Sed
1016 2057 1053 2079 in
1085 2043 1138 2080 eis
1161 2039 1396 2091 proferendis
1420 2052 1486 2077 ero
1511 2039 1680 2089 parcior:

239 2091 336 2142 quod
379 2100 416 2131 et
452 2106 473 2130 a
508 2093 794 2144 diligentissimo
833 2097 1071 2161 typographo
1104 2110 1236 2134 novam
1274 2095 1461 2133 Athenaei
1502 2094 1684 2131 Graecam

240 2146 445 2186 editionem
459 2147 537 2200 ᾖ)
565 2149 742 2188 adornari
772 2149 905 2189 audio:
945 2159 982 2190 et
1019 2153 1098 2191 scio
1135 2164 1222 2190 esse
1262 2151 1300 2188 in
1331 2150 1461 2201 Belgis
1475 2147 1576 2201 *²³47
1617 2149 1684 2186 ho-

314 2262 358 2298 ιε)
379 2263 495 2292 Faesio
515 2264 664 2294 videntur
683 2264 844 2295 excidisse
864 2265 968 2296 verba
986 2266 1073 2295 locos
1093 2265 1250 2295 Athenaez.

313 2311 382 2346 *zzz-J
403 2318 473 2346 pag.
495 2312 565 2342 449.
586 2315 624 2342 D.

316 2360 412 2394 >xz-³:22³]
435 2362 501 2390 lam
528 2362 646 2396 recenti
667 2363 750 2391 sunt.
788 2364 901 2392 FAESL
921 2377 960 2384 -
996 2363 1131 2393 Praeter
1157 2362 1315 2393 muretum
1341 2359 1502 2390 adiecerat
1523 2360 1685 2391 Adrianus

242 2396 351 2426 lunius
372 2397 566 2429 Aniniadvv.
586 2401 640 2429 lib.
660 2401 712 2429 Vl.
733 2407 802 2435 cap.
824 2401 874 2429 26.

316 2447 363 2486 Ἰ»)
384 2449 436 2478 Aa
458 2449 547 2478 mad.
568 2449 614 2482 Ω.
635 2459 708 2488 pag.
731 2452 823 2491 1436,
846 2453 895 2483 14.

317 2499 391 2538 ἢ)
412 2508 482 2536 nae
503 2502 574 2532 465
596 2505 634 2533 D

316 2548 419 2588 τττ)
446 2552 565 2580 Horum
593 2560 744 2581 versuum
778 2552 1030 2582 emendationem
1063 2554 1213 2600 Muretps
1246 2560 1289 2582 ex
1314 2553 1462 2583 Eustath.
1491 2553 1532 2583 ad
1563 2554 1619 2583 Od.
1646 2556 1685 2583 Z.

241 2598 314 2627 pag.
337 2593 435 2628 1558,
457 2593 486 2622 2.
507 2595 687 2629 sumpsisse
707 2595 850 2632 videtur,
881 2595 935 2625 ubi
956 2598 1062 2625 tamen
1091 2589 1256 2639 γενόμην
1275 2601 1307 2630 et
1326 2588 1480 2636 πάτρην.
1518 2595 1567 2628 cf.
1586 2603 1685 2633 supra

241 2633 770 2670 adlib.x111.cap.19.FAns1.

319 2685 361 2721 *J
381 2694 456 2724 pag.
475 2687 548 2717 457.
568 2690 604 2718 F.
642 2688 723 2718 Edit.
744 2695 792 2725 pr.
820 2691 851 2719 et
871 2690 960 2720 Grut.
983 2688 1101 2719 vitiose
1126 2681 1326 2734 μηνύματι.
1362 2691 1399 2720 In
1418 2691 1534 2722 Athen.
1557 2699 1576 2722 ο
1595 2691 1686 2722 libris

240 2732 359 2769 legitur
385 2728 594 2777 μηνύματα.

318 2786 358 2811 *³1
345 2786 388 2821 ³⁵]
409 2786 497 2821 Quae
516 2788 623 2815 tamen
642 2792 704 2814 non
725 2783 848 2820 prodiit.
888 2788 1000 2816 Fam.

321 2835 415 2871 Ηΰῖὲ)
436 2835 604 2873 intelligit,
632 2833 664 2864 in
692 2835 803 2873 fallor,
833 2835 1039 2866 Guitielmum
1060 2836 1252 2874 Canterum,
1282 2835 1334 2872 qui
1356 2836 1466 2873 paucis
1492 2840 1567 2866 ante
1593 2842 1686 2872 annis
