1778 3096
514 160 617 198 Lm.
652 160 743 200 ΧΗ.
805 159 922 198 CAP.
956 159 1066 198 XlH.
1434 159 1516 200 273

77 271 210 323 quibus
248 272 382 316 utitur,
423 270 532 307 facile
569 268 605 307 id
643 268 753 307 alicui
786 268 1012 321 persuadere
1045 275 1214 320 possunt.
1275 267 1350 305 Sed
1389 275 1511 306 tamen

76 340 158 364 eum
180 327 296 364 omnis
321 325 539 363 deliberatio
563 326 722 362 futurum
745 332 888 375 tempus
910 325 1108 374 respiciat:
1133 323 1331 374 quomode,
1355 337 1512 373 quaeso,

75 382 157 433 quis
184 380 391 418 deliberare
423 379 469 417 de
500 380 611 417 rebus
644 381 856 431 praeteritis
888 387 1033 429 potest,
1072 380 1150 416 sive
1179 379 1266 416 illae
1297 392 1391 423 uno,
1434 380 1512 416 site

75 435 238 487 pluribus
279 434 397 472 modis
438 442 500 472 aut
541 449 626 473 esse
665 444 727 473 aut
765 435 844 472 fieri
883 434 1099 484 potuerint?
1166 433 1327 471 Possunt
1366 433 1511 483 quidem

74 491 186 528 urbes
215 490 379 540 pluribus
422 489 539 527 modis
577 491 658 540 capi
696 497 806 541 atque
844 490 1074 538 expugnari:
1121 489 1186 526 sed
1216 491 1248 526 si
1289 489 1369 539 quis
1402 489 1512 526 hodie

74 545 258 583 deliberet
298 552 406 595 atque
445 546 482 582 in
514 546 785 583 consultatione
828 541 1020 595 ponat*),
1063 543 1365 594 quemadmodum
1396 544 1513 581 Troia

73 606 178 650 capta
210 601 278 646 sit,
320 613 441 637 nonne
472 600 517 637 ad
547 607 703 650 agnatos
734 607 771 637 et
800 599 962 650 gentiles
992 597 1233 636 deducendus
1271 611 1356 636 esse
1388 598 1512 636 videa—

71 652 250 706 tur**)?
316 654 538 702 Quaerere,
582 654 764 707 quomodo
804 654 838 692 id
880 655 1014 691 factum
1059 654 1127 697 sit,
1178 666 1395 704 possumus:
1447 653 1512 691 dc-

71 709 232 747 liberare
270 724 339 747 non
377 724 586 761 possumus.
647 710 779 748 Omnis
818 717 939 747 autem
983 708 1202 746 consultatio
1241 709 1409 759 quaestio
1451 709 1513 746 illa

71 764 214 816 quidem
242 772 319 811 est,
361 765 427 803 sed
459 780 530 803 non
559 774 702 804 contra.
763 764 821 803 Ne
857 765 1067 815 praesentia
1109 763 1256 814 quidem
1295 763 1331 800 in
1370 762 1511 801 delibe-

70 821 251 858 rationem
284 820 440 867 cadunt,
473 822 544 858 nisi
574 829 612 859 ut
641 822 695 859 eis
723 822 759 859 iu
791 828 978 872 posterum
1005 820 1245 864 consulatur,
1278 831 1321 855 ac
1352 817 1512 869 denique

71 876 190 912 omnis
220 875 441 914 deliberatio
469 877 512 914 ad
552 877 713 914 futurum
745 883 888 927 tempus
920 876 1096 913 refertur.
1155 874 1212 912 lta
1243 874 1359 923 igitur
1393 875 1511 912 inter-

70 938 223 981 pretor,
272 938 311 968 ut
351 945 433 969 cum
473 945 624 978 rerum,
675 930 1002 988 quemadmodum
1023 930 1145 967 multis
1192 930 1285 967 locis
1321 928 1430 967 Plato
1475 936 1512 966 et

69 986 298 1024 Aristoteles
338 986 495 1033 docent,
539 986 718 1038 quaedam
757 986 928 1025 dicantur
964 989 1083 1034 εἰναι,
1126 992 1165 1022 ut
1207 985 1330 1031 numi,
1372 983 1508 1022 aedes:

71 1041 246 1091 quaedam
284 1041 483 1094 γίνεσθαι,
525 1050 564 1080 ut
592 1043 725 1080 bellum
765 1049 828 1080 aut
856 1042 1028 1093 nuptiae.
1072 1047 1266 1091 utrumque
1302 1053 1419 1090 genus
1452 1040 1511 1077 hie

69 1096 298 1134 Aristoteles
335 1097 549 1148 complexus
589 1098 652 1136 sit.
711 1097 889 1135 Aoristus
929 1097 1025 1134 enim
1065 1094 1246 1149 γενέσθαι
1285 1109 1355 1132 non
1393 1096 1512 1145 magis

70 1152 264 1201 praeteriti
309 1165 415 1203 quam
462 1154 670 1215 praesentis
717 1160 780 1190 aut
820 1153 932 1190 futuri
975 1152 1153 1202 temporis
1200 1151 1511 1200 significationem

69 1206 196 1243 habet.
249 1205 300 1243 Et
330 1208 539 1244 rectissime
563 1208 757 1246 Victorius
773 1205 873 1275 ²³⁴5&
905 1207 974 1244 hoc
1003 1207 1084 1273 ipso
1116 1207 1152 1243 in
1184 1205 1278 1242 libro
1308 1205 1421 1242 verba
1450 1206 1512 1243 illa

67 1260 302 1306 Aristotelis,
334 1259 407 1300 όσα
436 1260 622 1313 ἐνδέχεται
649 1261 714 1301 καὶ
737 1261 919 1315 γενέσθαι
944 1260 1010 1300 καὶ
1037 1257 1103 1311 μὴ,
1137 1261 1402 1310 interpretatus
1428 1268 1508 1297 est:

69 1329 165 1367 qnae
185 1330 264 1353 eum
285 1324 461 1354 naturam
483 1317 637 1362 habent,
670 1324 713 1355 nt
731 1317 879 1367 etfiete
904 1323 939 1354 et
964 1330 1036 1354 non
1053 1316 1155 1366 fieri
1163 1317 1336 1384 possint.
1387 1315 1511 1366 Saepe

68 1378 189 1408 autem
218 1371 468 1409 consultamus
500 1385 571 1409 non
604 1379 674 1409 tam
705 1370 793 1423 περὶ
818 1374 887 1410 τοῦ
913 1370 1114 1424 γενέσθαι,
1143 1367 1170 1421 ἢ
1198 1369 1375 1417 ε’,σεσθαι
1404 1384 1510 1421 quam

69 1425 155 1478 περὶ
180 1429 249 1466 τοῦ
277 1430 360 1473 πῶς
388 1425 510 1478 μέλλει
539 1426 644 1478 ἔχειν.
692 1427 812 1477 Igitur
840 1433 879 1464 et
908 1427 978 1464 hoc
1006 1425 1165 1472 addidit,
1198 1439 1269 1463 non
1299 1401 1511 1464 deliberate

70 1481 239 1519 homiues
260 1480 347 1534 περὶ
373 1485 449 1520 τῶν
470 1479 671 1521 ἀδυνάτων
693 1479 843 1529 ἅλλως’
832 1481 938 1533 ε’χειν.
985 1481 1134 1519 Deinde
1155 1481 1365 1531 subiungit.
1399 1478 1513 1521 οὐδὲν

69 1533 140 1588 γὰρ
166 1535 293 1584 πλέον,
319 1533 345 1587 ἢ
374 1534 495 1583 οὕτως
522 1535 707 1602 ἐνδέχεται
734 1533 1016 1588 συμβουλεύειν.
1069 1535 1146 1573 Sed
1176 1549 1247 1586 ego
1278 1543 1391 1573 totum
1423 1535 1512 1573 illud

69 1589 96 1643 ἢ
118 1589 239 1638 οὕτως
260 1589 444 1642 ἐνδέχεται
461 1588 733 1658 συμβουλεύειν
756 1591 949 1629 delendum
974 1604 1113 1629 censeo
1129 1590 1207 1644 ·1-),
1239 1589 1511 1642 legendumque

71 1647 292 1698 simpliciter
319 1644 432 1686 οὐδὲν
459 1643 531 1698 γὰρ
560 1645 690 1693 πλέον,
722 1654 758 1685 ct
788 1648 839 1684 ita
875 1647 1125 1697 intel-:pretor
1157 1647 1283 1684 nullus
1297 1644 1381 1698 ††)
1411 1660 1510 1684 emm

70 1715 159 1740 usas
197 1704 380 1739 ezecsmode'
418 1702 704 1740 delebetale‘om's
741 1709 852 1740 esset.
914 1702 980 1740 Sic
1020 1701 1127 1738 Plato
1164 1701 1257 1739 libro
1297 1708 1427 1752 quarto
1463 1701 1509 1739 de

70 1757 170 1807 Rep.
201 1756 315 1809 †††)
364 1754 423 1796 ότι
470 1754 661 1807 ἀνωφελὲς
707 1756 772 1796 καὶ
817 1755 932 1796 πλέον
986 1754 1108 1795 οὐδὲν.
1187 1755 1290 1794 Idem
1341 1755 1512 1807 Epistola

71 1813 219 1878 quincta
234 1811 306 1864 *):
354 1812 390 1851 εἰ
416 1828 467 1863 μη
498 1809 632 1876 μάτην·
651 1809 720 1863 μὲν
755 1809 1015 1851 κινδυνεύσειν
1044 1808 1156 1866 ῲετο,
1186 1809 1300 1850 πλέον
1329 1808 1365 1850 δ’
1397 1808 1512 1851 ουδὲν

69 1863 252 1918 ποιήσειν.
309 1866 585 1918 Aristophanes
624 1868 659 1904 in
689 1867 799 1905 Pluto
814 1867 909 1919 **):
952 1867 1077 1906 καίτοι
1104 1866 1139 1905 τί
1168 1865 1283 1906 πλέον
1311 1870 1510 1916 πλουτεῖν;

70 1922 166 1973 quod
200 1922 429 1961 Scholiastes
460 1924 509 1960 ita
539 1923 712 1973 exponit,
754 1922 812 1969 τίς
842 1922 946 1974 χρεία
974 1921 1052 1961 ἐστὶ
1086 1924 1154 1961 τοῦ
1182 1925 1378 1971 πλουτεῖν,·
1425 1922 1511 1961 Hoc

70 1978 131 2028 qui
162 1991 234 2016 non
266 1977 457 2025 viderant,
488 1985 659 2030 putarant
686 1977 822 2029 aliquid
852 1977 999 2016 deesse.

142 2135 187 2170 ἵε)
208 2135 273 2165 Cic.
295 2136 334 2164 de
354 2137 477 2165 Invent.
497 2135 551 2165 lib.
571 2137 609 2165 11.
630 2143 699 2172 cap.
720 2136 770 2165 25.
791 2136 822 2172 §-
844 2136 892 2166 76.
914 2135 1003 2172 quasi
1021 2135 1156 2170 aliquam
1182 2135 1222 2163 in
1240 2135 1512 2165 consultatio-

68 2180 150 2203 nem
168 2180 221 2202 res
239 2175 380 2203 veniat.

143 2234 211 2269 mk]
232 2233 442 2263 proverbiale
469 2232 591 2261 dicendi
619 2240 738 2269 genuS,
769 2240 829 2267 quo
851 2232 1057 2266 designantur
1076 2234 1182 2260 mente
1208 2232 1303 2267 capti.
1341 2233 1443 2261 varro
1471 2233 1511 2261 de

71 2273 108 2300 R.
128 2273 165 2300 R.
186 2272 239 2300 lib.
259 2273 283 2300 1.
304 2278 372 2305 cap.
394 2272 421 2299 2.
442 2271 474 2306 S.
494 2272 523 2299 8.
552 2273 650 2299 mente
669 2272 716 2299 est
742 2272 850 2305 captus
878 2272 969 2305 atque
988 2271 1029 2298 ad
1047 2271 1176 2305 aquatos
1194 2271 1224 2297 et
1243 2270 1369 2305 ‚qemiles
1390 2271 1436 2298 est
1454 2271 1510 2299 de-

71 2310 235 2338 ducendus.
274 2310 314 2337 Et
335 2309 445 2336 eodem
465 2309 557 2336 modo
579 2309 756 2337 Columella
776 2310 816 2336 de
835 2310 872 2337 R.
896 2309 931 2336 R.
952 2308 1006 2336 lib.
1021 2309 1044 2336 Ι.
1066 2315 1132 2342 cap.
1153 2309 1182 2335 3.
1204 2309 1235 2343 5.
1254 2309 1279 2335 1.
1319 2308 1388 2336 Vid.
1411 2308 1511 2336 Hein-

71 2345 150 2374 dorf.
180 2347 220 2374 ad
250 2347 325 2374 Hor.
347 2346 440 2374 Satir.
462 2348 500 2374 11.
520 2347 557 2382 3,
580 2347 649 2374 218.
672 2353 742 2380 pag.
762 2346 834 2374 317.
875 2344 921 2374 Cf.
951 2348 1030 2373 Mur.
1055 2345 1133 2378 Ono.
1164 2346 1250 2373 Tom.
1273 2345 1324 2373 IV.
1347 2351 1417 2379 pag.
1438 2347 1509 2375 338.

70 2384 156 2413 Aliis
176 2384 282 2412 verbis
302 2384 433 2412 eandem
453 2391 520 2411 rem
539 2385 701 2418 expressit
720 2386 863 2412 Muretus
884 2382 965 2411 infra
984 2383 1038 2411 lib.
1060 2384 1126 2411 XV.
1148 2389 1217 2417 cap.
1240 2383 1287 2411 14.
1309 2385 1390 2411 extr.

145 2442 236 2476 {etz-³3)
258 2450 328 2477 pag.
349 2443 400 2471 68.
419 2441 501 2470 infra
521 2442 601 2470 med.
623 2445 653 2471 et
673 2449 744 2477 pag.
764 2443 813 2471 69.
857 2442 904 2472 Cf.
924 2444 1003 2471 Mur.
1026 2443 1130 2470 schol.
1152 2441 1185 2471 in
1203 2441 1304 2471 Arist.
1325 2443 1417 2472 Rhet.
1437 2449 1510 2479 pag.

72 2480 143 2510 768.
163 2483 193 2509 et
212 2480 373 2515 interpret.
395 2481 523 2508 Rhetor.
544 2486 616 2515 pag.
636 2481 708 2510 627.
747 2483 858 2510 FAnsi.

144 2537 190 2578 †)
210 2539 338 2568 Delevit
356 2540 534 2568 BekkeruS.

145 2597 219 2635 ††)
239 2598 419 2627 Ruhnloenii
439 2599 536 2627 editio
558 2600 661 2628 nullis.

144 2656 244 2695 †††)
266 2664 337 2693 pag.
357 2658 427 2686 427.
447 2659 487 2686 A.
505 2661 550 2687 st.

143 2717 187 2751 *J
217 2724 288 2752 pag.
307 2718 379 2746 322.
401 2719 437 2747 B.
458 2720 503 2747 St.
544 2718 590 2748 cf.
621 2718 692 2747 Ast.
721 2717 760 2746 ad
789 2719 872 2747 Plat.
894 2717 1029 2747 phaedr.
1057 2724 1129 2753 pag.
1152 2718 1224 2748 386.
1251 2717 1291 2747 de
1310 2719 1390 2753 Rep.
1412 2719 1436 2747 1.
1458 2718 1507 2748 15.

69 2761 142 2791 pag.
161 2756 232 2784 363.
272 2757 383 2784 FAssffl.

143 2813 211 2850 ξιξ-»Ὁ
231 2821 264 2843 v.
282 2815 355 2844 531.
375 2828 412 2846 =
431 2816 551 2844 Eccles.
574 2822 603 2844 v.
626 2814 717 2844 1⁰93.

123 2923 250 2951 Meum.
273 2922 345 2951 Orr.
368 2922 446 2951 Vol..
467 2921 520 2949 111.
543 2921 690 2957 (nuum.
706 2923 760 2952 En.
777 2922 858 2951 Tom.
874 2920 934 2957 Π.)
1189 2905 1241 2949 IS

1539 1823 1601 1852 286
