1778 3096
137 1082 197 1112 451

228 133 310 178 428
791 131 922 173 VAR.
951 131 1106 171 LECT.

230 248 327 287 libro
357 247 514 299 septimo
545 243 824 296 Epistolarum,
857 256 952 295 quac
982 244 1207 282 Familiares
1234 241 1407 281 dicuntur
1422 241 1495 296 ἵε),
1537 242 1574 279 in
1605 255 1671 280 ex-

229 310 365 342 tremo.
425 302 477 339 At
516 299 612 351 quod
652 299 689 336 in
729 297 858 336 cadem
895 300 1065 337 oratione
1099 298 1236 347 legitur
1251 297 1344 348 mx),
1379 305 1515 349 postea
1549 299 1673 336 cultus

228 373 309 397 sum
339 371 362 396 a
394 364 453 395 te.-
494 363 534 394 tu
559 368 582 393 a
612 368 669 392 me
700 354 920 392 observatus
951 356 987 392 in
1012 355 1197 405 peticione
1224 355 1483 403 Quaesturam
1523 364 1672 403 semper

228 414 344 459 mihi,
379 419 417 449 ut
447 412 520 448 iam
550 417 625 447 tum
655 416 811 447 testatus
844 423 948 455 sum,
982 416 1196 460 suspectum
1226 409 1308 446 fuit.
1367 409 1441 447 Vix
1469 408 1568 446 cuim
1596 414 1670 453 est,

228 476 268 507 ut
299 482 382 506 enm
416 481 436 505 a
465 479 505 504 se
527 466 665 503 Cicero
696 465 931 503 observatum
965 463 1079 510 (licat,
1109 479 1130 501 a
1160 477 1230 514 quo
1257 465 1337 514 ipse
1367 464 1574 502 coleretur:
1608 475 1672 500 ne-

229 537 300 575 que
330 522 477 560 videtur
508 535 573 571 par
601 533 707 567 esse,
752 527 791 558 ut
820 520 1135 558 adolescentulum
1167 520 1400 566 Quaesturae
1437 517 1673 557 candidatum

230 579 450 616 Consularis
487 589 604 615 senex
641 589 684 614 ea
713 576 833 626 gloria
864 576 983 626 iisque
1016 576 1127 613 rebus
1163 575 1281 624 gestis
1321 574 1540 612 observasse
1572 572 1674 611 diea-

227 642 302 673 tur.
351 633 445 671 Cum
472 633 586 683 igitur
615 632 652 669 in
676 633 813 682 optimo
844 632 990 681 quidem
1022 631 1117 668 libro
1141 630 1287 680 legatur
1317 636 1463 675 ovatus,
1492 630 1528 666 in
1554 629 1672 666 altero

227 697 351 728 autem
385 701 468 726 meo
499 688 698 726 deterioris
729 694 839 724 notae
873 687 1028 731 beatus,
1061 686 1234 732 verebar,
1269 698 1314 723 ne
1345 683 1540 735 legendum
1571 691 1675 722 esset

227 746 458 783 sublevatus.
518 744 575 781 Ita
614 749 718 780 certe
752 742 914 792 loquitur
941 741 1086 779 Caesar
1121 742 1215 779 libro
1253 742 1369 792 primo
1409 738 1455 777 de
1492 740 1588 777 bello
1619 739 1674 777 ci-

227 801 291 838 vili
308 798 432 852 ***):
480 800 587 849 Quod
621 799 657 836 in
691 799 874 848 peticione
907 799 1135 835 Consulatus
1170 797 1217 834 ab
1245 810 1287 834 eo
1325 802 1409 833 erat
1440 795 1669 833 sublevatus.

228 855 307 894 Sed
344 855 414 893 hoe
444 868 564 892 meum
604 852 784 904 quoddam
825 853 1006 889 somnium
1045 859 1122 898 est,
1168 851 1213 890 de
1253 865 1324 903 quo
1357 849 1571 902 lerator-1⁴)
1610 856 1673 887 aut

227 912 422 949 coniector
451 911 584 961 aliquis
619 908 813 946 iudicabit.
877 907 1096 957 Charybdin
1127 906 1308 958 quandam
1339 907 1376 943 in
1413 904 1544 943 eodem
1576 905 1672 942 libro

228 980 315 1005 esse
335 967 539 1004 Antonium
570 963 660 1001 dicit
677 963 787 1016 ††)‚
819 969 882 999 aut
904 970 1009 1001 certe
1030 976 1110 1000 cum
1135 962 1327 1013 Charybdi
1359 974 1440 999 eum
1467 967 1668 1011 comparat.

231 1024 334 1072 Quae
364 1021 595 1071 Charybdis,
640 1019 781 1069 inquit,
822 1025 897 1056 tam
927 1018 1081 1056 voram?
1136 1017 1189 1055 Et
1228 1017 1308 1055 lieri
1348 1016 1494 1068 quidem
1533 1022 1670 1067 potest,

227 1085 266 1114 ut
295 1078 480 1115 neminem
512 1077 551 1113 in
590 1087 635 1113 eo
666 1075 830 1111 imitatus
861 1074 922 1111 sit.
984 1072 1061 1111 Sed
1097 1080 1219 1111 tamen
1260 1073 1320 1125 qui
1352 1079 1455 1122 putet
1489 1085 1570 1109 eum
1601 1071 1672 1108 hoe

227 1133 274 1170 ab
308 1132 566 1183 Aristophane
603 1131 831 1178 sumpsisse,
871 1143 944 1166 non
984 1129 1156 1175 multum,
1198 1136 1238 1166 ut
1276 1129 1429 1180 opinor,
1471 1127 1670 1166 erraverit.

227 1188 292 1226 Sic
322 1189 419 1226 enim
451 1195 489 1225 et
517 1187 578 1224 ille
608 1187 646 1223 in
678 1184 858 1223 Cleonem
873 1183 1014 1237 †††):

339 1267 463 1313 Παῖε,
492 1267 583 1304 παῖε
610 1259 677 1303 τὸν
704 1264 924 1314 πανοῦργον
952 1260 1017 1301 καὶ
1039 1257 1424 1313 ταραξιππόστρατον,

338 1319 419 1359 Καὶ
442 1316 626 1371 τελώνην,
654 1317 722 1358 καὶ
750 1314 946 1370 φάραγγα,
975 1315 1041 1356 καὶ
1067 1314 1254 1369 χάρυβδιν
1284 1314 1469 1370 ἁρπαγῆς.

686 1452 976 1491 CAPUT
1031 1453 1159 1492 VIII.

289 1536 460 1585 Elegans
491 1532 656 1571 Platonis
686 1531 867 1569 librorum
895 1531 941 1567 de
970 1533 1061 1580 nep.
1094 1531 1255 1567 initium.
1315 1531 1454 1579 Lysiae
1481 1531 1603 1568 stilus.

622 1586 764 1625 Fabius
794 1587 1048 1636 Quintilianus
1075 1592 1282 1623 correctus.

225 1669 285 1726 ΙΝ
313 1686 557 1738 scriptoribus
585 1684 792 1737 pectendae
831 1698 875 1724 ac
908 1683 1113 1723 comendae
1144 1684 1321 1721 orationis
1337 1681 1382 1735 ἥ)
1420 1681 1597 1721 studiosis
1625 1695 1672 1721 ea

225 1745 308 1796 ipsa
339 1755 620 1792 nonnunquam,
660 1755 752 1792 quae
783 1748 915 1792 sponte
947 1742 1029 1778 fusa
1057 1740 1225 1777 omnibus
1254 1739 1491 1785 viderentur,
1531 1752 1672 1776 summo

227 1798 350 1838 studio
377 1798 566 1836 elaborata
597 1804 634 1835 et
654 1797 816 1848 expolita
844 1804 945 1835 sunt.
997 1796 1106 1843 Quod
1139 1809 1209 1845 ego
1240 1795 1326 1832 mihi
1358 1807 1471 1845 saepe
1501 1795 1536 1831 in
1556 1794 1673 1846 Lysia

227 1855 454 1893 observasse
482 1852 638 1891 videor:
685 1859 724 1889 ut
756 1866 837 1890 curn
868 1852 995 1890 verbis
1025 1852 1239 1902 plerumque
1277 1849 1502 1901 quotidianis
1532 1857 1670 1896 utatur,

229 1918 415 1948 structura
453 1916 576 1946 tamen
616 1915 652 1945 et
684 1908 879 1945 collocatio
921 1921 1048 1945 eorum
1090 1907 1189 1944 nullo
1230 1905 1338 1944 modo
1368 1906 1502 1943 mutari
1542 1912 1669 1956 queat,

228 1967 316 2018 quin
346 1963 482 2015 aliquid
521 1963 566 2001 de
594 1964 715 2013 gratia
755 1970 792 2001 et
824 1964 1003 2001 suavitate
1035 1963 1213 2000 orationis
1248 1960 1453 2000 deteratur.
1513 1961 1671 1999 Tantum

228 2019 325 2072 apud
366 2021 507 2071 peritos
545 2019 709 2056 artifices
740 2019 777 2056 in
807 2019 889 2069 ipso
919 2019 1146 2068 singularum
1177 2030 1308 2055 vocum
1345 2016 1477 2054 ordine
1516 2023 1553 2053 et
1582 2029 1672 2054 con-

228 2076 418 2114 iunctione
459 2075 635 2111 momenti
671 2081 744 2112 est.
804 2073 941 2111 Audivi
972 2087 993 2111 a
1022 2074 1190 2111 maximis
1218 2073 1333 2118 viris,
1375 2072 1510 2123 quique
1541 2070 1578 2108 id
1616 2073 1671 2109 fa-

229 2132 366 2169 cillime
403 2142 515 2167 nosse
544 2137 740 2180 poterant,
782 2128 1014 2168 Ludovieum
1044 2130 1261 2175 Adustum,
1302 2127 1572 2166 nobilissimum
1602 2140 1668 2165 no-

305 2264 866 2348 η))ΕΞε1ιῗ)ῐὲἒ.ζ.ἶῗ)Ετηεεῖῐυε
886 2311 1058 2339 custoditus
1076 2317 1153 2343 sum,
1176 2310 1317 2339 ofellius
1337 2310 1441 2339 denno
1459 2310 1579 2346 recepit
1598 2312 1672 2340 vut-

228 2353 338 2419 gatssbn
358 2351 546 2386 scripturam
571 2349 672 2378 cultus
689 2355 772 2386 sum,
801 2354 896 2385 atque
916 2348 1052 2378 conferri
1079 2349 1165 2378 iubet
1185 2350 1250 2378 Cic.
1273 2350 1324 2377 Or.
1353 2356 1408 2384 pro
1430 2351 1510 2379 Mur.
1531 2356 1599 2384 cap.
1618 2349 1670 2379 34.

228 2392 251 2427 s
303 2436 397 2471 ÷::-÷:=--2::-)
417 2443 487 2470 cap.
508 2436 558 2464 22.

305 2485 350 2523 †)
376 2487 508 2513 Verator
535 2486 717 2517 suspectum
738 2483 936 2511 vocabulum.
976 2484 1014 2510 1).
1035 2483 1073 2511 R.
1095 2497 1132 2502 —
1162 2482 1264 2510 Etiam
1288 2481 1392 2510 semin.
1418 2483 1561 2511 veratrtae
1587 2483 1671 2517 apud

228 2523 426 2591 {appuleium
446 2522 615 2551 admodum
632 2522 746 2550 dubiae
765 2521 836 2550 fidei
857 2524 918 2550 cst.
958 2521 1028 2549 vid.
1049 2521 1214 2549 ericaeum
1234 2521 1274 2549 ad
1293 2523 1424 2550 Metam.
1439 2522 1492 2550 IX.
1513 2527 1585 2556 pag.
1602 2521 1670 2550 197.

248 2564 342 2591 'An-51.

304 2608 379 2647 ††]
401 2614 468 2641 cap.
490 2607 540 2635 27.
561 2607 593 2642 §-
614 2607 665 2636 67.

304 2656 406 2695 —'s††)
428 2655 544 2689 Equitt.
565 2662 595 2684 v.
618 2654 678 2683 2⁴7
699 2662 746 2689 sq.
786 2654 832 2683 cf.
855 2654 918 2684 Cic.
941 2655 978 2682 de
1001 2655 1087 2684 Orat.
1108 2655 1162 2683 lib.
1184 2656 1235 2682 III.
1258 2661 1325 2688 rap.
1346 2653 1397 2682 4¹.
1419 2653 1453 2689 S.
1476 2654 1544 2683 163.

305 2706 348 2740 τέ]
370 2703 516 2739 Quinctil.
538 2705 613 2731 Inst.
636 2704 686 2731 Or.
706 2703 760 2731 lit).
782 2703 862 2731 VIII.
883 2710 952 2737 cap.
972 2704 1001 2731 3.
1024 2706 1054 2736 ᾗ.
1076 2704 1126 2732 42.
1153 2710 1215 2730 non
1244 2704 1315 2737 qnia
1340 2704 1439 2730 comi
1466 2702 1669 2735 expoliri-

229 2751 301 2780 que
319 2749 381 2770 non
401 2743 507 2769 «teneat
528 2741 678 2776 (oratio).
713 2741 765 2768 Sic
784 2741 974 2774 saepissime
994 2748 1114 2769 comere
1134 2742 1173 2769 ad
1192 2741 1365 2768 orationem
1387 2739 1586 2776 transfertur,
1606 2741 1667 2768 vid.

231 2784 304 2810 Otto
325 2781 364 2808 ad
386 2780 450 2808 Cic.
473 2779 511 2806 de
533 2781 655 2806 Senes-t.
677 2786 744 2811 cap.
765 2779 794 2805 9.
816 2780 848 2811 ᾗ.
870 2779 919 2805 28.
941 2785 1010 2811 paiz.
1033 2779 1082 2805 74.
1123 2779 1315 2806 Insoteutius
1338 2777 1453 2806 dictum
1473 2781 1521 2805 est
1546 2779 1669 2811 pectere

231 2820 417 2851 οναηοιιειη,
440 2824 512 2845 nam
530 2823 658 2850 pexus
677 2817 856 2850 ,unquesque
875 2816 986 2843 (lector
1005 2816 1204 2850 Quinctitiaui
1226 2817 1277 2843 lib.
1299 2818 1322 2843 I.
1343 2823 1410 2849 cap.
1430 2817 1460 2844 5.
1482 2817 1513 2851 S.
1537 2816 1585 2845 14.
1606 2817 1668 2845 huc

231 2864 295 2886 non
314 2856 460 2892 pertinet.
501 2853 548 2884 cf.
568 2854 753 2883 nocuerunt
774 2856 892 2888 synon.
913 2853 1017 2883 Latin.
1037 2855 1126 2883 Tum.
1147 2854 1198 2883 tv.
1221 2860 1293 2889 pag.
1314 2853 1386 2882 439.
