1726 3106
525 131 626 172 LIB.
660 131 732 172 [X.
792 130 913 173 CAP.
944 131 1016 171 ΙΙΙ.
1422 131 1503 174 193

48 241 130 293 οἷος
158 243 358 293 πέπνυται,
391 241 484 282 haec
513 243 679 281 notavit:
710 242 889 282 Mendzcm
913 242 985 280 hoc
1016 248 1087 287 est,
1117 248 1157 281 et
1184 243 1222 280 in
1246 248 1378 281 nostro
1404 245 1502 281 scri-

41 311 164 353 ptura
206 301 435 350 depravata,
492 301 605 336 etiam
649 300 937 349 interpolatione
979 299 1218 335 litterarum.-
1274 311 1502 348 quaeramus

48 370 143 406 ergo
175 356 480 393 emendationem.
540 352 627 403 Ego
661 360 808 398 autem,
847 351 1154 402 quemadmodum
1196 352 1231 389 ei
1262 352 1344 390 loco
1382 352 1499 390 medi-

49 413 135 450 cina
173 408 344 448 facienda
383 410 454 454 sit,
499 409 572 445 iam
612 407 748 446 dudum
786 407 976 457 reperisse
1014 407 1104 444 mihi
1145 406 1299 445 videor:
1347 408 1384 445 in
1427 421 1499 458 quo

46 479 131 504 num
160 464 246 516 quid
278 465 358 514 ipse
390 477 448 502 me
479 464 631 509 fallam,
674 463 737 501 alii
775 461 1006 501 iudicabunt.
1068 461 1191 500 Vetus
1233 469 1314 500 erat
1350 463 1496 514 opinio,

47 521 254 573 periculum
283 532 366 557 esse
391 519 540 570 aliquod
572 532 593 557 a
624 519 782 564 fascino,
812 517 873 555 ubi
905 518 987 567 quis
1015 518 1218 568 impensius
1242 526 1306 555 aut
1330 517 1500 556 laudaret

48 578 129 627 ipse
166 589 231 621 se,
277 582 340 612 aut
378 587 560 626 praesens
601 574 647 612 ab
683 574 755 611 alio
793 571 1022 610 laudaretur.
1092 571 1188 609 Eius
1229 574 1285 610 rci
1326 586 1496 620 caussas,

48 632 219 683 quoniam
245 630 308 667 alii
333 637 371 667 et
399 630 547 667 curiose
576 630 833 681 quaesierunt,
866 634 905 665 et
935 628 1087 678 copiose
1118 626 1367 674 tradiderunt,
1400 642 1497 667 nunc

47 686 223 739 persequi
260 698 332 723 non
367 692 425 722 est
463 698 615 735 operae.
676 682 753 721 Sed
784 696 830 721 ex
867 695 912 721 ea
950 683 1125 733 opinione
1165 689 1356 733 receptum
1397 691 1494 731 erat,

48 749 89 780 ut
118 742 155 779 in
186 739 369 778 laudando
411 740 625 790 plerumque
656 738 838 777 adderent
869 751 996 775 vocem
1030 737 1258 788 praefiscine
1288 746 1350 775 aut
1382 752 1496 789 prae-

35 798 186 850 fiscini,
219 809 289 846 qua
314 794 487 833 invidiam
514 802 550 832 et
578 796 756 832 fascinum
785 807 805 832 a
831 807 871 831 se
901 793 1146 831 amolirentur
1172 806 1215 830 ac
1246 792 1497 844 deprecaren-

48 860 122 890 tur.
183 851 303 898 Quale
335 857 412 895 est,
456 863 527 900 quo
566 851 677 888 etiam
717 849 826 886 hodie
860 849 1018 894 utimur,
1060 850 1169 886 Dicto
1200 848 1298 886 absit
1337 850 1492 886 inuidia.

47 907 123 946 Est
153 915 274 944 autem
299 905 527 956 praefiscine
555 912 618 942 aut
647 905 871 956 praefiscini
905 903 1001 941 idem
1029 902 1126 954 quod
1161 899 1253 954 μετὰ
1279 904 1497 956 προβασκα-

47 963 146 1003 νίου.
196 961 289 999 Cum
319 961 434 1011 igitur
463 961 660 1010 magnifice
691 959 736 997 de
768 972 808 997 se
842 959 1031 996 locuturus
1064 965 1167 996 esset
1195 965 1387 996 veterator
1416 960 1494 1004 ille,

49 1019 154 1057 cuius
185 1029 230 1054 ea
260 1016 356 1066 apud
386 1015 556 1053 Plautum
590 1015 706 1055 verba
736 1021 846 1060 sunt,
882 1014 989 1066 quasi
1020 1013 1197 1052 invidiam
1225 1026 1248 1052 a
1278 1026 1319 1052 se
1348 1014 1497 1052 amoliri

49 1073 204 1125 cupiens
237 1072 303 1117 ait,

271 1146 495 1198 Praefiseim'
517 1149 588 1185 lzoc
618 1160 718 1186 nunc
747 1148 924 1185 timerem.

48 1224 181 1277 Neque
211 1225 309 1262 enim
340 1223 484 1270 dubito,
516 1224 602 1275 quin
632 1225 683 1262 ita
713 1224 788 1274 legi
815 1228 1000 1274 oporteat.
1051 1221 1175 1259 Huius
1202 1221 1307 1261 vocis
1336 1222 1497 1261 citantur

48 1280 217 1332 exempla
248 1279 341 1317 haec
373 1292 395 1317 a
425 1278 600 1316 Charisio
615 1276 683 1331 ἧς
713 1279 901 1317 Titinnius
929 1278 966 1316 in
996 1276 1154 1316 Setina:

268 1357 391 1396 Paula
420 1368 522 1402 mea,
555 1356 689 1394 amabo
709 1357 781 1407 pol
806 1363 848 1394 tec

213 1413 282 1452 Ad
309 1413 456 1450 laudem
484 1412 615 1450 addito
640 1412 886 1463 praefiscini,
917 1423 965 1449 ne
985 1410 1116 1462 puella
1134 1408 1373 1462 sascz'netur.

49 1489 231 1530 Afranius
261 1489 301 1527 in
331 1488 605 1527 Consobrinis:
627 1485 643 1494 ‘

215 1567 301 1606 Seis
328 1566 516 1611 habitum,
552 1567 606 1603 ita
638 1571 682 1603 ut
707 1577 808 1603 nunc
837 1564 1000 1611 obtinet,
1028 1563 1272 1615 praefiscine.

53 1643 130 1685 Sed
159 1651 197 1682 et
220 1643 315 1695 apud
345 1642 590 1694 Appuleium,
634 1641 747 1678 multo
785 1640 1026 1679 eruditiorem
1061 1642 1248 1693 multoque
1286 1640 1402 1692 pluris
1440 1642 1498 1679 fa-

52 1699 225 1739 ciendum
254 1700 498 1749 scriptorem,
531 1710 637 1747 quam
665 1697 774 1746 vulgo
804 1702 951 1746 putant,
985 1697 1087 1734 locus
1116 1704 1172 1734 est
1196 1697 1363 1734 eiusdem
1393 1698 1496 1734 vocis

52 1755 286 1807 ignoratione
316 1760 512 1804 corruptus
553 1752 647 1789 libro
681 1752 791 1790 tertio
821 1749 1168 1803 F101‘id0r11m**):
1210 1754 1357 1801 Igitur,
1399 1752 1499 1802 qnod

53 1810 202 1861 difficile
227 1809 346 1861 saeta
376 1817 483 1854 erat,
531 1809 702 1858 quodque
732 1821 776 1845 re
804 1819 895 1845 vera
925 1809 1084 1845 arduum
1120 1807 1226 1845 nobis
1255 1807 1498 1845 existimaba-

52 1874 130 1912 tur,
159 1871 314 1915 gratum
345 1877 424 1902 esse
448 1865 608 1914 populo,
643 1863 798 1912 plaeere
827 1863 975 1908 ordini,
1015 1861 1180 1912 probari
1210 1862 1498 1911 magistralibus

51 1929 91 1960 et
113 1920 373 1972 principibus,
414 1919 477 1963 id,
516 1917 736 1970 praesusive
766 1918 953 1962 ‹leh-erim,
999 1919 1072 1955 iam
1103 1917 1371 1967 quodammodo
1408 1918 1503 1954 mihi

52 1977 204 2026 obtigit.
265 1974 493 2024 Pratfiscine
533 1974 655 2019 enim,
696 1986 767 2010 non
803 1973 1043 2024 praefusive,
1094 1984 1140 2009 eo
1175 1972 1258 2009 loco
1300 1971 1497 2022 legendum

54 2038 127 2070 est.
187 2030 264 2067 Iam
303 2028 445 2080 pridem
485 2028 577 2065 haec
618 2029 867 2079 scripseram,
909 2041 989 2065 cum
1030 2026 1075 2064 ad
1114 2040 1173 2065 me
1209 2026 1329 2064 Tibur
1363 2027 1497 2064 allatae

53 2093 138 2125 sunt
167 2086 315 2123 litterae
345 2084 390 2121 ab
412 2082 555 2121 Oberto
577 2082 760 2134 Giphanio
775 2080 897 2134 ἢ’ὅῆἓῆῐῖῂ
931 2083 1079 2120 homine
1108 2082 1144 2119 in
1174 2082 1303 2132 primis
1334 2081 1495 2128 erudito,

53 2143 91 2180 in
123 2141 254 2192 quibus
285 2141 460 2190 scriptum
493 2144 594 2176 erat:
633 2138 743 2186 Quod
774 2138 882 2188 vulgo
913 2137 1007 2188 apud
1039 2137 1199 2174 Gellium
1231 2136 1326 2174 libro
1354 2136 1498 2175 decimo

52 2196 227 2236 Noctium
260 2194 469 2232 Atticarum
511 2200 550 2231 et
587 2195 668 2231 eius
701 2194 785 2232 libri
822 2194 943 2244 capite
974 2192 1125 2231 XXIV.
1168 2192 1307 2242 legitur
1342 2193 1505 2243 pristini

54 2259 94 2290 et
115 2253 303 2302 pristine,
344 2251 381 2287 in
413 2249 604 2287 veteribus
641 2249 718 2300 legi
749 2249 976 2300 praefiscini
1002 2255 1039 2286 et
1062 2247 1303 2298 praefiscine.
1365 2246 1499 2285 Certe-

55 2319 127 2358 que
166 2308 203 2343 in
242 2312 372 2344 vetere
406 2304 604 2342 Macrobio
619 2303 694 2358 †),
745 2317 853 2356 quem
889 2303 979 2341 mihi
1023 2301 1270 2341 commodavit
1309 2302 1499 2341 Hercules

131 2436 174 2471 ³31]
193 2436 294 2466 Instit.
316 2438 452 2465 Gramm.
467 2437 505 2464 Π.
530 2442 601 2470 pag.
619 2435 689 2465 189.
729 2436 816 2471 Quae
837 2437 943 2465 autem
963 2434 1120 2463 adduntur
1138 2438 1178 2460 ne
1195 2432 1300 2467 puella
1316 2431 1501 2470 fascinetur,

55 2475 157 2504 verba
176 2477 250 2502 sunt
271 2474 417 2507 charisii.
441 2481 503 2501 non
522 2474 663 2509 Tissnnii,
686 2473 750 2502 vid.
767 2475 858 2503 Poet.
878 2481 964 2502 scen.
984 2473 1056 2501 Lat.
1074 2472 1199 2505 Fragm.
1219 2471 1290 2500 Vol.
1306 2472 1344 2500 11.
1362 2478 1433 2506 pag.
1451 2472 1504 2500 69.

55 2513 105 2541 ed.
126 2513 216 2540 Both.
239 2513 270 2540 et
289 2511 416 2540 Afranii
435 2513 539 2540 locum
558 2511 634 2540 ibid.
654 2518 726 2546 pag.
750 2512 819 2540 163.

132 2559 200 2593 ζῆτε)
222 2559 310 2588 Tom.
330 2561 367 2588 11.
390 2566 462 2594 pag.
484 2560 534 2588 26.
556 2560 603 2588 ed.
624 2560 812 2593 Altenburg.
847 2559 935 2588 Tom.
956 2560 995 2587 11.
1017 2565 1089 2593 pag.
1109 2556 1159 2586 75.
1181 2556 1231 2586 ed.
1252 2555 1392 2584 oudend.
1429 2556 1504 2583 Mu-

55 2596 119 2626 reti
149 2596 331 2625 coniectura
358 2604 440 2625 nunc
468 2600 606 2631 recepta.
646 2598 695 2625 De
723 2597 882 2631 Appuleio
911 2596 1049 2632 iniquius
1078 2595 1230 2624 iudicium
1260 2593 1335 2622 facit
1360 2594 1505 2621 Muretus

57 2636 162 2664 Senot.
183 2634 215 2662 in
236 2635 363 2662 Terent.
384 2635 462 2669 opp.
485 2636 572 2663 Toni.
593 2636 632 2663 11.
653 2641 724 2669 pag.
745 2635 816 2663 876.

133 2683 226 2717 -:'.:·-r.<·-::t-)
250 2683 338 2710 Haec
357 2683 507 2715 leguntur
528 2682 558 2709 in
580 2684 660 2710 Mur.
676 2683 753 2716 opp.
774 2681 916 2710 Tom.11.
930 2687 1002 2715 pag.
1019 2679 1204 2710 502-505,
1240 2676 1387 2713 Giphanii
1406 2678 1507 2705 verba

55 2722 136 2750 haec
155 2723 244 2749 sunt:
274 2728 343 2754 cup.
364 2720 483 2748 XXIV.
504 2721 617 2747 Sicut
634 2720 808 2754 pristini
826 2720 862 2747 et
880 2720 1077 2752 prz'stine:
1096 2718 1265 2754 avendum,
1285 2714 1507 2750 praefisci-

55 2759 146 2787 niet
164 2757 426 2792 praefiscine.
473 2757 578 2785 Etiam
598 2756 631 2785 in
650 2756 913 2786 antecedentibus
933 2755 1108 2792 Gipnanius
1127 2755 1223 2786 unius
1243 2756 1366 2783 tantum
1386 2752 1508 2782 veteris

54 2795 129 2827 libri
149 2795 342 2824 mentionem
362 2794 447 2824 facit.
485 2796 601 2825 Fusa

204 2846 331 2873 Satura.
353 2844 376 2872 1.
397 2842 427 2872 4.

112 2842 243 2927 M-ldmr.
265 2897 343 2928 om».
365 2896 444 2927 Vox..
463 2897 519 2927 111.
540 2896 690 2933 (nuum
703 2896 760 2925 un.
776 2895 860 2925 ron.
873 2893 935 2931 11.)
1185 2874 1239 2917 13

1529 357 1591 387 202

1529 2309 1591 2339 203
