1726 3106
126 1675 189 1707 124

198 155 279 198 llS
756 153 884 193 VAR.
916 151 1069 190 LECT.

199 263 260 311 id,
298 263 396 317 quod
435 261 705 315 quodammodo
748 268 857 300 antea
896 262 1077 301 sciverat:
1118 258 1215 311 quod
1248 260 1345 298 enim
1386 258 1432 298 de
1461 265 1541 297 toto
1569 261 1637 310 ge-

201 332 293 359 nere
334 320 480 366 scitur,
520 321 631 358 etiam
667 317 713 356 de
750 317 913 368 qualibet
940 323 1045 367 parte
1078 317 1216 353 scitur:
1257 315 1322 353 sed
1351 322 1473 353 tamen
1501 315 1550 352 ita
1581 313 1638 352 di-

202 375 338 414 stincte
378 388 423 413 ac
463 374 615 413 desinite
644 374 871 411 nesciverat.
931 371 1037 422 Ergo
1065 368 1110 410 τὰ
1139 370 1207 421 μὲν
1234 367 1419 423 πρότερον
1447 366 1639 422 ἐγνώρισε,

200 427 248 470 τὰ
286 428 327 469 δὲ
363 428 430 468 καὶ
466 428 545 481 ἅμα
579 426 764 481 λαμβάνει
799 425 869 478 τὴν
910 430 1061 480 γνῶσιν.
1130 426 1194 464 Sic
1228 439 1373 477 quoque
1413 428 1475 477 qui
1510 425 1641 462 didicit

201 485 414 531 finitiones,
459 487 666 536 postulata,
706 496 918 522 communes
955 482 1185 528 sententias,
1223 495 1243 518 a
1282 482 1413 532 quibus
1449 479 1643 519 exorditur

202 539 407 578 Euclides:
439 541 470 578 is
503 555 585 579 cum
616 548 745 592 postea
774 538 906 584 discit,
947 537 1070 587 Super
1102 537 1289 587 proposita
1314 538 1412 574 linea
1441 544 1547 574 recta
1577 536 1644 576 tri-

202 595 376 645 angulum
406 597 672 647 aequilaterum
703 595 879 633 constitui
910 605 1046 643 posse;
1087 591 1200 628 discit
1227 591 1295 638 id,
1340 591 1437 642 quod
1466 591 1644 643 quodam-

203 650 314 688 modo
353 653 619 702 praesciverat.
678 650 777 688 Nam
820 661 867 686 ex
907 649 980 685 illis
1018 647 1087 684 hoc
1126 647 1295 686 eflicitur.
1354 646 1406 684 Et
1442 648 1503 698 qui
1544 647 1646 685 novit

203 706 412 757 principia,
453 709 554 745 novit
593 703 861 757 quodammodo
893 703 1187 741 conclusionem.
1244 701 1330 739 Non
1361 709 1481 740 tamen
1515 702 1643 748 discit,

204 755 234 816 ᾗ
273 761 339 800 καὶ
373 758 425 809 ὥς
452 760 655 816 ἐγνώρισε,
697 759 764 798 sed
795 758 1007 797 distinctius
1035 765 1073 795 et
1102 757 1344 795 enucleatius.
1405 757 1493 796 Non
1524 765 1647 796 aulem

204 818 243 854 in
272 818 469 864 omnibus,
504 830 597 868 quae
624 816 842 860 discuntur,
884 811 948 853 διὰ
975 815 1043 852 τοῦ
1075 811 1191 863 μέσον
1219 809 1260 851 τὸ
1293 812 1448 863 ἔσχατον
1475 813 1647 866 γνωρίζε-

203 885 287 911 ταιι
326 873 400 909 imo
443 886 533 911 vero
573 878 658 909 sunt
700 868 903 922 quaedam,
945 881 1038 919 qnae
1077 865 1223 918 ἀμέσως
1262 877 1563 918 cognoscuntur:
1608 875 1649 906 ut

203 928 388 978 principia
418 935 457 965 et
486 941 555 973 ea,
597 938 690 977 quae
719 926 786 963 sub
817 937 963 962 sensum
992 922 1143 961 cadunt.
1203 923 1344 961 Mentis
1376 924 1474 960 enim
1503 931 1541 962 ct
1562 937 1649 962 sen—

205 995 269 1019 sus
298 979 436 1033 ἄμεσος
463 983 628 1033 cognitio
663 988 735 1018 est.
795 965 1026 1020 Aristotelis
1058 991 1103 1016 eo
1137 978 1216 1015 loco
1246 979 1346 1028 ponit
1366 985 1504 1015 tantum
1525 992 1652 1017 exem·

206 1037 304 1088 plum
334 1036 376 1077 ἐν
402 1041 482 1084 τοῖς
509 1034 605 1077 καθ’
640 1035 800 1075 ἕκασται
833 1033 899 1073 sed
930 1035 975 1072 de
1008 1034 1201 1084 principiis
1232 1034 1327 1070 idem
1353 1034 1441 1070 alibi
1464 1033 1649 1087 doceffl‘).

207 1091 302 1130 Cum
342 1100 465 1131 autem
507 1093 617 1143 vulgo
656 1093 824 1142 legatur,
870 1088 942 1129 ὅσα
971 1090 1052 1139 εἴδη
1081 1092 1156 1128 τῶν
1185 1085 1283 1128 καθ’
1315 1087 1455 1128 ἕκαστα
1479 1086 1654 1143 τυγχάνει

208 1144 321 1196 ὄντα,
358 1162 430 1186 non
462 1148 544 1200 εἴδη
580 1148 774 1198 legendum
811 1153 896 1192 est,
942 1145 1007 1183 sed
1035 1142 1135 1196 ἤδη,
1175 1152 1215 1181 ut
1253 1151 1290 1182 et
1328 1151 1433 1182 vetus
1464 1145 1652 1196 interpres

208 1200 402 1255 legit**).
464 1205 507 1241 ln
543 1217 614 1255 quo
661 1203 743 1240 falsi
779 1208 864 1238 sunt
901 1201 953 1246 ii,
997 1203 1056 1251 qui
1095 1214 1135 1238 se
1163 1199 1326 1237 disertos
1364 1212 1471 1250 quam
1516 1201 1655 1239 intelli-

209 1265 343 1309 gentes
391 1259 521 1296 haberi
571 1259 793 1296 maluerunt.
881 1256 952 1293 His
996 1264 1118 1293 autem
1170 1255 1214 1293 dc
1252 1256 1363 1292 rebus
1400 1255 1655 1306 disputaverat

210 1314 319 1352 etiam
353 1313 580 1352 Aristoteles
623 1326 669 1351 eo
706 1312 824 1357 libro,
864 1312 924 1362 qui
965 1312 1131 1360 proxime
1170 1309 1571 1364 aritecesserat*2'⁵*)‚
1614 1311 1656 1351 ἐν

208 1372 262 1424 τῷ
297 1368 385 1421 περὶ
417 1372 487 1421 τῆς
514 1365 610 1408 καθ’
648 1364 852 1418 ὑπόληψιν
894 1363 1053 1417 ἀπάτης.
1120 1367 1225 1404 Haec
1261 1366 1417 1403 iudicari
1459 1368 1569 1418 cupio
1605 1368 1652 1405 ab

210 1424 419 1462 hominibus
448 1432 488 1462 et
517 1425 688 1462 Graecae
720 1424 866 1472 linguae
895 1422 1215 1471 intelligentibus,
1257 1428 1295 1459 et
1334 1433 1397 1467 re,
1438 1435 1509 1459 non
1541 1422 1656 1461 verbo

210 1479 457 1532 philosophis.
502 1477 705 1532 ’Ἁγροικοι
739 1476 805 1517 καὶ
841 1473 1005 1528 ἄμουσοι
1034 1476 1216 1528 quomodo
1245 1477 1437 1527 accepturi
1470 1477 1566 1525 sint,
1608 1475 1656 1518 οὗ

213 1534 373 1588 φροντὶς
399 1531 636 1591 Ἱπποκλείδῃ
653 1533 719 1587 †).

735 1662 1023 1702 CAPUT
1078 1662 1140 1700 ΙΙ.

483 1746 697 1784 Ααείοηιαῐα
726 1742 908 1794 quomodo
936 1742 1072 1780 Latine
1100 1741 1268 1778 vocanda
1302 1742 1395 1782 sint.

219 1826 378 1883 INEPTE
416 1844 578 1889 faciunt,
623 1842 684 1893 qui
720 1837 912 1892 ἀξιώματα
952 1841 1161 1891 dignitates
1189 1847 1345 1878 vocant:
1389 1841 1494 1878 cuius
1525 1855 1662 1893 pravae

221 1898 503 1940 consuetudinis
551 1898 778 1936 Hermolaus
817 1896 1009 1934 Barbarus
1058 1903 1188 1933 auctor
1227 1896 1307 1934 suit.
1385 1895 1519 1947 Neque
1565 1911 1664 1949 nego

220 1954 368 2006 ἀξίωμα
410 1953 595 1992 interdum
634 1952 730 1990 idem
762 1952 912 1998 valere,
956 1950 1050 2002 quod
1082 1952 1334 2001 cltgm'lalem3
1373 1951 1439 1990 sed
1472 1953 1563 1990 nihil
1593 1954 1664 1992 hoc

222 2012 269 2051 ad
306 2024 377 2057 ca,
421 2009 465 2047 de
496 2010 630 2060 quibus
666 2009 837 2058 agimus,
880 2008 1079 2047 axiomata.
1144 2005 1278 2056 Neque
1312 2007 1432 2045 minus
1463 2008 1664 2060 ineptiunt,

223 2067 285 2119 qui
322 2066 526 2117 proloquia
564 2070 698 2101 vocant
713 2062 821 2116 ††),
864 2069 927 2100 aut
959 2063 1235 2113 pronuntiata.-
1276 2061 1313 2098 in
1349 2075 1503 2112 quorum
1541 2071 1666 2103 tamen

223 2121 435 2175 posteriore
461 2119 684 2158 Ciceronem
725 2131 766 2155 se
810 2118 950 2155 habere
992 2123 1181 2154 auctorem
1215 2123 1358 2166 putant.
1419 2117 1496 2155 Sed
1534 2119 1669 2157 fallun-

224 2185 299 2216 tur.
358 2176 455 2214 Nam
495 2171 761 2225 Cicero†††)
795 2172 889 2210 hanc
926 2184 1055 2211 vocem
1094 2172 1169 2216 ita,
1208 2178 1247 2208 ut
1278 2184 1299 2208 a
1330 2172 1468 2210 Stoicis
1503 2175 1669 2226 accipie-

223 2233 354 2278 batur,
400 2231 667 2281 interpretatus
701 2235 783 2265 est:
827 2228 888 2278 qui
926 2228 1073 2265 axioma
1112 2226 1297 2263 vocabant
1326 2228 1527 2277 quamlibet
1551 2243 1669 2268 enun-

225 2289 444 2332 tiationem,
487 2284 527 2323 id
566 2291 624 2322 est
659 2280 891 2334 ἀπόφανσιν.
948 2281 990 2320 Id
1026 2280 1124 2332 quod
1155 2280 1387 2335 Laertius-2¹⁶)
1429 2282 1550 2323 docet.
1608 2286 1670 2324 Ac

226 2345 258 2382 si
298 2343 379 2394 quis
410 2354 455 2379 eo
490 2339 598 2378 modo
632 2336 778 2390 ἀξίωμα
812 2338 991 2388 accipiat,
1033 2344 1107 2374 tum
1148 2350 1237 2374 sane
1279 2337 1335 2374 vel
1366 2341 1665 2388 pronunciatum,

226 2399 316 2447 vcl,
360 2398 393 2435 si
432 2397 563 2442 volet,
603 2395 836 2447 proloquium
865 2393 979 2433 dicat.
1038 2390 1151 2444 Apud
1180 2392 1426 2435 Aristotelem
1455 2395 1602 2446 quidem
1630 2403 1670 2435 et

301 2540 346 2576 ᾖξε)
366 2542 545 2575 metaphys.
565 2539 618 2567 lib.
639 2539 693 2568 IV.
713 2544 780 2573 cap.
801 2538 833 2566 3.

302 2595 372 2631 εεὶῑε)
394 2594 526 2629 Recepit
544 2584 613 2630 ἤδη
633 2593 813 2622 Bekkerus.

301 2645 396 2680 {atax-J
416 2645 547 2679 Analyt.
570 2642 665 2678 prior.
686 2648 755 2675 cap.
777 2640 827 2668 21·

302 2693 348 2732 -Η
369 2696 419 2722 Ex
448 2692 597 2721 Herodot.
626 2691 752 2719 1ih.V1.
779 2694 847 2722 cap.
870 2685 940 2715 129.
969 2687 1051 2715 extr.
1105 2684 1272 2715 proverbii
1299 2686 1367 2713 loco
1395 2687 1476 2714 haec
1506 2685 1670 2719 postmodo

227 2731 311 2761 (licta
331 2734 425 2769 sunt,
448 2730 511 2758 vid.
533 2730 674 2758 Schultz.
696 2728 816 2761 Appar.
836 2724 904 2753 crit.
925 2724 965 2752 ad
987 2724 1103 2752 Herod.
1124 2723 1179 2752 lit).
1201 2724 1254 2752 Vl.
1275 2731 1347 2758 pag.
1370 2725 1420 2752 13.
1439 2726 1547 2753 annot.
1567 2725 1633 2761 31„

303 2778 376 2818 ††)
397 2778 575 2808 Secundum
595 2777 687 2806 Varr.
708 2782 757 2810 ap.
778 2774 859 2804 Gell.
881 2775 917 2801 N.
938 2774 979 2802 A.
999 2772 1053 2802 lia.
1075 2773 1156 2803 XVI.
1177 2778 1247 2808 cap.
1268 2773 1297 2801 S.
1319 2771 1397 2802 init:

303 2826 405 2864 -5‹-·s†)
427 2828 556 2856 Tuscul.
577 2826 630 2855 lib.
651 2826 673 2853 1.
696 2831 764 2858 cap.
786 2823 814 2851 ’7.
836 2823 868 2858 S.
890 2821 939 2851 14.

302 2877 346 2911 *J
369 2875 420 2904 lili.
442 2876 510 2905 VH.
532 2875 564 2910 S.
585 2874 636 2903 65.
660 2872 711 2902 ubi
733 2871 796 2901 vid.
816 2872 943 2905 Menag.
