1778 3096
518 164 622 204 LIB.
655 165 749 206 XV.
811 164 929 207 CAP.
963 167 1052 207 vll.
1425 169 1509 213 337

69 274 166 314 idem
195 276 276 314 fieri
303 281 430 327 posset
460 276 570 314 etiam
600 272 646 316 οὗ
674 272 926 329 παρανόμως,
966 289 1086 328 aeque
1115 276 1251 316 bellum
1280 285 1361 324 est,
1403 291 1447 318 ac
1473 281 1507 318 si

69 332 173 382 quis,
205 332 288 382 quia
318 329 453 368 Cicero
482 331 619 369 alicubi
651 331 826 384 dicitss),
866 332 1061 370 Catilinam
1091 339 1234 384 pestem
1268 335 1410 385 patriae
1439 348 1506 373 ne-

67 387 161 424 farie
193 386 337 448 moliri,
380 386 557 439 colligat,
599 386 694 425 idem
725 400 796 424 non
836 399 985 438 semper
1015 389 1181 435 nefarie,
1223 388 1290 427 sed
1319 388 1504 428 interdum

64 442 174 479 etiam
205 441 285 478 sine
316 441 462 479 sceiere
494 442 574 479 fieii
611 455 735 493 posse.
796 442 995 480 Postremo
1026 444 1282 486 sanctissimus
1312 451 1350 482 et
1378 444 1504 483 erudi-

63 496 226 533 tissimus
258 496 338 541 vir,
378 496 543 548 Cyriiius
578 495 879 543 Alexandrinus,
922 498 1016 534 libro
1046 506 1152 536 sexto
1180 498 1360 537 adversus
1389 501 1503 538 Iulia-

62 564 145 588 num
163 547 259 602 Ἠζ),
300 564 372 588 non
412 552 568 589 furtivos
600 552 843 598 concubitus,
883 551 949 590 sed
982 553 1125 602 nuptias
1163 567 1245 591 cum
1278 567 1408 593 sorore
1437 555 1502 593 Ci-

59 606 157 643 moni
188 612 227 642 ut
256 606 379 643 scetus
409 608 590 645 nefarium
622 608 775 654 obiicit,
807 621 879 645 non
911 608 1101 654 facturus,
1131 609 1162 645 si
1191 607 1226 646 id
1257 609 1352 660 apud
1380 610 1502 648 Athe-

59 661 208 699 nienses
234 660 434 710 legitimum
475 669 512 700 et
543 663 712 701 usitatum
752 663 900 700 fuisset.
961 663 1068 700 Tunc
1099 664 1197 700 enim
1226 666 1397 702 accusari
1429 665 1501 703 So-

58 715 178 753 lonem
211 724 452 766 opor,tuerat
496 719 557 768 qui
594 717 630 756 id
659 718 923 770 permisisset,
968 732 1042 757 non
1076 719 1221 766 civem,
1264 721 1325 771 qui
1355 721 1501 773 patriae

57 783 146 809 suae
174 771 320 821 legibus
352 773 552 823 paiuisset.

565 882 596 922 C
625 881 663 920 A
689 882 722 920 Ρ
749 882 785 921 U
812 883 847 921 T
912 883 987 922 VI.

59 954 116 990 De
148 952 350 990 Chaldaeis
382 954 575 992 Ciceronis·
613 955 733 992 locam
763 967 784 992 e
818 955 1075 1006 Theophrasto
1113 968 1329 993 conversum
1365 956 1496 995 vider-i.

62 1030 321 1100 CHALDAEJ,
350 1052 400 1089 ait
425 1050 563 1090 Cicero
594 1052 688 1090 libro
717 1053 835 1104 primo
866 1052 912 1092 de
931 1052 1171 1092 Divinatione
1188 1051 1314 1105 meza),
1345 1067 1419 1092 non
1448 1069 1498 1093 ea:

30 1109 175 1154 strtis,
217 1109 286 1144 secl
316 1121 366 1144 ea:
392 1111 519 1157 gentis
554 1108 735 1146 vocabulo
769 1110 972 1155 nominati,
1018 1110 1200 1147 diuturna
1239 1110 1499 1147 observatione

54 1162 221 1200 sederam
256 1163 448 1200 scientiam
479 1169 668 1213 putantur
707 1163 899 1227 effecisse,
943 1171 985 1202 ut
1013 1165 1192 1214 praedici
1216 1171 1365 1215 posset,
1408 1165 1500 1215 quid

52 1218 187 1267 cuique
223 1224 462 1263 eventurum,
504 1224 542 1255 el
580 1231 651 1268 quo
688 1220 843 1269 quisque
869 1219 963 1270 fato
1003 1226 1117 1257 natus
1156 1227 1266 1256 ewsset
1324 1219 1366 1256 In
1406 1232 1494 1270 quo,

53 1269 150 1321 quod
179 1271 232 1309 ait
260 1270 470 1309 Chaldaeos
502 1285 549 1309 ex
577 1273 721 1322 gentis,
761 1286 834 1310 non
863 1286 911 1310 ex
941 1275 1033 1310 artis
1063 1273 1240 1311 vocabulo
1270 1275 1493 1320 nominatos,

52 1327 217 1389 pertinet
255 1325 300 1364 ad
337 1339 566 1364 communem
606 1339 775 1365 errorem
804 1326 1073 1372 refellendum,
1117 1341 1189 1379 quo
1222 1329 1506 1379 genethliacos,

53 1382 316 1432 cuiuscumque
347 1382 470 1431 gentis
502 1382 650 1428 forent,
684 1383 893 1421 Chaldaeos
922 1383 1125 1421 vocabant:
1168 1384 1218 1421 ita
1248 1391 1287 1421 ut
1317 1383 1354 1421 id
1385 1385 1494 1431 artis,

52 1449 125 1474 non
161 1438 284 1487 gentis
321 1437 537 1475 vocabulum
578 1437 793 1475 haberetur.
853 1437 963 1485 Quod
1003 1446 1124 1476 autem
1167 1439 1222 1476 ait
1263 1438 1309 1477 de
1349 1440 1495 1478 iliorum

52 1492 212 1529 scientia
240 1499 303 1529 aut
328 1492 491 1530 vanitate
522 1493 643 1542 potius
676 1500 715 1530 et
744 1493 837 1530 falsa
866 1494 1042 1544 opinione
1070 1494 1268 1540 scientiae,
1301 1507 1347 1533 ex
1369 1495 1497 1533 Theo-

51 1546 202 1597 phrasto
233 1554 415 1598 sumptum
445 1547 566 1585 videri
590 1555 736 1598 potest:
767 1549 828 1598 qui
859 1561 924 1586 eos
942 1549 1171 1599 temporibus
1191 1550 1270 1586 suis
1300 1551 1337 1587 in
1361 1563 1496 1600 magna

51 1601 296 1640 admiratione
327 1602 443 1640 fuisse
472 1601 586 1639 dicit:
619 1601 715 1653 quod
747 1616 818 1640 non
847 1616 891 1641 ea
920 1610 1059 1641 tantum
1091 1603 1368 1654 praedicerent,
1400 1619 1495 1656 quae

51 1658 259 1695 communia
289 1664 430 1702 essent,
461 1664 499 1694 ut
524 1664 803 1707 tempestatem,
835 1659 1075 1696 serenitatem
1102 1666 1140 1696 et
1169 1660 1215 1696 iis
1243 1660 1394 1707 similia,
1427 1660 1496 1699 sed

51 1712 161 1750 etiam
193 1711 374 1763 quomodo
405 1713 559 1763 quisque
588 1713 776 1759 victurus,
808 1713 991 1764 quomodo
1023 1715 1222 1752 mmiturus
1252 1722 1365 1753 esset.
1424 1715 1496 1753 At—

51 1779 121 1818 que
151 1767 221 1804 hoe
248 1766 294 1805 de
319 1767 480 1805 Proculo
514 1769 771 1818 cognovimus,
804 1768 898 1819 apud
926 1781 1032 1820 quem
1059 1771 1110 1807 ita
1140 1771 1315 1820 scriptum
1344 1777 1401 1809 est
1416 1770 1492 1822 †)·

55 1819 381 1889 Θαυμασιωτάτην
411 1821 452 1862 δὲ
480 1823 578 1862 εἶναί
606 1835 726 1874 φησιν
755 1819 778 1863 ὁ
807 1820 1095 1876 Θεόφραστος’
1079 1840 1120 1864 εν
1145 1829 1226 1871 τοῖς
1245 1823 1339 1864 καθ’
1374 1823 1496 1865 αὑτὸν

49 1874 200 1945 χρόνοις
227 1874 298 1929 τὴν
325 1881 403 1917 τῶν
432 1878 638 1918 Χαλδαίων
659 1877 746 1944 περὶ
773 1882 893 1918 ταῦτα
923 1880 1113 1948 θεωρίαν,
1143 1896 1189 1920 τα
1214 1894 1253 1919 τε
1281 1877 1375 1921 ἄλλα
1402 1896 1495 1949 προ-

49 1931 255 2000 λέγουσαν,
293 1932 359 1972 καὶ
387 1930 476 1979 τοὺς
503 1934 615 1985 βίους
643 1931 831 1982 ἑκάστων,
874 1934 940 1974 καὶ
967 1932 1057 1982 τοὺς
1091 1932 1313 1983 θανάτους,
1352 1936 1418 1976 καὶ
1446 1934 1495 1976 οὐ

50 2004 97 2028 τα
124 1985 235 2027 κοινὰ
262 1985 396 2039 μόνον,
424 1990 509 2028 οἱον
533 1992 698 2040 χειμῶνα
726 1989 792 2029 καὶ
815 1987 984 2038 εὗδείας·
1021 1989 1143 2057 ὥςπερ
1167 1990 1232 2030 καὶ
1259 1988 1327 2031 τὸν
1355 1989 1495 2057 ἀστέρα

50 2046 119 2083 τοῦ
140 2040 285 2094 Ερμοῦ
314 2047 497 2095 χειμῶνος
527 2042 596 2095 μὲν
623 2043 781 2112 ἐκφανῆ
802 2043 1006 2098 γενόμενον
1028 2043 1135 2098 ψύχη
1163 2047 1372 2102 σημαίνειν,
1401 2044 1496 2087 καύ-

50 2114 150 2149 ματα
181 2097 222 2138 δὲ
256 2097 421 2151 θέρους,
464 2099 518 2147 εἰς
554 2098 725 2147 ἐκείνους
760 2097 982 2152 ἀντιπέμπει.
1024 2099 1148 2142 πάντα
1177 2098 1211 2141 δ’
1246 2102 1316 2142 οὖν
1353 2099 1496 2150 αὐτους

50 2152 118 2193 καὶ
144 2150 192 2193 τὰ
223 2153 325 2202 ι’δια,
362 2154 428 2194 καὶ
460 2152 507 2193 τὰ
539 2151 652 2194 κοινὰ
678 2154 952 2225 προγινώσκειν
981 2154 1057 2197 ἀπὸ
1094 2160 1171 2198 τῶν
1200 2154 1412 2210 οὐρανίων,
1452 2157 1495 2198 ἒν

51 2212 97 2265 τῇ
119 2208 207 2263 περὶ
232 2209 399 2262 σημείων
425 2210 545 2266 βίβλω
574 2210 693 2263 φησὶν
721 2210 875 2259 ἐκεῖνος,

545 2319 829 2361 CAPUT
892 2320 992 2362 vll.

52 2391 107 2428 De
135 2389 292 2436 honore,
325 2391 393 2440 qni
415 2392 676 2441 Olympionices
704 2399 743 2431 et
770 2394 957 2431 interdum
988 2392 1278 2442 imperatoribus
1307 2406 1351 2431 re
1376 2405 1492 2444 prae-

143 2446 248 2482 clare
273 2453 383 2495 gesta
413 2447 638 2485 habebatur.
699 2450 929 2487 Emendams
957 2448 1115 2486 Aemilia·
1138 2449 1259 2499 Probi
1285 2449 1403 2487 loeus.

54 2509 238 2576 QUANTO
272 2533 306 2570 in
341 2533 481 2571 bonore
510 2535 648 2572 fuerint
677 2536 876 2587 antiquitus
908 2535 1212 2587 Olympionicae,
1245 2538 1401 2583 nemini,
1433 2537 1495 2587 qui

52 2588 197 2639 paulum
225 2587 333 2625 modo
363 2597 534 2627 versatus
565 2591 612 2627 sit
638 2591 675 2629 in
704 2591 772 2629 hoc
798 2592 1002 2629 litterarum
1032 2604 1194 2642 genere,
1224 2593 1390 2644 ignotum
1417 2598 1492 2632 est.

125 2683 168 2718 ἦε)
191 2683 318 2714 catilin.
339 2686 377 2715 n.
398 2687 426 2715 1.
447 2686 514 2716 init.

127 2732 196 2767 ms)
218 2739 289 2767 pag.
313 2734 380 2762 187.
401 2736 436 2763 Ε.
458 2735 531 2763 edit.
553 2736 721 2770 spanhem.

125 2782 173 2806 *³2:-
176 2781 219 2816 *J
241 2788 308 2816 cap.
327 2782 355 2810 1.
375 2782 406 2817 S.
426 2783 455 2810 2.
495 2782 542 2812 Cf.
566 2785 644 2811 11111.
666 2785 784 2814 comm.
804 2784 835 2812 in
856 2786 929 2812 Tae
949 2785 1065 2813 Annal.
1084 2785 1262 2820 opp.'1·om
1284 2789 1336 2817 lV.
1355 2794 1425 2823 pag,
1443 2787 1494 2818 78.

125 2827 171 2867 †)
192 2829 223 2857 in
243 2830 325 2859 Plat.
347 2829 509 2858 Timaeum
528 2831 579 2859 lV.
600 2838 671 2866 pag.
689 2833 759 2861 285
781 2832 852 2860 ima.
875 2833 922 2859 ed.
943 2833 1044 2862 nasi!
1063 2834 1153 2862 1534.
1174 2836 1228 2864 uni
1246 2837 1329 2865 male
1349 2835 1496 2866 scribitur

52 2866 91 2902 ἐν
114 2868 188 2903 τοῖς
210 2879 276 2900 κατ
307 2866 419 2902 αὐτὸν
434 2868 587 2913 χρόνον.
628 2877 747 2905 Deinde
768 2885 825 2912 pro
848 2869 991 2908 εὐδείας
1011 2880 1163 2909 Gruterus
1184 2883 1270 2910 recte
1291 2871 1427 2913 εὐδίας.

106 2929 233 2956 Munssr
256 2928 329 2958 01³1».
350 2930 428 2958 Voi.
449 2930 502 2958 111.
524 2929 672 2965 [nuum.
685 2932 740 2959 En.
752 2931 836 2960 Tum.
848 2930 905 2965 11.)
1179 2918 1234 2960 22

1524 1391 1586 1420 352
