1778 3096
157 242 214 272 164

169 2205 232 2236 465

240 124 320 168 440
806 125 933 165 VAR.
964 112 1119 165 LECT.

862 255 916 262 —-
944 242 982 273 et
1012 242 1048 274 le
1079 237 1245 274 Catilina
1274 238 1419 275 minaci

353 291 577 330 Pendentem
606 290 757 340 scopulo
774 287 1047 341 furiarumque
1077 303 1147 328 ora
1179 298 1418 330 trementem:

247 368 353 406 cuius
390 366 553 404 invidiae
585 367 674 411 fuit,
720 367 842 404 statim
876 366 920 404 ad
961 366 1142 406 Catonem
1183 369 1364 407 transire:
1408 368 1454 406 de
1487 367 1691 415 Cicerone,

249 424 353 461 cuius
394 424 531 459 virtute
573 422 688 472 pestis
728 422 789 459 illa
827 423 968 472 patriae
1007 436 1187 474 oppressa
1226 431 1328 469 erat,
1370 424 1522 462 verbum
1558 425 1693 462 nullum

249 477 408 515 saccre‘?
465 476 582 514 Cuius
610 476 766 514 ornandi
810 477 908 514 nulla
938 485 1043 515 certe
1083 479 1217 516 iustior
1254 491 1339 517 esse
1368 481 1485 529 potuit
1527 480 1690 517 occasio.

249 533 322 570 llis
353 533 582 583 argumenfis
609 532 732 570 fateor
759 532 820 570 vix
851 532 980 571 videre
1010 546 1093 579 me,
1133 532 1219 585 quid
1249 546 1316 584 pro
1344 533 1510 586 Virgilio
1540 548 1696 586 respon-

250 586 331 625 deri
365 584 551 640 queat*).

749 696 1041 737 CAPUT
1097 697 1194 738 XV.

288 776 549 826 Xenophontis
577 789 597 813 e
624 776 735 814 tertio
760 776 985 815 Anabaseos
1009 777 1112 814 locus
1141 783 1336 815 correctus
1364 782 1403 813 et
1430 777 1656 827 eoeplz'eatus.

253 853 524 910 LUOULENTA
567 879 625 909 est
663 871 927 923 Xenophontis
966 872 1109 919 oratio,
1161 886 1232 924 qua
1267 872 1360 910 libro
1399 873 1509 910 tertio
1548 872 1701 911 Anaba-

255 925 430 980 seosiffl)
473 928 607 964 milites
646 927 884 973 cohortatur,
925 940 971 966 ne
1009 926 1208 965 concidant
1241 929 1373 965 animis
1389 925 1513 979 ἢῆ,
1554 929 1701 966 etiamsi

255 984 378 1021 multis
422 984 636 1033 magnisque
674 982 950 1021 difficultatibus
989 984 1273 1021 conflictentur:
1325 996 1389 1021 eas
1428 985 1524 1020 enim
1570 996 1700 1022 omnes

253 1052 367 1089 posse
397 1039 508 1075 animi
538 1039 752 1088 praesentia
791 1047 828 1076 et
860 1039 995 1077 virtute
1031 1039 1214 1089 superari.
1276 1039 1426 1076 Summo
1455 1046 1574 1076 autem
1611 1039 1702 1076 arti·

255 1094 340 1131 ficio
372 1094 483 1138 facit,
526 1100 565 1130 ut
593 1106 656 1131 eas
687 1094 852 1143 singulas
889 1101 1067 1144 proponat
1098 1107 1141 1131 ac
1173 1095 1334 1141 refutet,
1379 1107 1472 1145 quae
1503 1095 1701 1132 universae

255 1148 451 1186 debilitare
483 1157 591 1199 atque
622 1149 830 1199 infringere
861 1149 1007 1186 illorum
1037 1149 1179 1187 animos
1209 1156 1406 1201 poterant,
1448 1149 1616 1200 singulae
1647 1150 1703 1187 fa-

255 1205 408 1242 ciliores
438 1203 483 1241 ad
509 1203 757 1254 superandum
786 1203 972 1242 videntur.
1024 1205 1149 1255 Atque
1175 1218 1193 1242 a
1220 1204 1291 1242 diis
1315 1203 1461 1255 quidem
1491 1203 1701 1251 exorditur,

257 1272 395 1309 cosque
426 1261 476 1296 ait
506 1261 582 1296 suis
616 1259 786 1309 quidem,
817 1261 877 1309 qui
910 1260 1149 1297 iurisiurandi
1182 1259 1288 1297 fidem
1321 1261 1528 1306 servarint,
1563 1272 1703 1311 aequos

257 1327 302 1352 ac
334 1315 532 1365 propitios,
564 1314 733 1351 barbaris
763 1322 900 1359 autem,
929 1316 989 1365 qui
1017 1328 1098 1352 eam
1129 1329 1193 1365 pro
1224 1315 1338 1352 nihilo
1370 1316 1546 1365 putarint,
1571 1328 1703 1353 saevos

258 1377 297 1407 et
327 1370 495 1406 infensos
525 1370 622 1407 fore.
684 1369 834 1406 Deinde
864 1376 987 1407 autem
1019 1372 1189 1420 proponit
1219 1371 1274 1408 eis
1307 1371 1483 1408 maiorum
1516 1371 1701 1421 exempla,

259 1426 319 1475 qui
346 1437 457 1474 parva
480 1437 588 1461 manu
611 1437 762 1474 magnas
783 1437 893 1474 saepe
916 1425 1158 1462 barbarorum
1185 1427 1310 1475 copias
1333 1425 1520 1462 fuderant.
1569 1425 1703 1471 Addit,

258 1492 306 1517 ne
338 1480 437 1529 ipsos
468 1479 614 1529 quidem
647 1492 773 1529 parum
805 1479 937 1529 dignos
968 1492 1053 1517 esse
1084 1480 1301 1527 maioribus,
1333 1493 1414 1517 cum
1447 1480 1705 1530 superioribus

259 1534 408 1580 diebus,
442 1534 637 1584 congressi
667 1548 746 1572 cum
780 1535 919 1584 ingenti
950 1533 1152 1572 eorundem
1184 1534 1426 1572 barbarorum
1454 1534 1703 1582 multitudine,

258 1590 359 1628 nullo
401 1602 466 1627 eos
508 1590 660 1639 negotio
699 1590 948 1640 profligarint.
1011 1589 1121 1637 Quod
1159 1603 1239 1627 cum
1282 1591 1466 1628 fecissent
1505 1604 1571 1641 pro
1610 1590 1705 1642 Cyri

258 1646 417 1695 imperio
445 1657 489 1682 ac
521 1645 687 1696 potentia
714 1644 952 1692 dimicantes,
976 1645 1088 1682 multo
1119 1645 1279 1683 alacrius
1312 1645 1407 1683 idem
1438 1646 1564 1684 facere
1595 1659 1707 1698 opor-

260 1707 365 1744 tere,
409 1713 489 1738 cum
530 1701 602 1738 vita
635 1708 671 1738 et
701 1700 799 1737 salus
830 1701 992 1751 ipsorum
1023 1707 1177 1751 agatur:
1222 1714 1376 1752 cumque
1414 1708 1611 1752 praeterea
1640 1714 1709 1739 ex-

259 1757 469 1806 perimento
511 1757 758 1805 cegnoverint
794 1756 980 1805 ignaviam
1019 1756 1285 1801 harbarorum,
1328 1757 1434 1794 cuius
1465 1764 1574 1794 antea
1606 1757 1707 1807 peri-

260 1812 379 1849 culum
419 1824 489 1848 non
529 1812 710 1848 fecerant.
772 1811 906 1861 Neque
945 1810 1040 1862 quod
1072 1825 1092 1848 a
1123 1811 1337 1861 quibusdam
1381 1811 1521 1849 deserti
1561 1818 1705 1858 essent,

260 1866 392 1917 quibus
422 1867 536 1903 sociis
568 1873 606 1903 et
634 1866 865 1904 adiutoribus
898 1865 1001 1918 Cyro
1032 1867 1182 1903 vivente
1212 1867 1431 1914 utebantur,
1474 1866 1616 1904 idcirco
1648 1868 1705 1905 eis

260 1921 627 1973 pertimescendum:
671 1921 765 1972 quod
804 1922 856 1958 illi
895 1923 1003 1959 etiam
1047 1922 1083 1958 in
1115 1923 1271 1959 victoria
1306 1923 1415 1973 fugae
1456 1929 1630 1960 auctores
1662 1935 1706 1960 ae

260 1977 449 2027 principes
479 1978 661 2014 fuissent:
695 1976 902 2014 cuiusmodi
940 1977 1105 2014 homines
1138 1978 1172 2014 in
1214 1977 1371 2015 hostium
1401 1978 1558 2024 castris,
1598 1991 1706 2029 quam

261 2032 297 2068 in
330 2035 407 2068 suis
443 2031 571 2069 videre
602 2040 781 2082 praestet.
842 2032 941 2070 Nam
984 2031 1079 2083 quod
1119 2033 1189 2083 ipsi
1219 2034 1382 2083 equitatu
1419 2040 1596 2080 careant,
1635 2046 1707 2084 quo

260 2087 388 2124 hostes
420 2086 630 2124 abundent:
675 2101 789 2138 equos
820 2088 909 2125 nihil
946 2087 1043 2125 aliud
1085 2088 1252 2125 hostibus
1289 2089 1556 2138 praestituros,
1597 2101 1706 2139 quam

261 2143 470 2179 faciliorem
508 2155 552 2179 ac
598 2143 818 2180 celeriorem
859 2144 998 2192 fugam.
1069 2142 1203 2193 Neque
1243 2156 1358 2193 equos
1399 2156 1593 2193 pugnare,
1637 2142 1706 2182 sed

262 2197 452 2235 homines:
497 2210 637 2246 eosque
671 2198 773 2247 ipsos
806 2204 930 2235 terrae
963 2198 1064 2243 solo,
1107 2210 1212 2248 quam
1243 2199 1326 2249 equi
1357 2196 1467 2235 dorso
1501 2199 1639 2235 lirmius
1670 2205 1709 2236 et

261 2253 374 2290 tutius
414 2253 496 2289 niti.
557 2253 633 2289 lam
673 2253 704 2290 si
748 2252 792 2289 ad
825 2251 1070 2290 dimicandum
1112 2252 1258 2303 quidem
1298 2260 1467 2304 prompto
1505 2260 1542 2290 et
1571 2254 1705 2300 alacri,

259 2309 393 2359 inquit,
419 2309 543 2345 animo
566 2307 674 2354 estis,
702 2307 766 2345 sed
796 2307 882 2345 illud
915 2321 978 2345 vos
1004 2308 1123 2357 angit,
1148 2307 1244 2359 quod
1273 2321 1392 2359 neque
1413 2308 1708 2359 Tissaphernem

259 2363 415 2414 amplius
447 2363 593 2400 itineris
621 2362 749 2400 ducem
782 2363 1016 2407 habebimus,
1043 2376 1162 2413 neque
1192 2376 1259 2401 rex
1281 2364 1388 2401 nobis
1417 2362 1528 2401 vendi
1552 2364 1708 2414 amplius

259 2418 403 2456 iuhehit
442 2431 508 2463 ea,
550 2431 643 2468 quae
681 2417 725 2456 ad
763 2419 897 2456 victum
939 2419 1152 2456 necessaria
1191 2427 1298 2456 sunt:
1343 2420 1528 2469 cogitate,
1568 2426 1707 2470 quanto

259 2474 434 2511 meliores
465 2474 614 2511 itineris
643 2472 757 2511 duces
789 2474 903 2512 futuri
933 2474 1007 2511 sint
1037 2474 1174 2524 captivi
1205 2488 1311 2526 quam
1335 2474 1637 2525 Tissaphernes:
1670 2480 1710 2511 et

259 2536 381 2566 utrum
421 2529 619 2579 optabilius
652 2530 723 2574 sit,
766 2543 897 2579 magna
929 2529 963 2566 vi
996 2530 1198 2578 pecuniae,
1244 2543 1314 2581 qua
1342 2530 1508 2581 plerique
1538 2535 1707 2566 nostrum

261 2585 428 2621 tenuiter
466 2584 638 2621 instructi
664 2591 773 2631 sunt,
812 2598 949 2635 paucos
986 2584 1090 2621 cibos
1120 2587 1303 2631 mercari,
1344 2598 1390 2623 an
1420 2584 1602 2622 arbitratu
1639 2597 1707 2621 suo

259 2640 436 2691 pinguem
468 2646 506 2677 et
544 2639 656 2676 rebus
688 2640 857 2678 omnibus
896 2638 1142 2677 abundantem
1174 2640 1347 2679 hostilem
1383 2653 1513 2692 agrum
1543 2638 1709 2693 diripere

332 2747 378 2782 *J
399 2748 568 2784 Virgilium
591 2748 732 2778 defendit
753 2749 899 2785 Heynius
918 2748 960 2778 ad
979 2749 1061 2778 Aen.
1083 2750 1135 2779 vl.
1156 2749 1230 2780 666.

334 2796 405 2830 ets-re)
427 2803 497 2831 cap.
519 2797 549 2825 2.
570 2798 601 2833 S.
624 2797 770 2827 1⁰—23.

332 2844 425 2880 mint)
446 2845 499 2874 Sic
522 2845 648 2876 Hirtius
668 2847 796 2877 locutus
816 2848 866 2877 est
886 2847 922 2876 B.
945 2848 980 2875 G.
1002 2845 1057 2876 lib.
1078 2847 1161 2876 V111.
1182 2852 1251 2883 cap.
1274 2845 1323 2876 19.
