1778 3096
176 1378 239 1408 435

263 144 345 186 414
822 143 952 184 VAR.
985 143 1140 184 LECT.

265 269 356 308 quos
385 255 488 293 locos
521 267 602 292 cum
631 253 692 292 hic
722 259 850 293 noster
880 256 970 293 satis
998 254 1190 294 commode
1218 256 1486 308 interpretatus
1516 263 1637 303 esset,
1668 256 1705 294 in

265 312 336 351 hoc
363 311 409 350 ad
439 311 627 361 ingenium
658 309 771 348 rediit
787 309 849 363 ἦε).

736 408 1027 448 CAPUT
1082 409 1232 449 XVII.

401 487 589 526 Poenulus
616 488 749 525 Plauti
771 495 906 526 contra
934 495 1047 539 atque
1076 500 1099 525 (ι
1136 486 1306 526 Turnebo
1335 489 1565 539 explicatur.

263 558 351 615 IAM
378 575 547 613 Plautum
579 588 600 613 e
631 576 799 613 manibus
830 589 1048 626 posueram,
1080 589 1160 613 cum
1192 576 1380 626 inspicere
1408 576 1531 622 volui,
1562 581 1601 612 ut
1630 574 1707 626 ple-

264 645 419 683 rumque
451 632 574 676 soleo,
607 631 769 681 nunquid
800 644 950 676 eorum,
984 645 1077 683 quae
1103 645 1123 668 a
1154 644 1211 668 me
1242 638 1364 668 notata
1392 639 1521 677 erant,
1553 631 1615 668 alii
1644 643 1709 668 oc-

265 694 480 738 cupassent.
528 685 604 724 Sed
627 700 670 724 ea
699 687 786 723 inibi
818 687 896 735 ipsa
922 700 983 724 res
1007 688 1132 737 plures
1156 699 1201 724 ex
1222 686 1389 724 Poenulo
1421 686 1522 724 locos
1550 687 1707 724 strictim

265 741 471 793 attingendi
502 742 737 779 occasionem
770 740 885 787 dedit,
913 755 1004 793 qnos
1034 742 1079 779 ab
1105 741 1353 779 eruditissimo
1383 742 1479 788 viro,
1509 741 1703 786 Turnebo,

264 800 316 836 ita
348 799 551 848 explicatos
583 798 725 847 reperi,
753 804 792 833 ut
822 797 947 835 facere
979 797 1077 834 nullo
1108 796 1216 834 modo
1247 797 1450 848 potuerim,
1482 798 1568 848 quin
1598 796 1705 833 testi-

248 854 421 898 ,siem-er,
460 859 633 903 quantuni
664 852 709 888 ab
746 865 791 889 eo
830 851 1091 898 dissentirem,
1132 853 1212 889 iure
1241 866 1286 889 an
1326 852 1486 900 iniuria,
1526 853 1705 890 lectorem

264 905 423 947 iudicem
455 909 632 946 facerem.
693 907 860 945 Turnebi
895 908 1009 958 igitur
1038 907 1152 945 verba
1182 915 1267 944 sunt
1284 907 1387 959 **):

348 976 488 1014 semem
519 980 576 1011 est
598 986 673 1023 per
703 979 866 1023 tempus,
898 976 936 1012 sl
959 974 1100 1012 obviam
1128 981 1184 1012 est
1213 973 1361 1011 verbum
1389 980 1494 1011 velus
1507 969 1624 1024 9³¹‘³‘¹*‘²ll‘).

263 1042 341 1086 vel,
375 1047 417 1078 ut
442 1042 513 1078 alie·
538 1042 685 1089 legunt,
716 1041 754 1076 si
777 1040 919 1077 obviam
949 1041 994 1085 ic,
1026 1053 1097 1090 quo
1126 1052 1238 1077 sensu
1268 1040 1405 1077 dictum
1433 1040 1518 1077 esc?
1567 1040 1707 1090 Opz'nor·

263 1096 480 1146 mgng‘flcarz'
514 1095 629 1132 verba
667 1102 818 1140 velera,
866 1096 908 1132 id
945 1102 1001 1133 est
1026 1095 1232 1145 proverbia
1274 1102 1313 1133 ec
1341 1096 1570 1140 sententias,
1611 1096 1706 1132 scita

265 1165 360 1197 esse,
385 1164 467 1188 eum
500 1151 711 1200 tempestive
738 1156 986 1201 uswpcmtecr.
1040 1151 1201 1188 Verbum
1233 1157 1355 1187 autem
1383 1157 1487 1188 velus
1515 1156 1584 1195 est,
1611 1150 1711 1199 quod

265 1214 352 1245 ante
372 1207 647 1255 Agorastocles
677 1207 846 1252 dell-erat,
873 1206 1007 1243 debera·
1031 1207 1069 1242 οἱ
1093 1206 1302 1243 libertatem
1328 1212 1365 1243 et
1388 1212 1521 1255 grates
1540 1206 1704 1254 gracias.

265 1261 307 1299 Si
348 1261 562 1298 Turnebum
604 1261 718 1310 igitur
758 1274 979 1311 sequamur,
1030 1261 1129 1298 illius
1166 1260 1342 1298 versiculi
1389 1262 1575 1298 sententia
1617 1261 1705 1306 erit,

265 1316 464 1367 proverbia
495 1323 531 1353 et
561 1316 765 1353 sententias
796 1317 1000 1353 conciliare
1030 1317 1188 1352 orationi
1221 1316 1393 1366 gratiam,
1427 1316 1457 1352 si
1487 1316 1708 1365 tempestive

266 1371 527 1409 adhibeantur.
595 1370 646 1407 Et
683 1371 733 1407 ita
770 1370 948 1421 Milphio,
997 1371 1102 1420 quasi
1139 1370 1283 1422 quidam
1330 1369 1475 1408 dicendi
1516 1371 1706 1420 magister,

265 1427 396 1465 herum
447 1439 552 1463 suum
591 1425 739 1462 docebit
775 1427 867 1463 scite
906 1433 943 1463 et
981 1426 1175 1475 eleganter
1211 1426 1336 1477 loqui,
1388 1426 1496 1476 eique
1535 1425 1581 1463 de
1623 1439 1708 1476 pro-

262 1482 476 1520 verbiorum
508 1494 575 1517 usu
605 1488 842 1531 praeceptum
874 1481 1098 1518 rhetoricum
1131 1480 1267 1518 tradet.
1328 1480 1433 1517 Bene
1465 1493 1569 1520 sane.
1631 1479 1707 1518 Sed

263 1536 446 1588 quodnam
488 1535 579 1572 illud
617 1542 674 1572 est
714 1535 975 1586 proverbium,
1019 1536 1225 1573 Turnebe‘?
1281 1535 1441 1579 Deberi,
1483 1536 1626 1586 inquit,
1659 1537 1713 1588 'ez'

264 1593 479 1631 libertatem
509 1597 548 1628 et
570 1598 708 1641 grates
733 1592 899 1640 gratia&
960 1590 1143 1640 Ignosce,
1176 1603 1337 1641 quaese,
1380 1589 1543 1628 tarditati
1574 1603 1704 1629 meae:

265 1661 348 1686 nam
380 1659 500 1697 neque
532 1646 591 1684 hie
623 1646 875 1696 proverbium,
906 1659 1026 1695 neque
1057 1647 1276 1685 sententiam
1310 1645 1417 1682 ullam
1451 1645 1576 1684 video.
1636 1646 1707 1684 Se-

262 1716 355 1754 quar
383 1704 497 1752 igitur
527 1702 674 1740 interea
701 1709 868 1739 veterem
897 1701 1028 1738 librum
1060 1714 1205 1747 meum,
1239 1703 1276 1738 in
1304 1714 1375 1751 quo
1405 1707 1485 1739 est:

345 1771 485 1808 Scitam
515 1774 589 1813 est,
615 1780 687 1818 per
717 1774 859 1817 tempus
883 1769 921 1805 si
946 1767 1090 1805 obviam
1121 1768 1176 1804 εἰς(
1207 1767 1357 1804 verbum
1383 1773 1442 1804 est
1467 1773 1593 1805 velus.-

263 1834 360 1887 quod
399 1836 449 1872 ita
489 1834 738 1883 interpretor:
778 1833 835 1870 Tu
873 1833 960 1871 mihi
998 1846 1112 1884 saepe
1150 1831 1351 1877 blandiris,
1394 1844 1508 1883 saepe
1547 1832 1703 1882 gratiam

263 1891 393 1929 deberi
423 1890 626 1940 agnosciS‚
661 1901 776 1939 saepe
806 1888 1015 1926 libertatem
1047 1889 1213 1926 daturum
1245 1888 1458 1938 polliceris:
1491 1886 1557 1925 sed
1587 1888 1704 1925 istaec

261 1948 386 1984 omnia
423 1945 536 1983 verba
566 1951 673 1989 sunt3
715 1944 805 1981 nihil
843 1945 939 1981 enim
977 1952 1147 1995 praestas
1181 1951 1331 1994 praeter
1367 1956 1533 1993 pugnos,
1572 1942 1705 1993 quibus

263 2014 375 2050 saepe
402 2014 458 2038 me
489 2000 629 2050 pectis3
663 2007 770 2050 atque
802 1999 838 2036 hi
868 1999 1014 2050 quidem
1044 2000 1236 2037 solvuntur
1267 1999 1456 2049 praesenti
1486 1999 1640 2049 pecunia
1665 1999 1702 2036 in

260 2057 378 2107 probo
405 2062 442 2092 et
470 2068 626 2105 aspero;
660 2055 721 2091 illa
748 2062 869 2092 autem
896 2054 1104 2092 blandidica
1123 2054 1174 2107 ᾧ)
1207 2051 1304 2091 dieta
1333 2054 1370 2090 in
1401 2052 1498 2091 diem
1525 2052 1702 2090 differun-

264 2118 336 2149 tur.
382 2110 543 2148 Verbum
571 2116 693 2147 aulem
723 2116 826 2147 velus
854 2117 931 2148 est.-
963 2111 1107 2148 Scitum
1136 2115 1204 2153 est,
1235 2122 1306 2159 per
1330 2115 1471 2158 tempus
1499 2109 1538 2145 εἰ
1558 2109 1700 2146 obviam

261 2168 317 2212 is,
359 2164 396 2202 id
427 2172 508 2210 est,
550 2165 680 2201 scitum
710 2171 819 2214 atque
848 2165 1000 2214 elegans
1032 2173 1113 2210 est,
1157 2176 1239 2201 eum
1270 2161 1354 2213 quid
1383 2163 1614 2214 promisisti,
1653 2176 1701 2201 ne

259 2227 481 2271 exspectare
507 2219 652 2270 quidem
676 2218 760 2256 dum
791 2220 953 2268 rogeris,
973 2219 1040 2257 sed
1072 2232 1140 2256 sno
1172 2226 1338 2268 tempore
1367 2230 1569 2256 occurrere
1591 2225 1701 2269 atque

260 2277 403 2314 obviam
436 2276 514 2320 ire,
541 2281 578 2312 et
609 2275 788 2325 promissa
820 2281 990 2324 patrare:
1028 2273 1123 2325 quod
1155 2281 1192 2311 tu
1223 2287 1294 2310 non
1325 2273 1432 2311 facis.
1493 2272 1582 2310 Dixi
1615 2272 1701 2324 quid

260 2332 351 2370 mihi
381 2330 565 2369 videatur.
613 2329 724 2366 Nunc
754 2330 914 2366 lectores
941 2330 977 2366 in
1008 2330 1203 2368 consilium
1234 2329 1352 2367 mitto,
1403 2327 1580 2379 Sequitur
1607 2329 1701 2367 alius

260 2388 363 2426 locus
379 2385 487 2439 ††)‚
525 2384 571 2423 de
602 2397 673 2435 quo
702 2385 923 2422 Turnebus:

425 2453 574 2491 Primae
603 2458 645 2489 ut
669 2450 896 2503 inferremus
923 2453 1049 2502 ignem
1079 2452 1116 2489 in
1148 2463 1270 2488 aram.

333 2555 377 2591 κε)
399 2554 591 2584 Terentiana
611 2555 690 2582 haec
709 2554 783 2581 sunt
804 2553 939 2587 Adelph.
961 2554 983 2581 1.
1006 2553 1041 2586 1,
1065 2552 1116 2582 46.
1157 2553 1220 2582 Cir..
1240 2548 1346 2579 Divin.
1367 2549 1398 2577 tn
1419 2549 1535 2578 caecil.
1556 2556 1626 2584 ean.
1648 2549 1697 2579 17.

257 2593 290 2628 S.
310 2594 361 2622 57.
381 2595 422 2621 ad
440 2601 475 2622 se
494 2595 584 2628 aeque
603 2593 644 2621 ad
663 2598 766 2619 mores
785 2597 859 2619 suos
878 2591 991 2620 redire.
1030 2589 1077 2621 Cf.
1097 2592 1225 2620 Ruhnk.
1244 2587 1325 2618 υἱοί.
1345 2587 1378 2617 in
1393 2589 1519 2617 Terent.
1539 2595 1610 2625 pag.
1628 2588 1697 2617 183.

256 2632 307 2660 ed.
328 2634 442 2666 Schop.

332 2681 401 2716 *³110
423 2681 561 2710 Advers.
580 2679 635 2708 lib.
655 2679 724 2708 XV.
743 2683 812 2713 cap.
832 2677 863 2707 6.

330 2729 424 2764 ἓξὲξ-ἔξ)
445 2729 577 2758 Poenul.
597 2730 621 2756 1.
645 2729 672 2765 1,
695 2727 723 2755 7.

331 2777 377 2816 ἦ)
407 2779 514 2806 Semel
539 2775 655 2811 legitur
685 2775 768 2809 apud
789 2775 892 2803 Plaut.
912 2772 1043 2802 Poenul.
1064 2773 1087 2800 1.
1108 2771 1144 2808 ί,
1168 2771 1216 2801 10.
1243 2777 1324 2801 nunc
1343 2770 1415 2800 mihi
1439 2769 1630 2800 blandidicus
1648 2773 1693 2805 es,

254 2815 338 2846 unde
360 2816 450 2844 vides·
470 2815 614 2843 homines
634 2814 680 2842 ita
701 2813 762 2841 dici
782 2819 895 2849 posse,
917 2818 979 2839 non
1000 2810 1076 2839 item
1091 2810 1206 2839 verba.

330 2862 403 2902 ἢ)
423 2865 556 2894 poenul.
577 2864 600 2891 1.
622 2863 652 2896 2,
678 2861 747 2892 1⁰6.
