1778 3096
155 1382 240 1430 ‚44⁰

262 142 344 185 418
832 141 958 180 VAR.
997 140 1151 181 LECT.

763 251 794 290 C
827 251 863 290 A
893 251 927 289 P
954 250 990 289 U
1018 251 1053 290 T
1109 249 1209 292 XX.

292 332 548 384 Xenophontis
578 330 670 369 libri
688 331 810 381 primi
830 331 1055 370 Anabaseos
1085 331 1188 367 loeus
1215 342 1288 367 non
1318 331 1412 368 satis
1426 327 1604 379 fideliter
1633 327 1680 366 ab

679 386 828 423 erudito
859 387 1064 436 interpreoe
1096 385 1280 422 redditus.

264 467 371 525 NON
405 484 586 525 fraudabo
615 485 773 536 gloriola
813 499 877 523 sua
909 485 1003 522 scito
1044 491 1083 521 et
1113 484 1276 534 eleganti
1314 483 1521 535 praeditum
1557 481 1708 532 ingenio

263 556 443 595 puerum,
483 541 542 580 M.
575 543 806 587 Antonium,
848 541 977 578 fratris
1016 540 1087 577 mei
1119 541 1256 585 lilium,
1298 541 1360 590 qui
1391 539 1501 578 hodie
1534 538 1657 574 iussus
1686 549 1707 574 a

264 612 324 636 me
355 598 618 649 Xenophontis
651 598 807 649 primum
828 597 1050 634 Anahaseos
1080 596 1256 632 conferre
1285 608 1367 632 cum
1397 593 1708 644 interpretatione

263 654 414 692 Romuli
433 651 506 702 ᾖ),
556 666 638 691 cum
674 654 746 690 alia
785 653 876 689 satis
920 651 1031 688 multa
1070 652 1209 688 notavit
1246 651 1292 688 ab
1333 652 1538 701 interprete
1577 648 1708 698 partim

265 710 427 755 omissa,
471 710 600 759 partim
630 709 880 758 negligentius
920 706 1088 752 reddita,
1131 713 1204 743 tum
1239 706 1330 752 hoc,
1373 705 1470 757 quod
1501 704 1590 741 mihi
1629 703 1707 740 ani-

265 765 528 803 madversione
562 763 711 813 dignum
751 764 869 801 visum
902 770 981 808 est,
1023 775 1104 799 cuin
1141 770 1178 800 et
1218 763 1366 812 insigne
1398 762 1470 807 sit,
1511 771 1631 810 neque
1663 757 1710 795 ab

265 822 404 872 optimo
438 819 695 871 typographo,
737 820 797 869 qui
835 825 956 855 tamen
994 819 1031 854 in
1067 817 1242 855 notandis
1273 816 1422 854 Romuli
1457 816 1594 854 erratis
1621 814 1710 851 satis

265 877 403 927 alioqui
443 875 603 925 diligens
634 875 725 920 fuit,
767 874 1078 912 animadversum.
1138 873 1352 923 Xenophon
1388 872 1486 910 euim
1527 882 1609 908 cum
1645 881 1711 907 ex-

264 933 388 983 posita
418 929 511 982 Cyri
542 937 662 968 morte
692 929 738 968 de
775 929 939 967 moribus
981 936 1018 966 et
1049 929 1197 979 ingenio
1228 929 1370 977 ipsius,
1410 933 1450 964 ut
1478 925 1597 970 solet,
1636 923 1712 962 dis·

265 994 415 1026 sereret
449 986 635 1036 multaque
674 992 894 1035 argumenta
923 984 1140 1034 colligeret,
1184 983 1316 1034 quibus
1347 980 1585 1028 ostenderet,
1627 992 1712 1018 eum

265 1041 491 1080 multitudini
521 1042 658 1079 eximie
688 1054 814 1078 carum
843 1041 988 1085 fuisse,
1023 1040 1093 1077 hoc
1122 1052 1266 1090 quoque
1296 1040 1395 1076 inter
1424 1044 1551 1076 cetera
1579 1036 1709 1080 utitur,

266 1097 363 1150 quod
391 1098 557 1148 quamvis
582 1097 663 1146 ipse
693 1097 820 1134 fratris
842 1109 972 1133 servus
998 1096 1111 1140 foret,
1132 1108 1241 1133 nemo
1266 1102 1388 1133 tamen
1411 1092 1571 1131 desertis
1595 1091 1712 1142 ipsius

264 1153 434 1204 partibus
476 1150 522 1190 ad
561 1152 713 1190 fratrem
749 1151 1019 1201 transfugerit:
1065 1164 1148 1188 cum
1189 1150 1292 1188 multi
1326 1157 1457 1187 eontra
1495 1146 1659 1199 quotidie
1690 1158 1714 1184 a

264 1209 398 1247 Xerxe
423 1207 630 1246 deficerent
658 1220 772 1258 seque
799 1208 834 1244 in
859 1206 954 1257 Cyri
985 1212 1107 1243 castra
1136 1206 1368 1244 conferrent.
1418 1204 1543 1242 Unum
1570 1202 1714 1253 excipit

265 1264 466 1309 Orontem,
497 1264 559 1314 qui
589 1270 744 1300 conatus
772 1263 819 1299 sit
847 1275 869 1299 a
890 1261 994 1313 Cyro
1026 1262 1281 1311 transfugere,
1314 1259 1380 1298 sed
1411 1265 1580 1298 conatum
1610 1257 1713 1296 illum

265 1320 467 1357 infaustum
499 1319 534 1355 ei
572 1325 682 1369 atque
717 1317 905 1354 infelicem
939 1317 1070 1354 fuisse.
1130 1316 1208 1354 Καὶ
1237 1310 1350 1362 οὗτος
1379 1312 1441 1363 δὲ,
1480 1314 1599 1365 inquit
1614 1312 1711 1364 ἢῆ,

265 1371 311 1414 ὃν
341 1371 434 1429 ᾤετο
470 1370 606 1412 πιστόν
635 1372 675 1411 οἱ
700 1368 818 1420 εἶναι,
862 1367 956 1421 ταχὺ
984 1368 1101 1410 αὐτὸν
1141 1365 1226 1422 εὗρε
1258 1368 1376 1425 Κύρῳ
1404 1369 1643 1421 φιλαίτερον,
1684 1364 1712 1419 ’ἢ

264 1428 400 1485 ἑαυτῷ.
443 1427 551 1475 Quae
580 1428 695 1465 verba
721 1429 773 1464 ita
800 1429 1069 1477 interpretatur
1091 1427 1296 1463 Romulus:
1334 1429 1446 1476 Quem
1474 1433 1597 1463 tamen
1623 1437 1712 1469 rex,

264 1487 352 1523 dum
381 1484 458 1522 sibe·
468 1483 628 1532 fidelem
652 1489 782 1532 putat,
810 1484 909 1531 Cyro
935 1494 1056 1531 paene
1082 1494 1194 1532 quam
1219 1482 1295 1519 sibi
1321 1482 1533 1518 amiciorem
1557 1481 1711 1518 invenit.

264 1540 391 1592 Atque
430 1538 523 1577 nihil
562 1538 681 1574 minus
721 1537 814 1574 dicit
842 1536 1079 1587 Xenophon,
1123 1549 1232 1587 quam
1270 1535 1368 1587 quod
1405 1549 1490 1574 eum
1529 1534 1713 1574 Romulus

265 1596 452 1634 dicentem
487 1594 592 1631 facit.
651 1591 787 1642 Neque
818 1591 864 1630 de
895 1604 986 1642 rege
1017 1591 1204 1642 loquitur:
1244 1590 1310 1629 sed
1340 1604 1449 1637 eum,
1483 1591 1544 1629 eui
1572 1590 1635 1628 uni
1667 1602 1715 1628 ex

264 1651 437 1689 omnibus
475 1649 672 1701 plurimum
711 1647 799 1685 fidei
835 1647 1001 1685 Orontas
1042 1646 1228 1692 habebat,
1269 1654 1457 1697 repertum
1497 1659 1584 1685 esse
1625 1644 1715 1683 dicit

266 1706 395 1759 Cyro,
438 1718 545 1757 quam
574 1703 743 1741 Orontae
779 1703 1009 1741 amiciorem.
1073 1702 1239 1740 Litteras
1269 1703 1368 1740 enim
1385 1700 1507 1752 ἦξ’ἕῑῗέ),
1548 1714 1638 1753 quas
1667 1699 1715 1739 ad

266 1775 395 1813 regem
418 1760 464 1799 de
488 1759 701 1812 proditione
724 1759 827 1796 ferre
849 1759 973 1796 iussus
995 1764 1093 1803 erat,
1120 1757 1164 1795 ad
1187 1756 1330 1809 Cyrum
1354 1758 1495 1795 attulit:
1527 1764 1639 1809 atquo
1661 1757 1714 1795 ita

266 1817 480 1869 proditione
519 1815 665 1853 detecta
697 1814 861 1852 Orontas
891 1814 1014 1864 capite
1046 1827 1184 1864 poenas
1221 1814 1300 1853 luit.
1361 1813 1446 1851 Hoc
1475 1826 1558 1851 cum
1594 1820 1632 1851 et
1668 1812 1713 1851 ad

266 1874 447 1912 historiae
483 1872 678 1910 veritatem
716 1870 775 1908 vel
808 1870 967 1907 maxime
997 1870 1224 1920 pertineret,
1268 1876 1329 1914 et,
1373 1869 1533 1906 mirante
1570 1881 1651 1914 me,
1692 1881 1713 1907 a

266 1942 384 1981 puero
420 1926 581 1966 nondum
618 1924 814 1964 duodecim
853 1938 970 1963 annos
1010 1931 1096 1962 nato
1136 1925 1380 1975 sagacissime
1415 1922 1713 1964 animadversum

268 1991 394 2030 esset,
428 1983 605 2034 dignum,
637 1980 734 2033 quod
765 1980 1048 2027 adscriberem‚
1079 1979 1255 2018 iudicavi.

345 2118 391 2154 *J
411 2116 582 2153 Amasaei,
605 2117 645 2145 de
665 2123 726 2151 quo
747 2122 846 2150 supra
865 2115 920 2144 lib.
939 2115 1024 2145 Vnt.
1044 2121 1113 2151 cap.
1137 2115 1186 2144 15.

346 2167 416 2202 em)
436 2167 540 2196 Anat).
561 2165 615 2193 lib.
636 2167 659 2194 1.
678 2171 747 2199 cap.
768 2164 799 2193 9.
821 2163 854 2199 S.
875 2163 926 2192 29.

348 2214 442 2251 mm)
462 2214 533 2245 Vid.
554 2214 659 2244 Anat».
680 2212 733 2242 lib.
754 2214 778 2242 1.
802 2218 871 2247 cap.
891 2211 922 2240 6.
943 2210 976 2246 S.
996 2211 1017 2239 3
1030 2217 1078 2245 sq.
