1778 3096
404 671 684 729 MARcl
751 669 1151 728 VELSERI
1522 678 1584 708 επ

117 824 176 894 Ρ
268 824 342 894 R
433 824 502 896 A
593 825 654 895 E
739 823 802 894 F
892 823 962 896 A
1054 823 1127 894 Τ
1215 823 1252 894 Ι
1342 820 1428 894 Ο.

458 1176 617 1216 VIRO
662 1175 1097 1223 REVEREND0‚

232 1290 724 1347 ANDREAE
806 1289 1324 1358 SCHOTTO‚

460 1412 694 1442 SOCIETATIS
725 1414 767 1441 113
773 1414 822 1443 SU
853 1415 1094 1444 SACERDOTI.

62 1625 230 1682 Doctus
257 1649 296 1681 et
322 1643 486 1680 disertus
513 1644 592 1689 vir,
634 1645 778 1695 inquis,
818 1645 1017 1691 Muretus,
1057 1656 1136 1681 meo
1175 1642 1322 1694 quidem
1351 1642 1500 1692 palato,

63 1723 114 1760 Et
140 1722 245 1759 cetius
269 1734 341 1758 non
371 1722 482 1767 item,
515 1722 568 1758 mi
596 1721 781 1759 Schoue?
837 1722 985 1772 Siquis
1016 1727 1093 1767 est,
1125 1721 1186 1758 illi
1208 1732 1296 1758 vero
1323 1732 1397 1757 non
1428 1725 1503 1756 tam

59 1801 252 1850 palatum,
293 1810 402 1849 quam
432 1811 532 1836 mens
562 1798 768 1836 obbrutuit.
828 1800 930 1837 Novi
957 1800 1024 1849 qui
1046 1800 1148 1836 serio
1178 1798 1439 1843 contenderet,
1479 1809 1504 1834 a

64 1878 166 1915 mille
211 1882 317 1913 retro
365 1877 475 1913 annis
509 1877 690 1914 neminem
728 1877 890 1922 vixisse,
941 1877 1152 1927 eloquentia
1191 1888 1274 1914 cum
1321 1875 1392 1913 hoc
1432 1887 1505 1911 uno

67 1954 371 2005 comparandum.
431 1955 487 1991 De
524 1967 580 1991 me
609 1955 647 1991 si
677 1955 849 2003 quaeris,
893 1954 992 1991 m'lzil
1016 1954 1211 2004 quisquam
1249 1959 1325 1991 tam
1362 1951 1506 2001 magni-

54 2032 176 2083 fieum
200 2037 402 2082 praeterea
430 2031 609 2077 adiiciat,
640 2031 747 2068 euius
774 2044 846 2081 ego
876 2031 1146 2069 authoritatem
1175 2029 1381 2081 defugiam.
1442 2029 1509 2067 Sic

68 2116 215 2154 tamen,
247 2115 289 2146 ut
314 2121 392 2146 eam
417 2109 580 2159 primam
610 2109 757 2146 Mureti
782 2109 928 2146 laudem
958 2121 1146 2160 nunquam
1174 2114 1353 2147 statuam.
1413 2106 1511 2144 Pru-

70 2187 198 2224 dentia
235 2192 274 2224 et
305 2186 443 2223 iudceio
482 2186 667 2223 est-cellere
704 2199 850 2236 semper
885 2187 999 2226 visus.
1063 2187 1162 2236 Quid
1198 2184 1271 2224 tibi
1303 2196 1403 2223 nune
1443 2196 1510 2220 ese-

70 2263 240 2314 sequar?
307 2264 414 2301 Ultro
451 2264 711 2309 assentireris,
763 2265 802 2302 se·
835 2265 1038 2310 hominem,
1080 2263 1176 2315 fere
1216 2262 1304 2300 delet
1339 2261 1510 2306 vidisses,
1537 2267 1600 2299 376

74 2347 178 2378 certe
216 2352 344 2377 eoram
383 2341 548 2377 novisses
581 2353 757 2391 unquam.
818 2342 875 2380 Ac
905 2343 947 2380 id
984 2342 1057 2379 iam
1086 2353 1210 2378 serum
1248 2345 1318 2377 est.
1378 2338 1514 2377 Nescio

77 2419 279 2470 quomode,
319 2418 402 2467 Ego
435 2418 575 2456 nullam
613 2419 693 2456 eius
721 2419 804 2468 lego
838 2400 1047 2469 paginam}
1088 2418 1129 2455 iu
1171 2429 1244 2467 qua
1277 2421 1516 2468 praesentem

77 2496 224 2534 intueri
247 2501 287 2533 et
311 2507 430 2545 grave
449 2495 546 2533 illud
572 2496 811 2546 limatumque
841 2496 1018 2534 iudicium
1046 2504 1253 2545 agnoscere
1276 2483 1349 2532 72on
1373 2493 1516 2531 videar.

82 2572 190 2623 Quod
226 2573 353 2623 itaque
391 2572 565 2620 volebas,
607 2572 695 2623 seez·
728 2574 875 2612 omnino
922 2573 1076 2619 lubens,
1125 2578 1171 2611 ut
1205 2577 1376 2622 acceptos
1413 2582 1438 2607 a
1482 2575 1520 2607 te

76 2651 309 2701 posteriores
357 2657 520 2702 quatuor
565 2652 768 2689 Variarum
818 2652 935 2690 libros
979 2657 1017 2688 et
1070 2649 1375 2687 Observationum
1424 2646 1521 2684 iuris

82 2728 314 2778 singularem
361 2728 596 2780 typographo
637 2728 849 2778 vulgandos
895 2728 1111 2773 tracterem3
1179 2738 1327 2776 unaque
1372 2724 1522 2775 publice

86 2811 314 2853 attestarer,
347 2806 411 2844 eui
436 2805 655 2856 beneficium
683 2805 754 2842 hoe
783 2804 1022 2843 deberemus:
1062 2805 1142 2844 εἰπε
1170 2805 1265 2843 enim
1295 2810 1360 2843 tua
1383 2804 1525 2855 pietate
