2912 4368
747 766 849 805 LIB.
881 765 971 804 XII.
1034 763 1154 804 CAP.
1185 763 1295 803 XIX.
1671 761 1752 804 2523

309 879 516 929 respiciens
548 875 723 915 videlicet
750 874 795 913 ad
828 889 871 913 ca
900 875 1071 920 vincula,
1110 873 1155 912 de
1186 873 1318 925 quibus
1349 874 1601 924 Hippocrates
1630 872 1672 912 ἐν
1700 876 1752 928 τῷ

307 932 391 974 κατ’
423 931 662 984 ιήτρεῖονῆ).
719 930 771 968 At
801 931 885 976 isti,
928 942 1023 981 quae
1053 931 1280 979 argumentis
1322 930 1534 967 fortissimis
1577 929 1753 966 roborata

310 996 416 1034 sunt,
462 987 521 1024 vel
558 987 825 1035 seripturarum
864 985 1113 1030 testimoniis,
1161 997 1205 1021 ea
1243 983 1393 1021 tradunt
1432 984 1477 1021 ab
1518 984 1753 1035 Hieronymo

310 1043 382 1081 dici
427 1041 580 1079 vinculis
611 1041 854 1091 Hippocratis
891 1041 1054 1089 alligata.
1117 1037 1227 1085 Quod
1257 1040 1288 1075 si
1321 1041 1402 1089 quis
1434 1039 1656 1076 obstinatius
1688 1038 1754 1076 de-

310 1097 466 1136 fendere
518 1094 676 1141 audeat,
731 1097 886 1146 ipsemet
934 1095 1090 1132 vinculis
1131 1094 1372 1145 Hippocratis
1417 1094 1623 1144 alligandus
1669 1106 1754 1132 esse

309 1153 491 1191 videatur.
552 1149 626 1188 Sed
660 1151 753 1188 haec
784 1150 901 1202 hydra
931 1148 1111 1201 quaedam
1140 1155 1212 1189 est.
1269 1148 1354 1196 Quo
1389 1149 1496 1199 plura
1527 1150 1648 1202 capita
1679 1162 1756 1187 am-

308 1207 519 1260 putaveris,
553 1206 658 1257 plura
689 1212 947 1244 succrescunt.

766 1349 1054 1388 CAPUT
1116 1348 1299 1388 XVIII.

396 1429 543 1466 Dictum
570 1429 725 1479 elegans
754 1431 809 1467 Io.
842 1429 1010 1467 Antonii
1032 1428 1244 1473 Lucatclli,
1277 1428 1445 1478 episcopi
1475 1428 1671 1465 ls'cnusinz'.

311 1510 448 1569 VERE
479 1539 517 1570 et
543 1533 711 1582 graviter
738 1531 865 1570 dicere
895 1532 1039 1569 solitum
1074 1532 1223 1569 memini
1253 1531 1308 1569 Io.
1342 1530 1546 1569 Antonium
1581 1530 1758 1569 Lucatel-

314 1587 386 1624 lum
401 1585 503 1638 ³7&ss),
535 1595 572 1625 et
601 1588 717 1625 virum
748 1595 786 1625 et
809 1587 1065 1639 philosophum
1096 1589 1288 1637 optimum,
1314 1587 1373 1637 qui
1400 1594 1530 1637 postea
1560 1588 1757 1637 episcopus

314 1642 533 1680 Venusinus
576 1644 667 1689 fuit,
720 1650 805 1680 tunc
843 1650 965 1680 autem
1005 1643 1042 1679 in
1082 1643 1219 1679 familia
1260 1642 1383 1692 magni
1427 1642 1524 1679 illius
1562 1642 1758 1693 Hippolyti

314 1696 527 1735 Cardinalis
555 1698 814 1736 Ferrariensis
856 1711 998 1735 mecum
1030 1698 1254 1735 amicissime
1290 1697 1668 1748 coniunctissimeque
1703 1698 1758 1734 vi-

313 1753 448 1797 vebat,
480 1751 575 1803 quod
601 1754 778 1791 Socrates
809 1754 844 1790 in
876 1753 959 1790 cibo
987 1766 1030 1791 ac
1060 1760 1147 1803 potu
1176 1752 1389 1790 faciendum
1419 1765 1505 1790 esse
1536 1753 1760 1799 monuisset,

313 1806 351 1844 id
382 1814 511 1844 contra
542 1808 624 1844 fieri
654 1816 828 1858 oportere
860 1809 895 1845 in
927 1809 995 1854 iis,
1037 1808 1167 1858 quibus
1198 1809 1341 1844 animus
1371 1807 1548 1844 aleretur.
1610 1806 1761 1844 Etenim

314 1861 410 1912 apud
438 1862 729 1912 Xenophontem
746 1863 841 1914 ³1&ss)
874 1863 1053 1900 Socrates
1084 1876 1150 1900 eos
1180 1862 1284 1899 cibos
1318 1875 1458 1898 summo
1488 1860 1610 1898 studio
1642 1863 1763 1899 vitan-

314 1917 382 1954 dos
421 1929 506 1954 esse
548 1917 660 1963 dicit,
704 1917 835 1969 quibus
868 1919 1002 1963 etiam,
1051 1918 1113 1968 qui
1151 1930 1222 1953 non
1263 1917 1455 1960 esuriunt,
1497 1916 1543 1953 ad
1576 1915 1762 1954 edendum
2184 1949 2186 1966 z

315 1979 587 2023 provocantur:
633 1980 670 2010 et
695 1986 761 2010 eos
794 1980 925 2023 potus,
966 1973 1026 2023 qui
1059 1972 1171 2009 etiam
1205 1985 1277 2008 non
1321 1972 1508 2008 sitientem
1555 1970 1759 2018 adducunt,
2184 1985 2187 2018 ;

316 2035 356 2065 ut
385 2027 498 2065 bibat.
560 2027 703 2065 Contra
740 2036 861 2065 autem
895 2028 921 2065 ii
952 2041 1146 2065 sermones
1185 2027 1367 2064 utilissimi
1403 2033 1488 2063 sunt
1524 2034 1633 2077 atque
1664 2028 1763 2065 omui

317 2082 438 2119 studio
468 2083 725 2129 consectandi,
748 2084 808 2134 qui
841 2084 876 2120 in
906 2084 1039 2121 animis
1059 2082 1318 2134 languentibus
1350 2083 1514 2120 excitant
1537 2083 1762 2133 cognitionis

319 2145 358 2176 et
387 2138 565 2176 scientiae
596 2138 849 2190 cupiditatem.

804 2282 1096 2322 CAPUT
1152 2274 1297 2321 XIX?
1788 2292 1850 2323 296

605 2362 836 2400 Emendatus
864 2363 998 2400 Plauti
1024 2363 1126 2400 locus
1155 2375 1175 2398 c
1205 2359 1473 2398 Bacchidibus.

319 2440 485 2499 DEMUS
525 2460 662 2512 aliquid
694 2462 801 2510 istis,
842 2462 903 2512 qui
932 2461 1104 2499 Plautum
1142 2460 1265 2498 alieno
1302 2459 1429 2497 labore
1466 2457 1667 2497 emendare
1697 2472 1764 2497 cu-

320 2517 439 2567 piunt,
471 2516 582 2567 quod,
617 2531 698 2554 cnm
730 2518 897 2565 libuerit,
928 2524 967 2554 ut
995 2517 1138 2562 solent,
1169 2516 1350 2567 arripiant
1378 2528 1445 2566 pro
1476 2527 1559 2553 suo,
1619 2514 1763 2553 Versus

322 2579 409 2609 sunt
438 2585 458 2609 e
487 2572 740 2610 Bacchidibus
758 2571 831 2625 »ωε

430 2651 630 2699 Postquam
660 2663 793 2687 [inrum
820 2650 1064 2695 abstulimus,
1094 2650 1132 2686 in
1162 2661 1291 2685 navem
1323 2647 1618 2693 conscendimus,

431 2707 587 2742 Domum
614 2707 824 2755 czlpt'cnlcs,
843 2705 956 2756 sorte
986 2713 1028 2742 ut
1060 2704 1197 2742 adsedi
1221 2704 1259 2741 in
1289 2710 1413 2752 stega,

431 2762 527 2797 Dum
561 2762 852 2810 circumspecto.-
886 2768 997 2810 atque
1022 2773 1091 2808 ego
1124 2765 1199 2797 lum
1231 2758 1385 2795 lembum
1415 2758 1628 2807 conspicor,

430 2817 600 2865 Longum
630 2823 686 2853 cst
711 2818 876 2866 rigorem
904 2815 1109 2865 maleficum
1140 2815 1382 2851 eaeornam'er.

325 2890 399 2929 Ubi
428 2891 517 2929 illud
545 2898 658 2943 atquc
686 2894 737 2930 ita
767 2893 925 2944 positum
957 2899 1035 2938 est,
1067 2898 1107 2929 ut
1133 2891 1170 2928 in
1198 2891 1261 2928 illo
1290 2888 1562 2941 Virgilii††),

433 2972 562 3020 Atque
592 2971 696 3007 illam
726 2971 763 3008 in
789 2984 973 3021 praeceps
997 2983 1119 3020 prono
1150 2971 1254 3019 rapit
1281 2969 1409 3006 alveus
1440 2967 1554 3004 amni.

327 3044 403 3083 Sed
434 3045 502 3083 hoe
534 3047 706 3084 fortassis
736 3060 864 3084 omnes
893 3046 1034 3084 vident.
1096 3046 1235 3083 Eorum
1268 3052 1387 3082 autem
1420 3057 1591 3080 versuum
1623 3050 1768 3093 postre-

326 3114 421 3137 mum
453 3103 558 3151 quiS,
590 3115 752 3153 quaeso,
791 3102 994 3153 intelligit?
1050 3104 1205 3151 δίης-(1.3·
1232 3100 1413 3137 vocabant
1444 3100 1617 3135 mulieres
1654 3098 1769 3135 male-

328 3157 441 3201 ficas,
485 3170 574 3207 quas
612 3158 721 3195 etiam
758 3165 869 3195 noctu
908 3159 1034 3197 volare
1070 3156 1371 3195 arbitrabantur:
1417 3153 1621 3205 codemque
1661 3152 1769 3191 modo

403 3290 446 3324 xe)
468 3298 538 3324 pag.
560 3290 630 3319 740.
653 3291 700 3319 ed.
722 3293 813 3320 Focs

402 3339 469 3373 52:2³)
497 3339 566 3367 Vin.
587 3341 667 3367 Mur.
689 3341 767 3373 unp.
790 3341 877 3368 Tom.
900 3342 952 3370 111.
974 3348 1045 3375 pag.
1066 3341 1139 3369 355.

402 3387 494 3421 ὶῑεεῑε-ῑῑε)
517 3389 687 3416 Memorat).
709 3391 796 3418 socr.
816 3389 868 3417 lit).
890 3391 941 3418 111.
965 3396 1034 3425 cap.
1054 3390 1084 3419 3.
1106 3390 1138 3424 ᾗ.
1160 3388 1190 3418 6.

400 3434 447 3473 ἡ)
469 3438 505 3464 11.
526 3437 556 3472 3,
580 3436 630 3464 43.

399 3484 472 3523 -}-†)
495 3486 606 3520 Georg.
629 3488 651 3515 1.
673 3486 743 3516 203.
