1778 3096
524 157 622 198 LIB.
655 157 763 199 XVI.
825 156 942 197 CAP.
976 157 1070 198 XV.
1439 154 1519 197 383

82 277 119 310 et
145 269 208 308 illo
223 267 250 295 *z
275 296 287 314 ‚

248 267 423 372 >0136tv'
401 327 647 383 ἀκιδνότερον
669 336 758 387 γαῖα
788 331 914 387 τρέφει
941 330 1178 386 ἀνθρώποιο.

81 420 119 451 et
144 409 329 450 Pindarus
344 407 422 461 ΨΚ)
454 408 510 447 his
542 410 679 456 verbis,

247 486 295 526 Τι’
321 483 362 525 δὲ
389 486 467 536 vig-,-
502 487 538 525 τί
567 485 608 526 δὲ
633 483 755 535 ming,-
792 488 903 533 σκιᾶς
930 483 1024 539 ὄναρ
1054 483 1269 539 ἄνθρωποι.

81 563 159 604 Sed
194 570 233 602 et
268 562 400 602 eadem
440 563 486 601 de
529 577 570 602 re
609 564 879 614 pulcherrimus
918 564 1023 601 locus
1065 570 1123 601 est
1161 562 1257 614 apud
1297 562 1519 614 Sophoclem

78 620 201 659 Aiace
229 618 535 669 Mastigophoro.
580 620 642 656 ubi
670 619 870 665 Minerv‚a
902 633 983 657 cum
1016 618 1242 656 ostendisset
1270 616 1519 671 U1y351216**)

79 675 237 714 Aiacem
266 674 483 711 Telamonis
523 674 656 720 lilium,
699 675 760 725 qui
796 675 954 712 maximo
992 675 1090 712 inter
1119 674 1288 711 Graecos
1327 676 1363 711 in
1401 675 1521 725 pretio

79 732 226 776 suerat,
268 730 395 767 furore
424 729 598 767 divinitus
626 730 791 767 immisso
820 731 1020 781 percitum,
1063 736 1122 774 et,
1156 728 1239 766 dum
1271 729 1439 767 Giaecos
1468 730 1523 767 ul-

80 786 171 824 cisci
199 798 240 823 se
273 792 401 836 putat,
443 785 479 822 in
517 785 681 836 pecudes
711 786 962 824 saevientem:
1006 787 1057 823 ita
1086 785 1234 824 Ulixem
1275 785 1394 836 ipsum
1431 785 1522 823 allo-

80 842 203 894 quitur
219 839 294 894 †).

241 914 379 972 Ορᾷς,
406 914 617 966 Ὀδυσσεῦ,
644 932 716 985 την,
740 920 848 958 θεῶν
873 915 984 973 ισχὺν
1012 915 1108 968 οση,·

250 973 398 1013 Τούτου
424 973 481 1020 τίς
511 970 558 1012 ἄν
588 985 648 1012 σοι
661 970 841 1040 τάνδρὸς
862 990 913 1025 ην
943 971 1222 1026 προνούστερος

233 1025 295 1068 H
319 1029 414 1082 δρᾶν
439 1026 603 1079 ἀμείνων
630 1024 715 1082 εὗρε
700 1027 773 1080 ’θη
801 1026 849 1068 τὰ
876 1030 1026 1083 necleta,-

246 1096 380 1141 Vzdes,
419 1097 548 1140 Ule'oee,
584 1109 679 1146 quae
702 1102 874 1145 potestas
901 1097 952 1134 sec
983 1094 1128 1133 Deam?

247 1152 337 1200 Quis
365 1151 436 1187 lzoc
466 1152 545 1188 viro
570 1151 798 1200 prudentior·
827 1153 987 1189 antehae
1006 1150 1106 1202 salt,

241 1207 322 1243 Aut
347 1206 399 1242 ad
422 1207 618 1255 gerenda,
649 1219 745 1256 quae
776 1219 867 1256 opus
896 1213 1030 1251 erant,
1058 1204 1353 1256 praestantior?

77 1281 173 1321 Tum
202 1281 358 1328 Ulixes,
391 1294 474 1318 cum
505 1281 779 1332 respondisset,
812 1295 894 1319 eum
927 1282 1035 1331 plane
1067 1289 1105 1319 et
1136 1281 1460 1331 prudentissimum
1487 1288 1526 1320 et

79 1337 322 1375 fortissimum
361 1337 506 1381 fuisse,
548 1349 663 1387 seque
707 1337 787 1373 eius
826 1337 861 1373 in
900 1344 1037 1373 tantam
1074 1337 1332 1374 infelicitatem
1370 1338 1526 1388 collapsi

78 1391 337 1431 misericordia
366 1393 615 1437 commoveri,
662 1392 807 1429 etiamsi
839 1404 921 1430 eum
954 1392 1023 1430 sibi
1055 1392 1239 1429 infensum
1269 1405 1356 1429 esse
1387 1393 1522 1429 sciret:

78 1446 202 1493 addit,
243 1447 470 1485 commoveri
503 1460 543 1485 se
583 1460 655 1484 non
687 1454 827 1484 tantum
865 1449 945 1485 eius
983 1461 1140 1492 caussa,
1181 1447 1248 1484 sed
1288 1446 1398 1484 ctiam
1440 1461 1522 1485 sua.

78 1501 221 1541 Videre
261 1503 360 1539 enim
400 1515 462 1548 se,
515 1509 687 1553 quantum
725 1503 911 1539 hominum
948 1503 1117 1546 viveret,
1155 1502 1246 1539 nihil
1285 1502 1382 1539 aliud
1423 1515 1523 1548 esse,

80 1571 187 1608 quani
218 1570 331 1595 vanas
367 1558 548 1606 imagines
585 1564 624 1594 et
658 1558 806 1594 inanem
847 1557 1029 1594 umbram.
1088 1557 1181 1595 Tum
1214 1557 1389 1595 Minerva
1417 1571 1527 1608 prae—

80 1620 228 1663 ceptum
259 1613 570 1662 sapientissimum
610 1612 761 1649 subiicit
801 1619 839 1649 et
867 1626 1050 1663 nunquam
1090 1625 1137 1650 ex
1168 1612 1354 1650 hominum
1390 1614 1525 1650 animis

79 1667 300 1705 delendum:
340 1674 378 1704 ut
416 1668 504 1704 talia
544 1668 692 1704 intuens
728 1667 818 1704 nihil
859 1680 1015 1718 unquam
1055 1668 1090 1704 in
1130 1668 1221 1706 deos
1238 1666 1321 1720 ††)
1365 1669 1526 1718 superbe

78 1723 273 1773 loquatur:
315 1735 434 1773 neque
465 1735 506 1759 se
537 1722 711 1767 extollat,
745 1722 823 1760 sive
853 1722 1011 1768 robore,
1049 1723 1127 1760 sive
1159 1723 1290 1774 opibus
1324 1723 1433 1760 alium
1464 1737 1526 1761 su-

79 1785 200 1829 peret.
261 1776 382 1814 Unum
412 1778 509 1814 enim
541 1777 638 1814 diem
669 1777 760 1814 satis
791 1790 877 1815 esse
906 1777 953 1815 ad
982 1779 1105 1815 omnia
1144 1779 1303 1816 humana
1337 1786 1373 1816 et
1403 1777 1526 1829 depri-

79 1831 228 1879 menda,
254 1839 293 1870 et
321 1845 467 1870 rursum
493 1831 696 1882 erigenda:
728 1832 941 1870 moderatos
966 1841 1087 1871 autem
1119 1834 1287 1871 homines
1317 1832 1388 1871 diis
1417 1847 1526 1871 caros

80 1901 190 1934 esse,
223 1889 364 1925 invisos
392 1887 595 1937 improbos.
648 1886 726 1926 Sed
752 1895 790 1925 et
817 1887 901 1925 illud
931 1889 1128 1938 eleganter
1148 1903 1169 1927 a
1191 1890 1338 1927 Seneca
1368 1888 1524 1935 dictum,

79 1945 161 1982 Nee
189 1945 285 1981 leves
316 1944 448 1980 metuit
461 1941 575 1994 †††)
607 1944 719 1980 Deos.
780 1942 923 1981 Mutari
954 1945 1054 1981 enim
1084 1944 1174 1983 deos
1205 1943 1400 1992 dicebant,
1441 1957 1525 1983 cum

79 1997 244 2036 conditio
273 1997 459 2035 homiuum
492 2004 710 2035 mutaretur.
771 1998 953 2036 Horatius
969 1997 1032 2052 2²⁶),

299 2076 542 2126 Mutatosque
572 2076 660 2112 deos
675 2075 810 2126 flebit,
844 2083 884 2116 et
910 2089 1048 2128 aspera

297 2131 433 2179 Nzg're‘s
461 2143 626 2180 aequora
655 2132 777 2168 ventis

299 2185 537 2223 Emit-abitur
565 2187 746 2224 insolens.

153 2303 196 2339 ἥ)
218 2304 334 2339 odyss,
355 2306 469 2334 XVIII.
491 2305 561 2334 130.

154 2358 193 2382 δἐἰ·
189 2356 222 2392 ἑ)
252 2359 346 2392 Pyth.
373 2358 457 2387 V111.
487 2358 547 2385 135
574 2355 643 2393 (99.
671 2357 844 2394 Boeckh..)
897 2358 965 2389 Alii
1002 2356 1039 2389 τί
1069 2354 1114 2390 δέ
1135 2367 1207 2398 τις;
1240 2359 1278 2391 τί
1308 2355 1339 2391 δ’
1379 2354 1423 2393 οὔ
1454 2372 1526 2402 ug,-

80 2402 116 2430 1n
135 2401 195 2430 tine
215 2401 396 2430 Boeckhius
425 2393 631 2443 ἅνθρωπος.

169 2450 248 2486 ’ξεί-Ξῖ)
275 2453 353 2481 Mox
377 2453 529 2487 Ulyaeem:
560 2453 640 2487 quod
662 2454 828 2487 utrumque
857 2453 953 2483 etiam
981 2454 1076 2483 editio
1107 2455 1207 2490 prima
1237 2457 1375 2487 exhibet.
1415 2461 1454 2488 Et
1479 2459 1528 2489 sie

82 2452 198 2523 ubiqiie
214 2489 392 2523 promiscue
412 2490 461 2517 his
483 2490 591 2518 formis
611 2489 708 2518 utitur
721 2492 875 2525 Muretus,
892 2493 950 2520 etsi
968 2494 1074 2521 schol.
1096 2493 1126 2521 in
1148 2496 1257 2523 Senec
1275 2497 1351 2530 Opp.
1368 2498 1456 2526 Toni.
1471 2499 1525 2527 111.

80 2533 152 2562 pag.
172 2526 223 2554 98.
243 2526 371 2556 disertis
391 2527 499 2556 verbis
519 2528 705 2562 scripturam
729 2529 852 2557 Lliaeem
872 2533 905 2558 ut
922 2530 1069 2558 Latinam
1091 2533 1211 2565 probet.
1251 2535 1362 2562 Fazsi.

156 2576 204 2629 ᾗ)
232 2577 324 2609 Aiac.
346 2586 378 2609 v,
401 2581 462 2610 118
481 2588 530 2616 sq.
569 2579 749 2610 Lobeckius
775 2584 810 2611 et
835 2581 1016 2611 Dindorfius
1045 2590 1063 2611 e
1083 2583 1182 2613 codd.
1212 2578 1233 2624 ἢ
1257 2579 1528 2629 προνοίσῑερος

188 2632 220 2654 ν.

80 2635 137 2664 mo
160 2634 234 2714 -Ἰῖ-ἦ)
255 2675 308 2704 Sic
326 2675 466 2705 correxit
485 2675 622 2705 Faesius
643 2683 686 2704 ex
705 2676 780 2706 edit.
800 2677 897 2712 princ.
919 2685 976 2713 pro
998 2686 1054 2717 eo,
1084 2681 1167 2715 quod
1188 2683 1397 2712 Ruhnkenius
1418 2686 1524 2722 habet,

79 2720 114 2748 in
140 2727 203 2749 eos
247 2719 455 2755 Soph.Aiac.
482 2720 606 2750 v.128.
638 2712 848 2760 υπέρκοπον
881 2716 1002 2762 μηδέν
1033 2718 1114 2752 ποτ’
1148 2721 1251 2767 εἴπης
1285 2723 1352 2760 εἰς
1384 2707 1527 2762 θεοὺς

81 2759 180 2795 ἕπο.

152 2772 221 2854 ἱζή-
213 2813 258 2853 k)
278 2816 344 2844 lmo
362 2815 479 2852 tenuit,
501 2814 575 2845 vide
594 2815 699 2846 locum
719 2816 861 2845 senecae
881 2815 970 2846 initio
990 2817 1084 2849 huius
1104 2825 1173 2856 cap.
1193 2821 1337 2852 allatum.

155 2864 198 2901 fs]
220 2864 275 2894 Od.
296 2865 321 2894 1.
341 2864 378 2903 5,
399 2864 420 2895 6
439 2871 506 2901 sqq.

1550 1096 1612 1127 402
