1726 3106
150 101 207 143 40
717 103 843 145 VAR.
874 104 1027 146 LECT.

153 225 260 251 neum
291 214 372 252 est!
425 212 500 251 His
534 212 642 252 lectis
673 220 710 252 et
739 214 996 266 interpretatis
1009 215 1055 269 *)
1093 217 1245 256 miratus
1274 217 1335 256 ille
1366 229 1470 256 suum
1506 226 1595 268 quo-

154 280 225 318 que
254 267 386 306 librum
423 269 549 306 offerri
577 269 706 307 voluit.
767 269 844 309 Sed
876 271 914 309 in
946 285 991 309 eo
1021 272 1072 309 ita
1105 282 1210 311 erant
1240 275 1360 311 omnia
1399 272 1492 310 haec
1519 286 1593 312 non

155 322 307 374 illepide
347 323 454 361 modo
493 330 533 362 et
568 323 782 372 incondite,
824 339 952 364 verum
979 327 1088 364 etiam
1122 328 1307 374 absurde,
1345 335 1383 367 ct
1414 328 1594 379 procula

156 391 245 416 vcro
275 379 416 429 posita,
460 385 500 415 ut
529 380 743 418 meminisse
777 381 917 431 pigeat.
976 381 1189 433 Indignatus
1228 385 1364 434 igitur,
1406 390 1444 420 ct
1481 383 1594 422 multa

155 434 250 471 mala
283 441 452 484 precatus
477 434 556 470 istis
576 435 754 473 librorum
784 437 1074 483 contortoribus,
1103 439 1152 476 ita
1175 446 1247 476 tum
1271 438 1444 476 discessit
1472 451 1493 476 a
1517 450 1592 484 me,

155 495 195 525 ut
221 488 281 538 qui
311 501 377 534 se,
413 489 485 526 etsi
515 496 600 527 natu
632 491 702 528 iam
732 491 933 542 grandior,
976 493 1092 539 primo
1123 506 1265 545 quoque
1295 502 1460 544 tempore
1482 493 1594 530 alicui

156 541 325 581 Graecae
364 544 511 594 linguae
549 546 726 595 magistro
771 560 921 597 operam
961 546 1127 585 daturum
1164 561 1249 587 csse
1284 550 1438 587 iuraret.
1505 547 1593 586 Non

154 605 214 635 est
260 605 382 636 autem
421 600 733 650 praetereundum
782 603 954 649 silentio,
1005 604 1187 652 suspicari
1226 617 1310 650 me,
1363 601 1458 655 quod
1498 602 1596 652 apud

153 651 395 692 Plutarchum
425 655 582 704 legitur,
618 653 748 707 τύχαις
777 653 974 709 ὁμιλῆσαι,
1015 658 1088 708 legi
1120 657 1258 697 debere
1294 655 1491 710 ὁμειλῆσαι
1504 656 1593 708 ἢ).

151 706 251 746 I‘uto
288 709 386 746 enim
417 706 546 759 τύχαις
577 707 777 762 ὁμειλῆσαι
816 726 926 759 esse,
968 719 1135 750 naturam
1166 726 1268 752 suam
1298 725 1450 751 versare
1481 721 1519 752 et
1546 711 1594 752 ad

155 762 326 802 fortunae
355 765 577 804 mutationes
606 767 814 806 inflectere.
874 766 952 807 Sed
982 766 1028 806 dc
1059 768 1130 807 hoc
1159 769 1222 807 alii
1251 768 1481 809 iudicabunt.

661 929 952 970 CAPUT
1007 931 1088 970 XI.

239 1020 461 1058 Aristoteles
490 1022 595 1059 locas
624 1022 752 1060 allatis
787 1023 1014 1073 Theognidis
1040 1022 1231 1071 versibus,
1262 1024 1332 1074 qm‘
1356 1023 1512 1062 eandem

511 1079 732 1115 sententiam
762 1080 971 1125 contineat,
1006 1080 1233 1117 illustratas.

100 1228 104 1233 ,
152 1165 449 1225 ARISTOTELES
488 1189 607 1239 primo
645 1189 961 1236 Rhetoricorum,
1000 1203 1080 1228 cum
1116 1197 1352 1228 enumeraret
1387 1202 1456 1236 ea,
1501 1202 1595 1241 quae

153 1242 312 1279 animum
345 1243 471 1280 facere
501 1245 613 1281 alicui
649 1252 805 1294 possent
844 1245 887 1281 ad
918 1246 1087 1283 iniuriam
1120 1246 1226 1283 alteri
1256 1245 1513 1291 inserendam,
1556 1244 1595 1283 id

155 1309 299 1347 quoque
328 1297 596 1349 posuit***)‚
638 1299 734 1350 quod
775 1299 939 1351 quotidie
975 1301 1212 1350 experimur:
1255 1302 1477 1347 amicitiam,
1520 1314 1594 1338 non

153 1352 253 1389 illam
279 1352 424 1402 quidem
453 1367 578 1391 veram
610 1363 644 1392 ct
674 1356 894 1405 perfectam,
926 1355 990 1393 sed
1025 1363 1062 1393 ut
1092 1356 1203 1406 vulgo
1230 1357 1417 1394 amicitiae
1447 1356 1596 1394 nomine

153 1408 313 1452 utimur,
362 1421 445 1446 cum
493 1410 693 1459 quamlibet
732 1410 1021 1449 familiaritatem
1068 1424 1111 1449 ac
1150 1411 1455 1449 consuetudinem
1497 1412 1594 1448 vitae

153 1463 353 1500 amicitiam
383 1477 580 1501 vocamus:
620 1478 698 1503 eam
732 1466 847 1515 igitur
875 1466 1047 1513 efficere,
1083 1473 1123 1504 ut
1153 1467 1320 1504 homines
1360 1467 1518 1517 improbi
1547 1465 1596 1503 ad

152 1517 414 1568 imponendam
452 1520 623 1557 iniuriam
670 1521 742 1557 sint
781 1520 1038 1559 audentiores.
1106 1521 1270 1559 Facilius
1318 1523 1415 1559 enim
1458 1534 1498 1559 se
1542 1520 1596 1570 id,

154 1572 249 1622 quod
278 1574 425 1620 volunt,
475 1575 674 1612 effecturos
713 1588 799 1613 esse
834 1575 1014 1622 credunt,
1062 1589 1143 1614 cum
1178 1577 1224 1614 ab
1262 1577 1422 1614 inimicis
1463 1589 1594 1615 omues

153 1627 225 1664 sibi
258 1636 439 1675 caveant,
480 1630 526 1667 ab
557 1631 686 1667 amicis
724 1642 833 1668 nemo
868 1631 939 1668 sibi
978 1631 1182 1669 cavendum
1223 1638 1340 1682 putet.
1398 1630 1441 1669 ld
1470 1639 1594 1670 autem

152 1689 239 1720 ante
266 1682 512 1722 Aristotelem
545 1686 841 1737 sapientissimus
872 1688 982 1737 poe'ta
1010 1685 1156 1725 dixerat
1182 1687 1391 1738 Theognis,
1423 1688 1528 1726 cuius
1555 1687 1595 1726 hi

153 1751 284 1776 versus
313 1738 490 1792 sunt†):

311 1812 483 1868 Ἐχθρὸν
508 1816 576 1869 μὲν
601 1815 763 1869 χαλεπὸν
790 1817 856 1858 καὶ
885 1818 1050 1871 δυςμενῆ
1081 1817 1326 1870 ἐξαπατῆσαι,

370 1870 521 1925 Κύρνε·
550 1874 665 1924 φίλου
692 1873 733 1914 δὲ
760 1874 859 1930 φίλῳ
892 1872 1027 1930 ῥᾴδιον
1054 1873 1256 1923 ἐξαπατᾶν.

153 1959 259 2008 Quos
289 1974 419 2000 versus
449 1964 500 2001 ita
528 1964 722 2002 ludibundi
750 1966 1024 2003 convertimus:

261 2040 414 2078 Fallere
447 2040 598 2091 dffce'le
626 2049 684 2080 est
711 2043 914 2081 2‘m’7m'e2mz.
973 2045 1032 2082 At
1064 2044 1206 2080 amiens
1233 2043 1391 2081 amicum

313 2096 465 2134 Fallere
491 2109 565 2135 non
594 2110 754 2148 magno,
789 2099 936 2147 Cyme,
969 2097 1097 2136 labore
1120 2105 1262 2148 polest.

150 2181 228 2221 Sed
258 2190 296 2221 et
322 2183 459 2223 Cicero
497 2186 591 2224 libro
621 2188 739 2238 primo
769 2188 1021 2226 accusationis
1052 2189 1101 2226 ait
1117 2186 1222 2241 ††),
1260 2189 1386 2226 nullas
1415 2202 1494 2227 esse
1530 2203 1591 2228 oe-

150 2241 330 2278 cultiores
364 2242 543 2288 msz'dz'as,
584 2256 692 2293 quam
722 2256 811 2289 eas,
853 2257 950 2294 quae
979 2245 1100 2283 latent
1125 2246 1162 2282 in
1192 2245 1429 2282 simulatione
1458 2244 1587 2295 officii,

149 2301 218 2332 ant
248 2296 285 2333 2’72
315 2297 440 2347 ale'qao
468 2299 755 2336 necessitudimls·
779 2300 940 2337 nomine.

223 2453 266 2488 ἐξ)
287 2455 430 2483 Muretus
450 2462 547 2490 saepe
568 2455 685 2484 talibus
705 2455 881 2491 participiis
901 2456 933 2485 vi
953 2457 1086 2493 passiva
1106 2456 1224 2491 utitur,
1245 2458 1279 2486 ut
1298 2455 1352 2485 lib.
1372 2457 1424 2486 IV.
1446 2464 1514 2492 can.
1537 2459 1587 2488 18.

146 2489 341 2556 sshgtgsscript.
361 2492 415 2521 lib.
437 2493 474 2522 V.
496 2501 564 2528 cap.
583 2495 613 2523 3.
636 2495 684 2523 12.
717 2495 783 2523 vu.
808 2495 855 2524 19.
876 2495 926 2524 24.
967 2496 1050 2525 VIII.
1069 2497 1098 2524 5.
1123 2497 1169 2525 10.
1193 2497 1242 2524 11.
1278 2496 1331 2524 IX.
1352 2494 1401 2524 20.
1437 2496 1535 2525 XVII.
1556 2497 1586 2526 2.

220 2576 413 2611 ³1÷÷t÷Jinfelix
429 2577 618 2608 coniectura.
640 2579 721 2608 Vide
734 2580 774 2607 Is.
785 2580 1007 2609 casaubonum
1022 2580 1061 2609 ad
1073 2580 1421 2614 Theophrast.char.2.
1431 2587 1501 2616 pag.
1514 2581 1585 2611 112.

145 2619 235 2656 [pag.
256 2622 306 2650 27.
321 2623 369 2650 ed.
382 2622 517 2659 Fisch.].
538 2625 621 2654 D.R.
633 2639 670 2645 —
690 2625 789 2658 Quum
806 2614 995 2662 ὁμειλῆσαι
1012 2632 1051 2653 ne
1068 2627 1198 2654 verbum
1220 2626 1345 2661 quidem
1363 2626 1415 2666 sit,
1427 2629 1586 2658 muretum

147 2664 180 2694 in
199 2667 305 2695 mente
324 2666 477 2696 habuisse
497 2668 634 2698 arbitror
653 2669 862 2706 compositum
881 2669 1011 2707 aliquod
1030 2671 1120 2702 verbi
1139 2665 1293 2708 εἰλῆσαι.

220 2714 314 2749 *xz-*J
335 2721 403 2749 cap.
425 2717 476 2745 12.

220 2761 266 2800 ἦ)
285 2769 317 2791 v.
340 2763 418 2792 1171
440 2771 489 2800 sq.

220 2808 293 2849 5⁰¹5)
314 2809 345 2840 in
365 2811 457 2842 verr.
476 2812 549 2843 Act.
570 2814 609 2843 ΙΙ.
632 2813 685 2844 lib.
707 2815 730 2845 Ι.
750 2821 818 2852 cap.
842 2815 890 2847 15.
911 2815 943 2853 S.
964 2815 1015 2847 39.
