1778 3096
128 1482 192 1513 449

224 111 309 156 426
789 114 912 154 VAR.
946 113 1101 153 LECT.

225 225 327 263 tinus
355 225 558 275 interpres,
583 224 643 274 qui
672 225 720 261 ita
748 224 881 262 vertit:
914 225 1025 263 Sicut
1047 225 1141 262 enim
1165 227 1383 265 Geometrae
1412 239 1486 264 non
1511 227 1668 276 amplius

225 282 328 319 ratio
366 287 422 318 ese
460 281 511 317 αιί
538 281 788 317 destruentem
820 281 1036 330 principia,
1080 280 1147 317 sed
1177 288 1245 319 aut
1281 283 1441 320 alterius
1468 283 1664 326 scienciae,

225 343 293 374 aul
320 336 490 373 omnbus
520 336 745 381 communis,
777 337 832 371 fwc
859 347 977 385 neque
1007 335 1125 373 alicae
1150 335 1195 373 (le
1217 338 1432 388 principum
1491 337 1544 374 At
1569 336 1663 387 apud

224 391 408 430 Galerium
438 390 531 428 tibio
562 390 677 439 primo
711 389 755 427 de
785 389 993 427 Elementis
988 388 1075 457 ³¹⁴⁶)
1088 390 1158 427 hoc
1189 390 1317 431 modo:
1360 390 1483 443 ὥςπερ
1512 388 1589 460 γὰρ
1613 395 1667 446 τῷ

222 445 410 513 γεωμέτρη
440 442 568 484 οὐκέτι
593 441 704 510 λόγος
733 444 810 484 ἐστὶ
836 442 933 497 πρὸς
961 441 1027 484 τὸν
1055 442 1288 497 ἇναιοοῦντα
1314 444 1382 493 τὰς
1411 444 1538 500 ἀρχὰς,
1570 432 1666 486 ἀλλὰ

221 499 307 552 vitot
341 499 468 552 ἓτέοας
496 498 721 552 ἐπιστήμης,
761 517 786 552 η
814 505 926 556 κοινῇ
953 504 1105 548 πασῶν,
1144 499 1265 548 οὕτως
1293 499 1382 542 οὐδὲ
1416 507 1467 558 τῷ
1499 506 1664 556 φυσικῷ.

221 556 293 594 Est
322 564 443 594 autem
475 570 546 594 non
577 557 658 594 leve
689 557 889 594 disciimen
921 558 1018 594 inter
1048 557 1140 594 haec
1170 556 1264 602 duo,
1306 561 1439 598 πασῶν
1466 562 1601 610 κοινῆς
1627 565 1666 596 et.

221 614 334 667 κοινῇ
366 615 511 651 πασῶν.
569 612 638 649 ΙΙΙο
676 613 772 649 enim
813 613 869 662 sig
856 613 1044 649 nificatur
1081 625 1144 649 ars
1181 613 1323 663 aliqua,
1366 626 1459 664 quae
1489 613 1537 652 ad
1573 615 1664 652 alias

221 681 352 705 omnes
384 675 576 718 permanet.
607 681 649 705 ac
675 668 875 718 pertineat.
920 667 973 704 At
1002 667 1166 705 Galenus
1196 667 1241 704 ad
1265 668 1362 706 illam
1393 668 1539 719 quidem
1567 683 1667 708 com-

220 735 369 761 munem
400 730 519 760 artem
561 724 680 760 refert
709 722 745 759 id
783 722 878 772 quod
908 724 1133 768 antecessit,
1172 721 1299 775 ἒτέρας
1326 721 1550 777 ἐπιστήμης.ι
1595 725 1665 762 hoc

220 785 344 816 autem
374 782 487 833 κοινῇ
511 781 645 817 πασῶν
674 779 723 815 ita
742 779 900 828 accipit:
935 791 1064 815 omnes
1090 778 1272 824 homines,
1300 780 1550 830 cuiuscunque
1574 781 1666 817 artis

220 835 415 871 scientiam
449 835 707 885 profiteantur,
730 834 836 883 quasi
867 834 1124 871 coniuratione
1151 834 1248 872 faeta
1276 847 1502 873 concurrere
1525 834 1665 873 debere

220 888 267 926 ad
295 888 579 940 oppugnandum
611 902 717 935 eum,
758 890 818 939 qui
851 890 1031 940 ptincipia
1061 890 1216 935 evenit,
1251 897 1288 927 ut
1316 891 1376 940 qui
1407 891 1524 941 ipsam
1554 891 1666 928 vitam

220 951 395 982 evertere
422 945 604 982 videatur.
665 944 781 1012 ld’que
818 952 947 995 aperte
979 952 1124 982 constat
1160 958 1208 982 ex
1237 945 1362 984 verbis
1393 946 1532 996 ipsius,
1571 958 1665 997 quae

220 1000 440 1037 subiiciam.
482 1004 562 1047 τοῖς
587 996 659 1053 γὰρ
697 996 899 1051 ἀναιοοῦσι
935 996 982 1039 τὰ
1015 998 1182 1053 ἐναργῶς
1218 997 1454 1052 φαινόμενα,
1491 997 1518 1052 ἢ
1553 1003 1666 1067 κοινῇ

218 1051 366 1102 πάντας
395 1052 632 1107 ἀνθρώπους
643 1054 879 1123 μέμφεσθαι
906 1058 1096 1107 προςῆκεν
1110 1054 1206 1107 ΜΕ),
1238 1072 1291 1104 ως
1319 1054 1571 1121 ἀνατρέπουσι
1598 1052 1666 1095 τὸν

217 1111 328 1162 βίον,
357 1107 384 1162 ἢ
412 1110 544 1162 τέχνην
573 1108 658 1151 τινὰ
685 1108 782 1162 ὑπὲρ
811 1115 887 1150 τῶν
916 1108 1043 1163 ἀρχῶν
1065 1108 1344 1164 ἀγωνιζομένην
1373 1108 1666 1164 προστήσασθαι

218 1163 324 1233 παρὰ
362 1182 430 1213 τας
466 1163 564 1206 κατὰ
597 1165 710 1218 μέρος
741 1179 903 1214 απασας.
961 1167 1021 1204 De
1060 1168 1116 1205 his
1146 1169 1388 1206 varietatibus
1428 1168 1479 1204 ita
1508 1179 1663 1214 censeo,

217 1219 451 1274 ἆναιοοῢντα
481 1223 613 1260 melius
655 1223 728 1272 legi
769 1236 875 1273 quam
912 1218 1113 1270 ανελόντα,
1151 1223 1229 1261 sive
1263 1226 1398 1263 πασῶν
1424 1237 1557 1274 κοινης
1586 1223 1666 1260 sive

217 1280 331 1332 κοινῆ
358 1281 494 1316 πασῶν
522 1278 605 1328 quis
642 1278 764 1327 legat,
803 1290 956 1327 magnos
985 1277 1194 1315 habiturum
1232 1279 1441 1317 sententiae
1472 1291 1561 1316 suae
1600 1276 1665 1315 ad-

218 1334 484 1382 stipulam-:es
526 1333 675 1370 omnino
705 1339 827 1370 autem
867 1333 998 1371 melius
1028 1333 1103 1383 legi
1141 1331 1231 1373 οὐδὲ
1261 1338 1313 1391 τῷ
1343 1336 1518 1389 φυσικῷ,
1557 1346 1664 1386 quam

218 1385 311 1427 οὐδέ
338 1403 391 1427 τω
422 1386 510 1441 περὶ
537 1385 675 1441 ἀρχῶν.

725 1476 756 1515 C
785 1475 823 1514 A
849 1476 882 1514 P
909 1477 945 1514 U
974 1477 1008 1514 T
1077 1477 1154 1517 VI.

258 1547 315 1584 De
348 1545 543 1583 Ciceronis
570 1558 591 1582 e
621 1544 830 1595 Philippica
858 1543 1022 1581 secunda
1051 1544 1133 1582 loco
1161 1544 1366 1595 dz'legenter
1393 1545 1615 1596 quaesitum.

215 1613 349 1671 APUD
386 1631 613 1671 Ciceronem
657 1631 754 1669 libro
802 1631 966 1670 secundo
1001 1632 1296 1683 Philippicarum
1313 1629 1415 1687 9ΜΨ)
1462 1633 1566 1671 locus
1607 1638 1667 1670 est

216 1696 379 1727 tentatus
417 1702 439 1726 a
468 1688 591 1725 multis
628 1686 783 1725 eruditis
824 1695 861 1726 et
900 1689 1107 1739 ingeniosis
1145 1688 1378 1735 hominibus,
1419 1688 1486 1727 sed
1515 1702 1538 1726 a
1565 1688 1666 1726 nullo

215 1751 340 1782 tamen
371 1756 487 1794 usque
517 1743 635 1781 adhue
651 1741 702 1795 †)
734 1743 939 1794 integritati
971 1757 1060 1782 suae
1090 1744 1296 1782 restitutus.
1351 1744 1513 1795 Legitur
1541 1750 1665 1781 nutem

218 1800 256 1837 in
295 1800 457 1849 vulgatis
498 1799 603 1836 libris
645 1798 714 1835 boc
754 1799 885 1837 modo:
929 1801 1080 1838 Venisti
1115 1813 1135 1837 e
1169 1801 1294 1838 Gallia
1331 1801 1384 1838 ad
1415 1803 1665 1850 Quaesturam

211 1857 431 1907 petendum.
479 1856 591 1893 Ande
621 1855 763 1899 dicere,
789 1862 824 1893 te
848 1857 958 1906 prius
983 1857 1035 1893 acl
1059 1862 1209 1906 patrem
1239 1862 1340 1893 tuum
1372 1857 1527 1902 venisse,
1555 1867 1665 1905 quam

219 1912 271 1948 ad
302 1925 373 1949 me.
432 1909 558 1961 Atque
587 1922 658 1960 ego
691 1917 777 1947 ante
816 1911 882 1948 hos
913 1911 1046 1961 viginti
1078 1924 1195 1949 annos
1227 1923 1307 1948 cum
1338 1910 1513 1949 Lutetiae
1549 1910 1665 1948 libros

219 1967 302 2003 illos
328 1979 348 2003 a
373 1979 429 2003 me
462 1973 639 2016 purgatos
670 1964 767 2002 edidi
783 1964 891 2019 ††)‚
923 1974 1073 2004 secutus
1096 1980 1174 2004 sum
1207 1966 1392 2017 vulgatam
1417 1967 1662 2017 scripturam:

220 2022 386 2072 quamvis
426 2022 462 2058 in
493 2022 631 2071 optimo
668 2021 784 2066 libro,
824 2035 895 2071 quo
931 2035 1019 2060 usus
1054 2035 1175 2068 eram,
1220 2023 1396 2072 scriptum
1436 2022 1664 2073 reperissem

220 2079 271 2115 ad
295 2084 490 2127 parentem
521 2084 645 2114 tuum:
676 2076 772 2127 quod
802 2076 889 2114 illud
911 2086 1107 2128 parentem
1138 2090 1182 2115 eo
1205 2077 1351 2128 quidem
1379 2078 1478 2123 loco,
1502 2077 1665 2126 ingenue

220 2140 259 2170 ut
290 2134 441 2182 loquar,
473 2131 561 2168 mihi
591 2131 957 2185 subineptum†††)
988 2133 1201 2171 videretur:
1241 2145 1361 2182 neque
1393 2139 1516 2169 tamen
1545 2131 1665 2170 celavi

220 2187 382 2226 lectores
400 2186 472 2239 ἱῗὲ),
524 2185 608 2236 quid
650 2187 686 2223 in
727 2188 867 2237 optimo
911 2189 1004 2225 libro
1046 2190 1223 2239 scriptum
1262 2194 1423 2225 extaret.
1492 2186 1665 2224 Faernus

220 2244 282 2294 qui
312 2242 418 2293 paulo
449 2249 554 2293 post,
587 2242 667 2292 ipse
699 2255 843 2292 quoque
874 2242 1005 2281 eodem
1036 2243 1131 2280 libro
1163 2256 1266 2288 usuS‚
1297 2242 1446 2280 easdem
1474 2243 1665 2279 orationes

218 2299 281 2337 hie
310 2298 454 2336 Romae
486 2296 604 2336 edidit
618 2294 714 2350 **)‚
746 2305 913 2335 veterem
942 2300 1162 2350 scripturam
1194 2299 1264 2336 hoc
1294 2298 1440 2350 quidem
1468 2298 1551 2336 loco
1583 2310 1665 2335 cum

295 2385 340 2420 252)
362 2387 450 2414 Tom.
471 2387 494 2414 l.
516 2391 587 2419 pag.
608 2385 659 2414 51.
680 2384 734 2413 inf.
755 2384 836 2413 med.
858 2386 905 2414 ed.
927 2387 1027 2415 Basil.

295 2438 365 2473 *etz-J
387 2439 439 2466 An
459 2436 659 2465 scribendum
680 2431 874 2478 προςήκειὶἶ
912 2439 1024 2466 ΡΑΕςι.

295 2490 388 2523 {ax-22³)
410 2496 478 2522 can.
500 2489 550 2517 20.
571 2488 638 2517 init.
674 2490 813 2518 Orellius
833 2490 873 2517 ad
891 2491 1049 2524 parentem
1068 2490 1162 2527 tuum,
1185 2491 1218 2518 ut
1238 2488 1334 2519 etiam
1353 2489 1391 2518 P.
1410 2485 1569 2517 Victorius
1588 2485 1664 2514 Var.

219 2528 319 2557 Lectt.
340 2527 394 2556 lin.
416 2528 556 2555 xxxm.
578 2533 647 2561 cap.
670 2528 717 2555 17.
757 2530 869 2556 Fami.

296 2574 342 2612 ·3-)
365 2574 434 2604 Vid.
458 2577 637 2603 Frotscher.
665 2577 704 2604 ad
725 2577 796 2605 Vol.
817 2577 841 2605 1.
861 2582 933 2612 pag.
954 2576 1025 2604 221.
1064 2575 1170 2604 Minus
1196 2575 1350 2605 usitatum
1376 2581 1471 2609 usque
1489 2573 1566 2608 lmc,
1598 2570 1662 2600 vid.

220 2614 356 2642 eundem
376 2613 416 2641 ad
436 2613 508 2641 Vol.
529 2615 563 2641 ΙΙ.
586 2621 657 2648 pag.
678 2614 730 2642 80.

297 2660 370 2699 ††]
392 2661 513 2689 Prodiit
528 2660 586 2690 ilia
602 2662 697 2690 editio
714 2670 742 2691 a.
760 2663 849 2691 1572.
879 2661 925 2691 Cf.
942 2663 978 2691 P.
988 2661 1104 2690 Lazeri
1120 2661 1221 2692 Diatr.
1238 2661 1316 2696 opp.
1334 2661 1423 2689 Tom.
1440 2659 1492 2689 lv.
1510 2657 1662 2693 pag.5{3.

221 2699 314 2736 (Vol.
336 2702 359 2728 1.
381 2705 452 2733 pag.
475 2699 523 2727 17.
544 2699 638 2728 huius
660 2701 764 2736 edit.).
804 2703 917 2729 FAESI.

296 2745 398 2785 †††}
419 2747 611 2777 Vocabulum
631 2755 651 2777 a
671 2751 795 2778 Muteto
816 2749 929 2777 fictum.

296 2795 340 2831 *J
362 2796 481 2825 Comm.
502 2795 533 2823 in
554 2795 617 2825 Cic.
639 2796 774 2831 Philipp.
797 2798 876 2834 Opp.
898 2798 984 2827 Tom.
1008 2798 1045 2826 n.
1066 2803 1138 2833 pag.
1158 2796 1230 2826 988.

298 2843 367 2880 *³30
388 2843 509 2874 prodiit
528 2844 625 2874 editio
644 2852 674 2874 a.
698 2846 788 2876 1563.
