1778 3096
313 568 397 626 Μ.
447 566 824 626 ΑΝΤΟΝΙΙ
870 568 1234 626 MURETl

51 711 709 813 VARIARUM
776 713 1495 790 LEGTIONUM

415 863 782 908 LIBER
881 865 1123 910 XVIII.

573 1078 862 1119 CAPUT
927 1082 961 1120 Ι,

96 1159 153 1197 De
180 1156 371 1197 vocalibus
398 1158 597 1207 eleganter
627 1158 858 1208 disputatum
888 1173 938 1197 ex
966 1160 1123 1198 Platone
1150 1166 1190 1198 et
1215 1161 1445 1207 Plutarcho,-

281 1213 327 1249 de
357 1213 393 1250 E
420 1220 459 1251 et
488 1215 531 1251 0.
589 1214 814 1252 Athenaeus
843 1215 910 1253 lib.
942 1217 993 1254 Χ.
1026 1216 1254 1265 castigatus.

47 1291 100 1347 A
129 1323 183 1348 RE
215 1311 319 1349 tenui
348 1311 456 1349 huius
486 1310 572 1348 libri
603 1311 826 1362 principium
861 1311 1017 1358 ducam,
1058 1311 1123 1349 sed
1151 1325 1245 1363 quae
1277 1313 1426 1363 cognita
1457 1319 1496 1351 et

47 1366 250 1416 voluptatis
276 1373 314 1403 et
340 1366 508 1403 utilitatis
537 1365 676 1417 aliquid
702 1366 873 1404 habitura
903 1374 975 1404 est.
1024 1366 1139 1404 Aliud
1169 1381 1255 1406 esse
1286 1369 1495 1407 litterarum

48 1423 216 1469 nomina,
239 1421 341 1460 aliud
363 1422 542 1472 cuiusque
572 1421 720 1460 litterae
744 1423 815 1460 vim
846 1435 889 1460 ac
912 1429 1149 1473 potestatem,
1173 1436 1317 1469 omnes,
1345 1424 1494 1474 opinor,

49 1478 184 1515 sciunt.
243 1476 295 1514 Et
330 1489 459 1514 omnes
493 1475 641 1527 quidem
679 1484 929 1515 consonantes
963 1479 1109 1514 nomina
1142 1478 1303 1515 habeant
1336 1491 1495 1517 necesse

48 1539 120 1570 est.
180 1531 249 1569 Vis
290 1533 387 1570 enim
428 1538 466 1568 et
502 1538 668 1582 potestas
703 1533 889 1582 ipsarum,
931 1533 1002 1569 nisi
1035 1532 1157 1583 aliqua
1196 1534 1315 1571 vocali
1353 1533 1492 1580 addita,

48 1600 169 1637 neque
198 1587 305 1637 plane
336 1587 493 1637 exprimi
530 1599 650 1636 neque
680 1587 821 1638 percipi
851 1594 990 1637 potest.
1051 1587 1177 1638 ltaque
1209 1588 1304 1639 apud
1334 1588 1494 1626 Latinos

48 1655 175 1680 earum
206 1642 357 1679 nomina
386 1648 471 1679 sunt
500 1640 571 1687 Be,
605 1640 677 1687 Ce,
709 1640 785 1687 De,
820 1640 878 1680 Ef
901 1649 939 1680 et
968 1642 1115 1680 similia.
1176 1643 1369 1681 Vocalium
1398 1643 1495 1694 apud

47 1697 205 1736 Latinos
237 1696 385 1747 quidem
418 1697 566 1734 nomina
605 1697 706 1734 nulla
737 1704 846 1743 sunt,
891 1696 959 1736 sed
990 1711 1091 1735 mera
1120 1710 1164 1735 ac
1206 1698 1302 1737 nuda
1332 1700 1494 1750 ipsarum

47 1759 216 1805 potestas
248 1753 302 1789 eis
331 1765 398 1803 pro
429 1753 577 1789 nomine
607 1758 678 1790 est.
732 1751 889 1792 Merito.
950 1752 1116 1790 Possunt
1143 1755 1240 1791 enim
1270 1767 1337 1806 per
1366 1767 1407 1792 se
1437 1762 1492 1801 et,

48 1815 90 1846 ut
116 1808 166 1845 ita
195 1807 332 1854 dicam,
364 1804 498 1859 ἄζυγες
527 1807 780 1857 pronunciari.
836 1808 975 1845 Graeci
1005 1815 1126 1846 tamen
1159 1810 1271 1847 etiam
1303 1810 1493 1848 vocalibus

48 1861 266 1915 quibusdam
312 1864 460 1900 nomina
508 1861 746 1908 indiderunt,
799 1862 882 1901 aliis
922 1863 1122 1910 breviora,
1169 1865 1253 1902 aliis
1294 1865 1487 1915 longiora:

48 1918 190 1956 duabus
228 1924 366 1956 tantum
403 1918 477 1954 vim
521 1930 565 1955 ac
605 1924 827 1967 potestatem
867 1931 969 1956 suam
1005 1919 1165 1956 nominis
1198 1919 1281 1957 loco
1311 1933 1395 1957 esse
1428 1933 1494 1957 vo-

48 1974 211 2012 luerunt.
262 1972 358 2011 Nam
383 1974 513 2023 Alpha
543 1972 690 2023 quidem
721 1980 759 2010 et
778 1975 863 2012 Iota
891 1981 929 2011 et
953 1976 1028 2012 Εία
1059 1975 1255 2012 manifesto
1285 1975 1491 2013 litterarum

48 2029 198 2067 nomina
228 2035 326 2066 sunt.
386 2027 495 2065 Duae
525 2041 670 2079 quoque
702 2029 848 2066 vocales
878 2036 1009 2066 natura
1041 2029 1200 2075 breves,
1241 2043 1322 2068 cum
1353 2043 1422 2080 per
1449 2043 1492 2069 se

48 2084 157 2122 nimis
188 2084 304 2121 exiles
333 2082 567 2129 viderentur,
600 2091 638 2121 et
666 2084 868 2134 plusculum
898 2086 1078 2135 temporis
1107 2085 1143 2122 in
1176 2085 1231 2122 cis
1261 2085 1492 2136 appellandis

48 2137 258 2190 ponendum
288 2145 412 2184 esset,
452 2139 611 2176 sortitae
649 2138 799 2190 sunt*)
841 2153 913 2177 non
953 2141 1102 2178 nomina
1138 2139 1283 2191 quidem
1320 2142 1489 2191 proprie,

48 2193 114 2232 sed
145 2201 267 2232 tamen
297 2192 473 2245 quaedam
503 2195 606 2245 quasi
637 2195 802 2239 nomina,
832 2208 952 2245 neque
983 2207 1041 2241 ea,
1065 2195 1198 2246 quibus
1229 2194 1336 2233 hodie
1358 2195 1492 2233 Gram-

48 2249 172 2287 matici
205 2256 379 2295 utuntur,
412 2250 471 2301 qui
502 2248 659 2300 Epsilon
691 2257 729 2288 et
756 2250 934 2288 Omicron
964 2259 1118 2296 vocant,
1151 2249 1216 2288 sed
1247 2251 1332 2288 alia.
1392 2250 1491 2288 Nam

46 2303 81 2342 E
107 2303 254 2354 quidem
284 2304 347 2349 El,
380 2304 413 2341 O
445 2312 564 2342 autem
597 2304 672 2342 ΟΥ
701 2313 848 2343 veteres
879 2306 1130 2344 nominabant,
1182 2305 1255 2342 Sed
1287 2312 1325 2343 et
1352 2317 1372 2343 e
1403 2319 1492 2343 con-

49 2360 266 2397 sonantibus
297 2362 375 2397 San
392 2358 470 2411 Μ)
510 2360 715 2406 vocabant,
759 2374 853 2411 quae
890 2360 1000 2399 hodie
1029 2363 1164 2411 Se‘gma
1198 2359 1348 2399 dicitur.
1409 2361 1491 2400 Ve-

1519 574 1583 607 4⁴ss

48 2415 243 2451 tustissimi
275 2422 396 2451 autem
428 2427 548 2465 neque
577 2414 666 2461 Em,
703 2429 822 2466 neque
851 2429 931 2454 eam
962 2428 1055 2467 quae
1087 2414 1197 2454 hodie
1231 2418 1369 2466 Omega
1400 2415 1492 2454 dici·
1514 2424 1580 2454 442

48 2476 108 2506 tur
135 2470 169 2506 in
196 2483 260 2506 usu
293 2469 492 2514 habehant,
518 2469 582 2507 sed
609 2477 671 2507 aut
697 2472 787 2521 ipsis
813 2471 988 2509 brevibus
1017 2484 1142 2509 earum
1168 2471 1251 2508 loco
1275 2472 1488 2518 utebantur,

49 2531 111 2562 aut
140 2525 312 2562 brevibus
341 2525 540 2574 geminafis
569 2525 838 2575 longitudinem
870 2525 1102 2564 indicabant:
1144 2525 1241 2578 quod
1272 2534 1310 2564 et
1348 2528 1491 2577 figurae

49 2581 211 2631 ipsarum
249 2579 521 2617 demonstrant.
586 2580 684 2618 Nam
722 2581 754 2619 si
787 2580 860 2619 duo
897 2580 931 2619 E
970 2581 1140 2620 adversis
1179 2582 1364 2621 frontibus
1380 2582 1490 2633 Μ’)

122 2689 166 2723 ὲῑε)
187 2689 323 2723 Sor-tiri,
344 2697 400 2723 pro
420 2689 574 2725 nancisci,
598 2696 661 2717 non
681 2691 731 2718 est
751 2689 891 2719 melioris
910 2689 1037 2719 aetatis.
1077 2691 1115 2719 D.
1136 2691 1174 2720 R.

46 2774 83 2805 L·
122 2737 190 2809 ἧς.)
203 2736 259 2802 Βοῑ.
277 2738 481 2766 Athen.1oco
502 2736 584 2765 infra
603 2738 692 2766 laud.
706 2730 946 2768 nawesjmisc.
966 2739 1043 2769 crit.
1063 2745 1135 2774 pag.
1153 2739 1223 2770 132.
1241 2739 1333 2777 (pag.
1354 2740 1425 2771 105.
1443 2741 1492 2771 eu.

76 2783 132 2810 ips.
157 2796 164 2804 .
219 2777 314 2803 *AESL

123 2826 218 2862 Μεθ’)
246 2827 292 2857 Cf.
313 2828 395 2857 Plat.
416 2827 539 2862 Cratyl.
559 2834 632 2863 pag.
652 2827 724 2858 412.
745 2830 780 2857 Ε.
801 2829 847 2857 St.
887 2828 950 2857 Sed
971 2830 1163 2860 Graecorum
1178 2827 1220 2858 H
1233 2830 1336 2866 magis
1362 2837 1404 2860 ex
1424 2832 1492 2861 He—

47 2875 214 2904 braeorum
235 2877 267 2905 et
286 2875 480 2906 Phoenicum
499 2876 606 2906 littera
627 2875 656 2907 Π
679 2879 782 2907 ortum
803 2883 876 2906 esso
897 2876 1033 2907 videtur.
1073 2880 1186 2909 Fami.

1117 2922 1211 2964 27*
