1778 3096
262 126 345 170 444
826 128 954 168 VAR.
986 127 1140 167 LECT.

261 239 357 276 tatio
386 246 445 277 est
473 237 570 291 apud
599 238 890 289 Xenophontem
921 238 1016 276 libro
1051 240 1163 277 tertio
1192 238 1237 279 de
1267 242 1500 280 institutione
1529 242 1588 295 Cy
1592 242 1700 296 ἠΰ).

261 294 337 341 Qui
376 296 491 345 igitur
528 294 755 331 imminentis
795 294 879 331 mali
920 296 1237 344 exspectationem
1277 298 1426 335 fortiter
1462 298 1565 345 tulit,
1606 300 1637 336 is
1667 298 1705 338 id

261 363 406 400 quoque
437 351 576 412 ipsumo,
621 348 717 400 quod
747 350 944 396 metuitur,
985 350 1135 389 fortiter
1163 351 1301 390 laturus
1333 353 1492 392 videtur.
1553 353 1605 392 Et
1634 354 1703 392 hoc

260 412 480 456 argumento
511 405 625 442 utitur
654 404 767 443 Dido.

715 550 745 589 C
776 551 813 589 A
843 550 877 589 Ι)
904 551 940 590 U
969 551 1004 589 T
1066 551 1246 591 XVIII.

312 629 488 678 Hecyrae
522 630 691 667 Terentii
715 631 822 668 locus
851 630 1067 680 exponitur.
1127 631 1269 668 Benaci
1297 631 1427 668 letatur
1455 633 1642 682 eoepletur.

259 707 574 766 TERENTIANUS
604 728 775 774 Laches,
807 742 888 767 cum
919 730 1168 781 praesentiam
1199 730 1328 767 uxoris
1358 736 1396 768 ct
1426 743 1525 768 suam
1559 731 1633 769 lilio
1664 737 1702 769 et

258 784 368 821 nurui
397 783 563 822 odiosam
594 797 678 822 esse
710 784 870 822 credens
903 798 966 822 rus
997 798 1077 822 cum
1109 798 1154 823 ea
1185 786 1347 836 migrare
1377 787 1583 833 statuisset,

313 862 465 907 odiosa,
497 860 734 914 inquit**),
767 862 859 900 leaeo
887 870 946 901 est
968 869 1076 901 aetas
1106 864 1408 902 adolescentulis.

310 918 348 955 E
375 918 493 954 medio
525 931 683 968 aequum
716 925 773 955 est
801 919 1011 964 eoeeeclere3
1033 927 1224 969 postremo
1254 920 1327 956 iam
1356 931 1424 956 nos
1443 918 1609 971 fabulae

310 973 451 1010 Sumus
460 1001 473 1018 ,
505 974 720 1023 Pamphile,
750 986 865 1011 senex
894 981 1006 1025 atque
1035 987 1156 1012 anus.-

255 1048 319 1086 ubi
349 1062 440 1087 vere
474 1056 511 1087 et
539 1057 643 1088 reete
675 1049 846 1088 Donatus
878 1052 944 1096 ait,
977 1065 1061 1089 eum
1091 1051 1263 1089 allusisse
1277 1048 1379 1102 ΨΜ)
1411 1049 1456 1088 ad
1481 1051 1700 1101 principium

255 1105 479 1150 fabularum,
506 1119 598 1156 quae
629 1107 792 1157 puerulis
822 1108 966 1144 narrari
992 1107 1134 1144 solent:
1168 1120 1318 1158 quarum
1344 1107 1543 1158 pleraeque
1573 1107 1624 1143 ita
1646 1107 1702 1143 in·

256 1161 411 1210 cipiunt.
463 1159 723 1199 Animadverti
752 1168 874 1200 autem
905 1163 977 1200 tale
1007 1161 1178 1214 quiddam
1209 1170 1337 1200 extare
1367 1169 1404 1199 et
1433 1161 1528 1213 apud
1553 1162 1701 1198 Aristo-

256 1215 414 1266 phanem
432 1215 499 1268 †),
529 1219 605 1267 μῦν
633 1216 699 1256 καὶ
727 1220 842 1269 γαλῆ,
874 1217 935 1254 ubi
967 1220 1075 1255 etiam
1098 1218 1229 1255 Theon
1244 1217 1328 1270 ἦῆ)
1359 1224 1482 1263 notat,
1502 1217 1700 1280 ‘plerisque

254 1270 388 1308 fabulis
421 1285 565 1317 eanum,
597 1285 690 1322 quae
720 1273 817 1309 domi
849 1275 993 1310 narrari
1024 1274 1203 1318 soleient‚
1238 1273 1308 1311 hoc
1338 1286 1422 1310 esse
1454 1273 1697 1323 principium:

169 1333 232 1364 469
256 1325 386 1378 Γέρων
411 1325 477 1366 καὶ
507 1330 650 1380 γραῦς,
692 1334 731 1364 et
763 1328 833 1365 tale
863 1340 950 1365 esse
982 1327 1071 1366 illud
1101 1328 1270 1365 Platonis
1300 1329 1336 1366 in
1366 1327 1542 1365 Phaedro
1557 1326 1697 1380 †††)·

253 1383 346 1420 F'uzt
383 1384 466 1419 olem
505 1384 657 1432 quedam
682 1382 882 1434 formosus
915 1397 1027 1434 puer.
1087 1383 1221 1434 Neque
1260 1384 1307 1422 ab
1345 1384 1403 1421 his
1434 1382 1575 1421 abludit
1610 1381 1700 1420 illud

255 1449 302 1474 ex
329 1436 476 1475 Andria
489 1435 554 1489 ᾗ),

475 1516 632 1553 Atticus
661 1515 812 1565 quidam
839 1516 924 1553 olim
953 1517 1045 1553 navi
1056 1515 1210 1568 Ji'acta.

253 1591 385 1642 Itaque
415 1591 542 1638 Simo,
578 1593 639 1644 qui
669 1593 794 1630 omnia
822 1593 885 1630 illa
915 1593 1000 1631 ficta
1029 1606 1114 1631 esse
1143 1598 1373 1637 autumaret,
1405 1591 1610 1638 Fabulam,
1642 1592 1700 1629 in-

255 1649 358 1698 quit,
397 1650 578 1699 inceptat.
639 1647 716 1687 Sed
745 1655 802 1694 et,
844 1649 914 1686 nisi
945 1661 1004 1686 me
1032 1648 1138 1687 valde
1168 1649 1261 1686 fallit
1288 1648 1455 1694 animm,
1495 1646 1591 1698 apud
1619 1646 1700 1685 Do-

252 1711 378 1741 natum
406 1703 474 1741 hoc
499 1703 581 1741 loco
610 1716 655 1741 ea
684 1706 764 1755 ipsa
786 1703 934 1741 Graeca
963 1704 1077 1743 verba
1107 1705 1337 1755 legerentur,
1363 1703 1434 1740 nisi
1463 1703 1699 1740 librariorum

251 1758 404 1796 inscitia
424 1759 645 1797 obstitisset.
696 1759 806 1797 Nunc
830 1760 926 1797 enim
949 1760 999 1797 ita
1023 1760 1181 1810 legitur:
1205 1762 1306 1798 Haec
1327 1760 1401 1796 duo
1423 1759 1700 1796 nominavit—-

252 1821 369 1864 eaput
390 1815 536 1852 indicat
552 1822 590 1853 et
613 1816 854 1866 inceptionem
880 1816 1095 1853 huiusmodi
1107 1814 1334 1865 fabularum
1348 1812 1433 1865 ΜΕ).
1483 1813 1537 1851 At
1557 1814 1593 1851 in
1617 1814 1698 1864 qui-

250 1868 406 1907 busdam
437 1870 627 1908 veteribus
665 1871 735 1908 hoc
765 1869 898 1907 modo:
943 1873 1046 1909 Haec
1077 1872 1149 1909 duo
1177 1871 1328 1908 nomina
1355 1891 1408 1897 ——
1441 1880 1567 1907 CAPUS
1599 1869 1697 1907 inde·-

251 1932 343 1964 eant
368 1927 614 1976 zizeeplz‘onem
644 1927 862 1964 huiusmodi
875 1925 1118 1977 fabularum.
1173 1925 1257 1976 Ego
1288 1926 1323 1963 in
1355 1924 1416 1962 illa
1445 1925 1577 1962 lacuna
1607 1931 1695 1975 puto

248 1980 369 2018 fuisse
406 1986 570 2018 TEPszN
606 1988 701 2018 ΚΑΙ
733 1988 908 2019 ΓΡΑΥΣ,
969 1981 1062 2019 Cum
1099 1988 1222 2019 autem
1262 1980 1295 2018 P
1326 1980 1500 2018 Latinum
1537 1979 1695 2018 eandem

249 2035 404 2072 formam
441 2035 575 2073 habeat
612 2050 718 2086 quam
758 2037 988 2075 Graecorum
1026 2039 1119 2083 rlzo,
1167 2037 1198 2074 si
1240 2037 1320 2086 quis
1362 2034 1514 2073 duarum
1554 2042 1695 2073 tantum

247 2090 455 2128 litterarum
496 2091 663 2128 ordinem
701 2099 839 2139 mutet,
887 2106 935 2131 ex
968 2093 1030 2130 illo
1071 2103 1197 2130 CAPUS
1236 2092 1350 2129 faciet
1387 2097 1566 2129 ΓΡΛΥΣ.
1637 2090 1694 2128 lta

248 2147 374 2183 omnia
416 2147 614 2197 perspicua
658 2155 782 2186 erunt.
858 2147 912 2185 At
957 2149 1009 2185 illi
1051 2148 1221 2185 fecerunt
1264 2159 1311 2183 ex
1355 2156 1482 2184 GAPUS
1535 2146 1692 2197 primum

248 2212 401 2248 CAPUS,
434 2200 569 2240 deinde
600 2212 742 2240 CAPUT.
802 2201 883 2241 Nos
911 2216 1001 2242 vero
1027 2202 1087 2241 hic
1117 2201 1378 2241 concludamus
1409 2202 1480 2240 hoc
1510 2208 1634 2253 caput.

320 2335 365 2371 διε]
392 2342 461 2371 cap.
483 2336 510 2365 1.
531 2336 562 2373 S.
582 2337 624 2365 23
643 2336 685 2366 ad
704 2337 755 2366 25.

319 2384 389 2419 ;::--:::-)
416 2386 529 2421 Hecyr.
551 2387 602 2415 IV.
624 2387 654 2421 3,
679 2386 725 2414 13.
766 2385 822 2414 Ed.
842 2386 945 2415 Bentl.
966 2386 1094 2415 melius:
1124 2387 1154 2415 E
1172 2386 1271 2414 medio
1300 2390 1431 2420 aequum
1455 2383 1607 2413 excedere
1625 2383 1690 2420 est,-

241 2422 401 2458 postremo
421 2429 477 2451 nos
497 2424 557 2451 iam
575 2423 692 2458 fabula.
732 2424 860 2460 Sumus,
881 2425 1008 2458 Pamph.
1030 2428 1088 2453 etc.

319 2471 412 2506 -ῑῑῖ--ῑὶε-ῒσ)
430 2472 498 2501 Hac
511 2471 738 2505 significatione
755 2472 885 2500 verbum
901 2473 1040 2501 alludere
1055 2474 1154 2501 semel
1167 2471 1283 2505 legitur
1299 2472 1465 2506 ap.va1er.
1476 2473 1563 2499 Max.
1573 2469 1625 2497 lib.
1634 2469 1688 2498 111.

241 2514 312 2544 cap.
323 2509 351 2537 7.
362 2511 426 2538 ext.
439 2509 469 2538 4.
499 2510 628 2538 Mallem
644 2509 981 2544 scripsissetMuretus
996 2512 1184 2546 respeoeisse.
1204 2508 1515 2540 Vid.Krebs.Antib.
1533 2507 1687 2543 pag-103.

316 2558 363 2598 †J
384 2561 481 2596 vesp.
502 2568 534 2591 v,
556 2562 647 2590 1182.
675 2555 768 2591 οὕτω
795 2556 875 2592 ποτ’
900 2551 945 2602 ἦν
967 2560 1040 2605 μῦς
1064 2560 1125 2593 καὶ
1147 2559 1250 2605 γαλῆ-

316 2611 390 2651 ††J
411 2613 482 2642 vid.
503 2614 630 2642 Ruhnk.
650 2620 748 2648 supra
767 2614 808 2643 ad
828 2614 881 2643 lib.
901 2615 968 2644 XV.
989 2621 1057 2649 cap.
1077 2616 1107 2644 5.

239 2661 418 2738 xal}·††J
440 2672 513 2701 pag.
527 2666 598 2695 237.
616 2666 654 2695 Β.
670 2667 716 2695 st.
736 2655 781 2707 ἦν
798 2662 890 2697 οὕτω
911 2662 954 2706 δὴ
976 2666 1073 2706 παῖς,
1098 2664 1243 2709 μᾶλλον
1264 2662 1309 2697 δέ
1322 2663 1567 2709 μειρακίσκος,
1583 2656 1687 2705 μάλα

314 2718 358 2796 θ’ς)
378 2761 416 2790 V.
438 2761 467 2798 4,
491 2762 531 2791 20
551 2763 583 2791 et
603 2763 654 2791 22.
691 2762 738 2792 Cf.
759 2764 782 2792 1.
802 2763 852 2799 23,
874 2763 904 2793 6.
935 2763 985 2792 De
1004 2764 1103 2792 v·e1bo
1123 2763 1270 2792 abludere
1290 2763 1354 2792 vid.
1373 2763 1414 2791 ad
1434 2762 1489 2791 lib.
1506 2764 1529 2791 1.
1551 2767 1619 2796 cap.
1636 2760 1686 2790 15.

313 2809 363 2833 *ze
354 2808 382 2851 J
402 2810 429 2836 N
433 2817 491 2838 unc
503 2810 636 2845 legitur:
653 2812 738 2839 Haec
752 2813 812 2840 duo
827 2818 908 2840 eum
924 2812 1103 2847 nominavit,
1112 2813 1204 2848 eaput
1218 2812 1334 2841 indicat
1346 2812 1377 2840 et
1391 2811 1592 2846 inceptionem
1607 2812 1685 2845 cet-3

238 2845 274 2875 et
294 2844 341 2875 sic
361 2846 423 2875 iam
443 2848 516 2878 edit
538 2849 638 2878 Basil
662 2850 902 2880 1531.FA1981.
