1778 3096
150 248 213 278 282

155 2163 218 2194 283

240 127 323 173 270
800 127 930 168 VAR.
959 127 1113 168 LECT.

241 240 445 279 haberetur
465 238 628 289 oblongo
648 238 770 290 capite
795 250 904 276 esse:
937 237 983 275 ob
1009 237 1118 289 idque
1141 239 1308 277 nutrices
1333 249 1468 277 recens
1498 235 1683 276 editorum

240 297 433 335 infantium
476 294 616 332 tenella
654 295 776 344 capita
816 293 984 331 manibus
1022 293 1290 332 contrectando
1331 307 1374 332 ac
1406 291 1684 344 comprimendo

239 352 433 402 globosam
471 356 510 387 et
548 348 796 387 orbicularem
843 349 998 398 figuram
1036 356 1319 400 corrumperent
1359 362 1477 400 eaque
1516 348 1685 398 fastigia-

240 404 385 455 1·ent’*¹‘“)
415 417 459 442 ac
495 404 623 441 fasciis
658 405 769 442 etiam
806 403 985 441 adstricta
1015 404 1052 440 in
1094 416 1249 442 acumen
1280 416 1456 442 crescere
1486 409 1683 453 cogerent,

239 461 415 513 paulatim
455 458 616 496 studium
651 460 689 497 in
730 466 897 498 naturam
936 459 1122 504 vertisse,
1171 466 1212 497 ut
1248 472 1377 497 omues
1414 471 1459 497 ea
1499 459 1535 495 in
1572 464 1685 508 gente

240 515 412 565 oblongis
462 514 647 565 capitibus
694 521 942 553 nascerentur
1001 527 1049 552 ex
1105 525 1223 564 eoque
1272 513 1586 565 Macrocephalos
1609 511 1684 566 *ἢ

239 571 385 609 vocari.
445 569 548 608 Idem
589 577 627 610 et
663 569 801 617 hodie,
843 570 945 609 serio
985 582 1033 608 an
1073 569 1179 616 ioco,
1220 567 1267 608 de
1301 576 1415 621 gente
1455 567 1613 621 quadam
1646 568 1686 606 in

238 626 348 665 Italia
376 624 527 664 dicitur.

751 731 1042 772 CAPUT
1096 731 1178 772 IX.

322 814 379 852 De
409 812 491 851 loco
522 811 682 863 quodam
717 811 887 849 Terentii
910 824 960 848 eac
989 811 1173 849 Eunucho
1204 809 1402 863 confutata
1430 811 1613 850 Marcelli

765 867 925 916 Virgilii
955 867 1160 904 sententia.

238 924 394 981 Iocosn
415 941 562 995 quidem
588 940 724 980 dictum
746 948 804 980 est
823 955 843 980 a
864 941 1038 981 Chaerea
1056 942 1093 980 in
1113 940 1298 980 Eunucho
1315 941 1550 980 Terentiana
1563 937 1687 990 ίΜΨ),

239 1000 436 1039 Pessulum
464 1000 558 1036 ostio
587 998 708 1036 obde.-
739 997 939 1048 subestque
960 998 1111 1035 omnino
1134 998 1358 1035 obscoenior
1379 1009 1534 1034 sensus:
1567 1006 1688 1045 neque

238 1062 363 1093 tamen
388 1053 582 1091 adsentior
600 1053 785 1091 Marcello
804 1052 971 1104 Virgilio
985 1052 1062 1106 †),
1094 1053 1157 1104 qui
1181 1059 1283 1104 putat
1307 1052 1521 1103 respexisse
1543 1053 1688 1102 poetam

238 1109 287 1148 ad
317 1108 544 1147 medicorum
572 1105 750 1157 πεσσοὺς,
782 1109 842 1158 qui
872 1109 1067 1147 mulierum
1098 1108 1327 1146 naturalibus
1353 1106 1398 1145 ad
1429 1104 1688 1158 provocandos

240 1178 394 1203 menses
423 1164 556 1201 subiici
586 1164 719 1201 solent.
767 1162 935 1201 Primum
965 1165 1062 1202 enim
1092 1176 1140 1201 ex
1162 1176 1255 1202 voce
1286 1176 1359 1201 non
1383 1162 1531 1200 Graeca
1560 1159 1685 1206 modo,

240 1219 307 1258 sed
352 1227 390 1258 et
428 1218 656 1257 medicorum
703 1219 855 1270 propria
896 1219 1187 1270 quotusquisque
1229 1225 1425 1256 assecutus
1473 1223 1576 1255 esset
1615 1216 1688 1253 vim

239 1275 345 1313 ioci?
400 1273 551 1312 Deinde
589 1287 662 1311 non
694 1280 808 1324 puto,
849 1287 962 1312 voces
992 1273 1160 1312 Graecas
1189 1273 1387 1311 admittere
1421 1285 1501 1310 eam
1530 1272 1689 1309 sormam

239 1328 509 1374 imminuendi,
550 1342 644 1381 quae
673 1328 822 1365 Latinis
852 1330 987 1366 usitata
1018 1336 1098 1374 est,
1131 1341 1251 1380 neque
1281 1329 1313 1365 si
1344 1328 1484 1366 Graeci
1514 1327 1688 1377 exiguum

239 1381 383 1425 πεσσὸν
419 1383 549 1422 dicunt
581 1380 811 1436 πεσσάριον,
861 1384 977 1422 licere
1017 1384 1192 1421 continuo
1229 1383 1376 1421 Latinis
1409 1384 1601 1434 pessulum
1641 1393 1688 1419 eo

240 1454 358 1478 sensu
387 1438 539 1476 dicere:
580 1453 654 1477 non
688 1451 777 1476 sane
807 1440 926 1488 magis
958 1451 1065 1488 quam
1097 1441 1262 1489 logulum
1294 1435 1379 1477 ἀντὶ
1406 1437 1588 1490 λογαρίου
1623 1443 1689 1474 aut

240 1493 424 1534 eiusmodi
453 1494 538 1534 alia.
594 1495 791 1545 Ipsumque
820 1493 1041 1531 Marcellum
1072 1506 1253 1544 peccasse
1280 1493 1466 1538 arbitror,
1510 1493 1572 1542 qui
1600 1502 1688 1530 πεσ-

238 1547 356 1602 odom
379 1549 551 1600 pessulos
587 1551 713 1586 vertit.
774 1547 852 1586 Sed
886 1549 1066 1598 pessulus
1094 1555 1154 1586 est
1182 1545 1395 1594 πάσσαλος,
1435 1560 1507 1599 quo
1537 1547 1688 1584 nomine

240 1604 506 1656 significabant
544 1603 730 1643 interdum
771 1603 941 1642 iocantes
977 1601 1038 1650 id,
1079 1616 1151 1655 quo
1183 1616 1306 1642 mares
1336 1616 1478 1641 sumus.
1537 1601 1688 1640 Aristo·

239 1661 384 1713 phanes
404 1658 514 1713 ††>=

469 1727 563 1772 Ταῖς
589 1722 860 1778 πρεσβυτέραις
884 1723 1058 1778 γυναιξὶν
1087 1723 1180 1764 ἔστω
1207 1720 1275 1764 τὸν
1298 1721 1388 1763 νέον

450 1777 608 1820 ’Έλκειν
637 1777 768 1830 ἀνατὶ,
797 1779 1011 1832 λαβομένας
1037 1783 1106 1820 τοῦ
1137 1776 1339 1820 παττάλου.

243 1852 425 1906 Suspicor
453 1858 492 1891 et
520 1850 718 1889 Horatium
746 1852 785 1889 in
813 1852 876 1890 illo
905 1865 1016 1891 versu
1034 1849 1168 1904 †††),

763 1931 834 1956 nee
862 1919 973 1955 tauri
993 1919 1139 1955 ruentis

462 1974 506 2013 In
537 1974 719 2011 Venerem
750 1975 917 2012 tolerare
942 1973 1106 2024 pondus,

244 2053 329 2079 cum
358 2039 562 2090 allegoriae
593 2039 769 2084 serviret,
802 2051 848 2077 eo
879 2039 990 2077 etiam
1021 2037 1258 2088 respexisse,
1289 2033 1386 2086 quod
1414 2034 1514 2073 illam
1544 2040 1688 2085 partem

245 2096 386 2134 Graeci
425 2092 611 2132 interdum
641 2097 784 2146 ταῦρον
814 2101 969 2132 vocant:
1014 2093 1112 2131 unde
1145 2099 1182 2130 et
1217 2087 1462 2143 λασταύρους.
1519 2090 1620 2137 Quin
1650 2096 1690 2126 et

244 2150 472 2202 temporibus
509 2148 681 2194 Romuli,
724 2161 806 2186 eum
842 2149 1011 2186 consulta
1046 2149 1137 2185 Iuno
1178 2153 1364 2183 matronas
1401 2145 1613 2190 Romanas,
1654 2144 1688 2181 si

244 2205 431 2245 fecundae
460 2204 543 2242 fieri
573 2203 735 2248 vellent,
769 2216 790 2241 a
817 2216 931 2254 capro
965 2203 1051 2240 iniri
1081 2209 1255 2253 oportere
1285 2199 1500 2251 respondit,
1540 2199 1689 2238 Graece

244 2263 369 2314 potius
399 2272 507 2311 quam
525 2257 661 2297 Latine
688 2258 811 2296 locuta
840 2265 913 2304 est,
935 2271 1056 2309 neque
1083 2264 1155 2295 tam
1179 2269 1329 2307 caprum
1358 2255 1557 2300 intellexit,
1581 2267 1690 2305 quam

245 2318 348 2355 illum
377 2311 612 2367 κάπρον*),
650 2314 688 2351 in
719 2326 790 2364 quo
825 2314 1063 2366 praecipuum
1092 2318 1242 2366 putatur
1275 2323 1362 2349 esse
1391 2309 1597 2349 remedium
1625 2308 1691 2348 ad·-

243 2384 379 2412 versus
408 2370 604 2409 mulierum
630 2368 879 2408 sterilitatem.

321 2479 366 2515 *J
394 2478 525 2508 Rectius
551 2477 746 2514 fastiyarent.
785 2476 867 2507 Vide
895 2477 1133 2506 Drakenborch.
1159 2476 1200 2505 ad
1227 2475 1283 2505 Sil.
1309 2476 1345 2504 lt.
1370 2475 1409 2504 V.
1435 2474 1488 2504 50.
1531 2475 1570 2504 1).
1591 2475 1629 2504 B.
1651 2488 1690 2496 —

245 2518 317 2548 Vid.
340 2518 464 2546 Nolten.
485 2522 558 2551 pag.
577 2516 629 2545 62.
656 2518 688 2545 et
714 2521 795 2551 quos
819 2515 911 2545 affert
930 2517 1107 2546 Tzschuck.
1129 2515 1170 2545 ad
1189 2516 1265 2545 Mel.
1286 2516 1310 2544 1.
1331 2513 1360 2543 4.
1381 2514 1412 2543 2.
1439 2514 1505 2544 not.
1524 2512 1594 2543 crit.
1615 2519 1689 2548 pag.

243 2556 308 2588 180
327 2563 375 2590 sq.
412 2557 642 2584 FluEnEMANN.

321 2603 390 2640 aas)
412 2603 460 2633 Cf.
479 2602 562 2631 infra
580 2601 634 2630 lib.
653 2601 752 2631 XVII.
771 2607 842 2637 cap.
865 2601 914 2632 11.

321 2652 415 2688 aes-:1³3
435 2653 488 2680 111.
509 2651 539 2687 5,
561 2652 612 2680 55.

320 2701 368 2741 ἢ]
394 2702 430 2729 ln
450 2701 626 2730 comment.
647 2699 688 2728 ad
707 2698 855 2730 Dioscor.
873 2698 914 2730 de
933 2699 1009 2728 mat.
1030 2698 1111 2728 med.
1133 2699 1157 2727 1.
1179 2696 1245 2727 init.
1264 2701 1337 2733 pag.
1359 2693 1407 2726 10.
1434 2692 1483 2723 ed.
1505 2692 1572 2725 Col.
1594 2691 1685 2723 1529.

321 2748 396 2788 {vg-J
416 2749 539 2778 EccleS.
560 2755 592 2777 v.
614 2747 696 2777 1019
715 2754 763 2784 sq.

321 2795 423 2835 ἦ--ξ--ξὴ
445 2796 501 2825 Od.
521 2798 560 2825 11.
579 2796 617 2833 5,
638 2796 660 2825 3
678 2802 726 2832 sq.

322 2845 365 2880 a)
392 2844 463 2876 vid.
484 2844 600 2874 suidas
619 2844 652 2874 in
671 2851 703 2874 v.
