1778 3096
548 114 645 151 ΗΒ.
675 113 767 153 XV.
828 111 947 152 CAP.
974 112 1044 151 XI.
1431 108 1513 151 343

82 228 217 273 urbes,
255 225 479 276 Magnesia,
516 223 770 273 Lampsacus,
801 221 936 273 Myus,
967 221 1139 273 Percope
1169 228 1208 259 et
1234 220 1508 270 Palaescepsis,

80 283 117 320 in
154 293 310 333 panem,
352 280 496 325 vinum,
548 278 766 330 opsonium,
817 277 981 328 stragula
1019 284 1057 316 et
1091 276 1263 316 vestitum
1303 274 1511 313 adtributae

82 338 199 376 fuisse
228 335 411 373 dicuntur.

589 451 870 491 CAPUT
925 450 1006 489 XI.

147 532 324 571 Suetonii
347 532 385 570 z'n
422 531 540 570 Galba
571 544 688 575 unus,
720 536 758 566 et
784 530 882 566 alter
911 529 949 566 z‘n
981 529 1139 566 otthone
1163 528 1381 566 emendatus
1409 534 1447 565 ec

614 587 825 623 illustratas
854 585 971 621 locus.

79 670 248 727 MmAM
277 696 313 727 et
336 702 450 741 prope
478 688 663 727 sordidam
686 689 827 726 Galbae
847 688 1087 739 imperatoris
1112 687 1371 739 parsimoniam
1396 685 1513 722 fuisse

81 752 119 782 et
146 745 324 790 Tacitus,
365 752 403 782 et
441 744 667 790 Suetonius,
707 751 746 781 et
782 744 845 781 alii
884 743 1133 781 tradiderunt.
1192 742 1310 780 Cuius
1347 740 1515 790 exempla

80 800 194 838 multa
223 813 305 838 cum
336 800 528 837 retulisset
559 800 780 845 Suetonius,
815 797 1031 851 adiicit*):
1067 800 1193 848 Quare
1222 798 1403 835 adventus
1437 797 1515 833 eius

81 869 155 894 non
188 854 349 905 perinde
385 862 525 904 gratus
557 855 662 907 szcz‘t:
715 855 825 905 idque
855 855 1032 905 proximo
1068 853 1285 904 spectaculo
1321 851 1513 901 apparuit.

82 912 130 949 Si
155 911 300 961 quidem
329 911 520 948 Atellanis
554 911 782 948 notissimum
825 911 1012 947 canticum
1042 910 1215 954 exorsis,
1259 907 1373 944 Venit
1402 907 1437 942 io
1466 905 1518 941 sz'-

81 978 163 1003 mus
191 977 214 1002 a
244 966 354 1002 villa.-
386 967 515 1003 cuncti
539 967 652 1002 simul
676 971 911 1015 spectatores
933 966 1186 1002 consentiente
1214 975 1304 1000 voce
1332 962 1518 1011 reliquam

77 1027 226 1071 partem
258 1020 469 1058 retulerunt
495 1033 541 1057 ac
565 1021 713 1070 saepius
735 1033 844 1057 versu
873 1021 1032 1069 repetito
1060 1025 1234 1069 egerunt.
1287 1016 1396 1063 Quae
1421 1015 1520 1053 Tur-

83 1074 200 1112 nebus
240 1074 334 1112 libro
362 1075 511 1124 quincto
537 1074 850 1112 Adversariorum
867 1074 944 1126 Η)
983 1073 1263 1112 emendaturum
1298 1083 1339 1108 se
1379 1076 1419 1109 et
1454 1082 1520 1107 ex-

82 1130 300 1180 plicaturum
331 1130 522 1179 professus
554 1131 643 1167 nihil
676 1129 722 1167 do
747 1143 814 1167 suo
843 1128 981 1174 adfert,
1012 1130 1087 1166 nisi
1116 1130 1150 1166 2'0
1175 1139 1262 1165 esse
1287 1124 1520 1163 interiectio-

82 1197 168 1222 nem
205 1184 405 1221 exultantis
437 1185 607 1222 omnibus
644 1186 888 1223 notissimam.
947 1185 1077 1222 Miror
1101 1191 1250 1227 autem,
1293 1193 1360 1218 cur
1395 1186 1520 1217 tantus

81 1240 161 1285 vir,
193 1251 274 1277 cum
302 1252 431 1276 manus
462 1238 663 1289 depravato
694 1240 775 1277 loco
805 1239 1048 1284 admovisset,
1079 1238 1175 1275 nih-it
1203 1236 1416 1287 protulerit,
1447 1234 1521 1271 nisi

82 1293 179 1345 quod
210 1294 315 1345 pueri
342 1293 448 1344 paulo
468 1293 690 1343 grandiores
721 1295 759 1331 in
783 1294 911 1332 schola
941 1294 972 1330 si
996 1294 1229 1343 ignorarent,
1257 1289 1520 1328 caederentur.

83 1350 200 1387 Certe
241 1349 273 1386 si
311 1348 428 1385 nodus
465 1349 526 1386 ille
565 1355 637 1386 tam
678 1349 786 1387 facile
823 1349 916 1386 solvi
956 1355 1124 1399 poterat,
1166 1360 1239 1385 non
1277 1345 1341 1383 tati
1376 1343 1524 1383 vindice

84 1403 290 1454 indigebat.
351 1403 547 1450 Quomodo
586 1411 707 1441 autem
737 1404 892 1455 populus
925 1402 1095 1442 iterando
1124 1415 1204 1441 eam
1234 1414 1388 1446 vocem„
1429 1411 1522 1450 quae

85 1459 325 1498 exultantium
353 1459 502 1509 propria
531 1466 612 1505 est,
652 1459 846 1497 declarare
873 1459 1077 1511 potuisset,
1116 1470 1242 1509 parum
1275 1456 1345 1494 sibi
1377 1461 1523 1505 gratum

85 1526 172 1552 esse
201 1514 436 1564 imperatoris
473 1513 697 1552 adventum?
754 1513 831 1552 Sed
861 1527 929 1551 nos
964 1521 1173 1558 tentemus,
1217 1512 1249 1548 si
1275 1509 1362 1562 quid
1391 1509 1524 1547 melius

85 1581 295 1621 possumus.
357 1568 485 1607 Servis
514 1569 599 1606 olim
637 1577 675 1607 et
704 1569 847 1606 libertis
877 1568 1062 1607 interdum
1101 1568 1249 1605 nomina
1281 1579 1329 1604 ex
1360 1565 1525 1603 moribus

87 1626 250 1675 ipsorum
281 1624 418 1674 imponi
449 1623 640 1661 solebant:
675 1631 785 1675 atque
816 1623 853 1661 id
885 1625 1002 1674 magis
1032 1624 1142 1661 etiam
1171 1622 1282 1660 fiebat
1310 1622 1346 1658 in
1377 1632 1526 1658 comoe-

88 1679 174 1716 diis.
234 1678 330 1716 Puto
367 1679 481 1729 igitur
518 1680 556 1716 in
594 1686 722 1717 vetere
758 1678 930 1717 Atellana
970 1679 1028 1717 vel
1063 1691 1210 1716 servum
1250 1676 1310 1715 vel
1349 1676 1526 1713 libertum

87 1733 384 1785 dispensatorem
423 1735 563 1780 fuisse,
615 1735 696 1786 qui,
742 1733 839 1785 quod
874 1735 972 1784 frugi
1011 1740 1049 1771 et
1085 1745 1248 1785 parcuS,
1287 1738 1325 1769 et
1365 1731 1524 1768 dominis

87 1789 227 1827 utibilis
243 1788 354 1841 ἋῐῖἳῖΗἘ)
386 1790 507 1835 foret,
553 1802 599 1827 ex
629 1803 669 1827 re
702 1789 902 1826 Onesimus
941 1796 1154 1827 vocaretur.
1214 1787 1361 1825 Servile
1401 1793 1526 1823 autem

88 1843 178 1882 illud
218 1857 352 1882 nomen
396 1857 505 1890 esse,
554 1846 664 1882 etiam
702 1857 723 1882 e
760 1844 802 1881 S.
845 1844 951 1882 Pauli
996 1845 1165 1895 epistolis
1188 1842 1239 1895 ff)
1288 1848 1412 1880 notum
1449 1848 1523 1878 est.

88 1899 185 1938 Eum
218 1900 330 1949 igitur
358 1900 531 1937 conservi
561 1914 641 1937 cum
673 1901 709 1937 in
741 1899 915 1937 Atellana
943 1900 1068 1937 fabula
1102 1898 1276 1937 viderent
1306 1896 1526 1935 redeuntem

89 1968 110 1992 c
142 1954 229 1992 villa
259 1955 609 2004 intelligerentque,
656 1956 805 2006 parcius
836 1955 908 1993 sibi
948 1956 1018 1992 iam
1049 1953 1230 1993 edendum
1260 1965 1303 1990 ac
1327 1950 1526 1990 bibendum

91 2011 198 2055 fore,
236 2009 330 2060 quod
359 2023 423 2047 eos
453 2010 654 2047 Onesimus
685 2010 776 2048 dure
808 2017 1053 2062 contenteque
1083 2010 1275 2047 habiturus
1306 2014 1430 2053 esset,
1464 2019 1528 2044 ce-

90 2066 280 2111 einerant,
324 2067 437 2103 Venit
466 2068 655 2104 onesimus
685 2079 707 2104 a
738 2067 850 2104 villa.-
883 2073 921 2104 et
955 2065 1195 2110 addiderant,
1240 2064 1394 2114 opinor,
1436 2061 1524 2107 alia,

90 2133 184 2172 quae
213 2119 259 2158 ad
287 2121 546 2171 parsimoniam
582 2128 619 2158 et
655 2122 891 2159 severitatem
927 2122 1044 2171 ipsius
1074 2118 1330 2170 exagitandam
1364 2118 1529 2168 pertine-

90 2184 187 2214 rent.
255 2174 398 2213 Eadem
439 2176 552 2225 igitur
586 2176 648 2213 illa
687 2190 768 2214 cum
807 2178 844 2214 in
875 2176 1055 2222 Galbam,
1101 2177 1162 2227 qui
1200 2187 1319 2225 nuper
1354 2179 1526 2218 venerat,

92 2231 285 2282 praeclare
319 2232 520 2269 convenire
553 2231 792 2277 viderentur,
834 2233 990 2283 populus
1029 2233 1156 2269 iocans
1195 2229 1328 2268 crebro
1367 2229 1527 2265 iterasse

93 2286 242 2324 dicitur.
301 2285 418 2324 Plane
449 2293 571 2324 autem
601 2288 636 2324 in
663 2287 853 2325 veteribus
882 2288 987 2325 libris
1017 2287 1155 2337 legitur
1182 2286 1363 2323 Venitone
1390 2284 1525 2321 simus.-

95 2340 192 2392 quod
226 2342 353 2379 testati
383 2348 468 2379 sunt
504 2349 541 2380 et
569 2342 654 2380 alii:
697 2350 737 2381 ut
763 2344 914 2381 minimo
951 2343 1103 2395 negotio
1138 2339 1309 2380 mendum
1348 2339 1426 2377 tolli
1463 2351 1529 2390 po-

95 2474 196 2503 nisius
216 2474 249 2502 in
264 2474 417 2510 singulari
437 2475 530 2504 huius
546 2475 634 2505 vitae
648 2476 721 2506 edit.
739 2476 846 2512 (Lips.
864 2476 975 2522 [8323
995 2483 1067 2512 pag.
1085 2477 1146 2506 188
1161 2483 1209 2512 sq.
1248 2476 1396 2507 Ceterum
1415 2474 1529 2508 quarta

95 2519 220 2548 illarum
248 2520 371 2564 urbium
391 2527 411 2548 a
430 2522 600 2550 Plutarcho
622 2522 734 2552 dicitur
758 2518 941 2562 Περκωιη,
961 2523 1001 2552 ab
1022 2522 1095 2552 aliis
1115 2513 1312 2562 Περκώπη,
1333 2523 1368 2551 ut
1387 2520 1527 2554 xenopn.

95 2558 220 2588 Hellen.
241 2558 294 2586 lib.
315 2559 352 2586 v.
373 2566 442 2593 cap.
464 2562 491 2588 1.
513 2560 545 2595 g.
566 2560 615 2588 25.

171 2605 215 2640 *J
236 2612 272 2634 ca
298 2627 305 2634 .
327 2607 374 2635 13.

171 2654 240 2689 ³5:⁰23)
261 2613 328 2688 clip.
350 2655 378 2682 2.
418 2655 583 2682 'rui-nebus
611 2656 717 2683 tamen
742 2655 841 2684 etiam
866 2655 947 2684 illud
974 2656 1100 2693 attulit,
1133 2657 1250 2685 Venulo
1271 2657 1302 2685 in
1330 2657 1391 2685 duo
1420 2655 1529 2690 verba,

97 2692 178 2720 venie
197 2693 244 2729 io,
275 2693 484 2725 separandum
507 2700 588 2720 esse.
628 2692 743 2722 Mureti
769 2694 965 2729 coniectura,
995 2702 1089 2728 quam
1116 2695 1212 2726 etiam
1237 2695 1313 2726 Aut.
1334 2693 1532 2730 Augustinus

99 2729 234 2765 fecerat,
256 2736 367 2764 parum
388 2729 559 2763 probabilis
580 2729 717 2759 videtur.
756 2731 827 2760 Via.
849 2731 948 2760 Wolf.
987 2734 1099 2763 Fas-si.

173 2776 267 2812 *zato
288 2778 359 2807 Vox
378 2777 534 2806 Plautina.

175 2825 223 2863 †]
243 2826 283 2856 ad
303 2826 435 2856 Philem.
457 2833 490 2855 v.
511 2825 563 2856 ¹0.
591 2827 632 2855 ad
653 2826 776 2858 coloss.
795 2834 864 2864 cap.
884 2827 914 2857 4.
934 2833 965 2857 v.
986 2826 1017 2858 9.

1534 454 1597 483 858
