1778 3096
171 639 233 668 422

249 134 331 178 402
809 135 939 175 VAR.
970 134 1122 174 LECT.

252 246 389 298 aliique
412 245 497 284 olim
523 245 645 295 magni
669 257 712 283 ac
736 251 971 296 praestantes
993 245 1064 283 viri
1088 258 1134 283 eo
1157 246 1312 284 consilio
1335 245 1566 298 peregrinati
1593 251 1695 290 sunt,

253 310 293 340 ut
322 315 429 354 quam
461 302 654 339 maximam
692 300 761 337 sibi
793 302 918 338 talium
960 314 1084 338 rerum
1118 302 1385 351 supellectilem
1419 307 1695 350 compararent.

254 358 474 407 Quanquam
503 357 602 393 enim
639 361 678 392 ut
707 356 744 392 in
782 356 903 393 aliena
933 355 1066 402 domo,
1109 356 1163 393 sic
1193 357 1230 393 in
1260 358 1381 395 aliena
1413 356 1601 407 republica
1634 367 1701 392 ne·

254 419 344 463 gant
372 412 558 449 curiosum
589 423 675 448 esse
706 418 906 462 oportere3
939 411 1030 448 baec
1060 418 1199 457 tamen,
1231 425 1336 461 quain
1367 411 1468 456 dico,
1501 411 1701 448 curiositas

256 475 294 505 ct
323 467 492 517 privatim
524 478 671 517 semper
701 473 740 504 et
771 466 917 517 publice
949 467 1049 503 utilis
1082 466 1163 503 snit.
1222 467 1342 503 Aliam
1373 466 1553 517 quandam
1588 467 1702 502 ratio-

257 535 339 559 nem
362 528 513 559 secutus
534 528 591 558 est
612 521 718 559 Plato
735 518 807 572 ᾗ),
833 523 893 573 qui
916 521 1024 559 huius
1047 521 1199 570 generis
1223 523 1543 571 peregrinationes
1564 533 1700 572 neque,

257 578 332 615 nisi
362 577 598 626 magistratus
628 578 829 627 permissu,
858 590 992 627 neque,
1026 577 1097 613 uisi
1127 589 1148 613 a
1178 577 1481 627 quinquagesimo
1511 589 1626 627 usque
1656 574 1704 612 ad

259 633 531 682 sexagesimum
558 633 693 669 aetatis
720 645 853 669 annum
881 632 1018 681 suscipi
1045 632 1181 668 voluit:
1207 631 1303 681 quod
1328 632 1522 682 probarem
1544 639 1581 669 et
1604 632 1703 681 ipse,

260 688 292 725 si
325 701 396 739 qua
427 700 579 738 usquam
610 688 757 732 civitas,
788 687 930 738 qualem
963 688 1043 738 ipse
1076 686 1268 731 describit,
1305 687 1548 737 reperiretur.
1608 685 1704 723 Nam

260 742 357 793 quod
394 742 455 780 ille
487 742 710 787 verebatur,
754 755 801 779 ne
839 743 1130 791 alienigenarum
1174 742 1358 779 bominum
1398 741 1628 779 multitudiue
1668 742 1705 778 in

258 798 487 849 provinciam
520 798 677 847 aliquam
707 798 915 834 confluente
946 798 1070 847 ibique
1102 796 1211 833 sedes
1243 799 1395 847 figente,
1424 804 1462 834 et
1488 796 1706 834 adolescen-

262 853 381 898 tibus,
419 866 572 904 quorum
602 851 807 902 improvida
837 861 939 890 aetas
970 852 1016 889 ad
1056 852 1246 890 libidinem
1275 853 1488 903 plerumque
1522 864 1628 902 quam
1660 849 1707 888 ad

261 909 436 947 virtutem
468 908 620 959 pronior
645 914 717 953 est,
742 915 848 945 extra
870 909 1009 958 patrios
1034 909 1126 945 fines
1151 908 1386 958 vagantibus,
1409 914 1565 944 externa
1587 907 1708 957 potius

262 964 351 1002 vitia
390 964 704 1013 imponerentur,
749 976 856 1014 quam
895 962 1096 1000 domestica
1141 963 1382 1000 tollerentur:
1437 962 1533 999 hunc
1571 968 1708 999 metum

263 1019 381 1069 ipsius
412 1032 485 1055 non
517 1032 648 1056 vanum
681 1019 821 1064 fuisse,
853 1020 942 1055 satis
976 1018 1167 1056 declarant
1197 1031 1265 1055 eae
1297 1024 1453 1067 gentes,
1486 1029 1594 1068 quae,
1626 1029 1708 1054 cum

262 1075 375 1111 multa
404 1074 553 1112 saecula
582 1074 813 1120 floruissent,
837 1087 931 1111 nune
961 1074 997 1111 in
1028 1075 1180 1111 exitium
1208 1087 1311 1110 suum
1337 1085 1468 1110 versae
1499 1071 1710 1123 peregrinis

263 1130 386 1180 potius
418 1129 584 1167 moribus
612 1129 800 1174 laborant,
834 1143 939 1180 quam
972 1130 1063 1166 suis.
1121 1128 1213 1175 Sed,
1248 1135 1288 1165 ut
1319 1141 1376 1165 me
1404 1126 1449 1166 ad
1480 1127 1710 1178 propositum

264 1185 446 1229 referam,
477 1198 558 1222 cum
590 1192 627 1222 et
653 1185 754 1222 utilis
780 1191 817 1222 et
845 1184 1003 1222 iucunda
1034 1185 1082 1222 sit
1106 1184 1201 1222 bene
1233 1185 1402 1221 instituta
1431 1182 1708 1234 peregrinatio,

264 1240 496 1290 tranquillam
528 1247 651 1277 tamen
683 1247 721 1276 et
752 1240 913 1290 quietam
943 1241 1051 1277 vitam
1077 1239 1283 1276 amantibus
1315 1238 1413 1276 domi
1434 1239 1560 1275 vivere
1582 1238 1712 1274 iucun-

264 1293 455 1332 dissimum
486 1301 557 1332 est.
608 1289 726 1340 Οἶκος
754 1295 879 1345 φίλος,
909 1290 1014 1341 οἶκος
1044 1291 1208 1347 αόιστος,
1236 1294 1374 1332 dixisse
1405 1295 1457 1331 ait
1485 1292 1709 1330 testudinem

262 1350 439 1400 Aesopus
457 1347 546 1402 ἢ).
609 1349 710 1396 Quid
750 1362 869 1386 senex
898 1351 958 1386 ille
974 1347 1099 1399 ΨΜ),
1140 1364 1185 1387 an
1218 1350 1387 1400 corporis
1427 1349 1545 1386 oculis
1583 1354 1711 1399 captus

265 1406 416 1451 nescio,
444 1405 580 1442 mentis
610 1411 713 1442 certe
745 1405 852 1442 oculo
884 1404 1066 1456 lynceus?

378 1480 492 1521 Oinoa
520 1480 695 1532 βέλτερον
722 1477 840 1530 εἶναι,
870 1480 952 1520 ἐπεὶ
980 1478 1167 1534 βλαβεοὸυ
1193 1477 1235 1520 τὸ
1266 1479 1431 1536 θύρῃφι.

263 1559 412 1611 Ubique
442 1559 557 1604 enim,
580 1565 619 1596 ut
637 1559 743 1597 vafer
771 1557 917 1625 quidem
940 1565 978 1596 et
1007 1558 1212 1608 improbus,
1235 1557 1300 1596 sed
1329 1559 1464 1609 politus
1492 1564 1529 1595 et
1548 1556 1711 1595 urbanus

265 1617 428 1666 scriptor
458 1615 509 1652 ait
537 1613 727 1652 Lucianus
743 1613 817 1666 ᾧ),
859 1609 1197 1666 εὐκαταφρόνητον
1229 1617 1386 1667 πρᾶγμα
1415 1610 1437 1653 ὁ
1465 1611 1582 1660 ξένος.
1638 1613 1712 1650 lta-

265 1683 335 1723 que
362 1671 398 1708 in
422 1669 484 1708 illa
514 1683 629 1708 aurea
653 1676 791 1715 aetate,
816 1670 848 1706 si
873 1682 944 1720 qua
971 1670 1092 1721 poe'tis
1118 1669 1225 1715 tides,
1250 1683 1357 1707 nemo
1382 1668 1710 1720 peregrinabatur,

374 1749 564 1799 Nullaque
593 1748 774 1786 mortales
793 1754 959 1798 praeter
985 1760 1055 1785 saa
1085 1747 1217 1785 littora
1245 1754 1388 1785 norant
1402 1745 1503 1799 †·1·).

264 1823 449 1876 Equidem
479 1824 622 1863 afficior
647 1825 787 1862 intimis
819 1824 1013 1869 sensibus,
1046 1837 1127 1862 cum
1160 1823 1249 1861 illud
1280 1822 1476 1862 Claudiani
1504 1823 1711 1874 poemation

264 1881 367 1931 lego,
388 1893 459 1932 quo
488 1893 604 1918 senex
629 1880 692 1917 ille
715 1880 954 1919 Veronensis
978 1879 1220 1925 describitur,
1243 1881 1302 1930 qni
1326 1892 1508 1930 nunquam
1537 1891 1557 1915 e
1583 1878 1712 1926 patriis

266 1936 402 1974 finibus
431 1943 670 1974 excesserat:
705 1934 751 1973 de
781 1948 853 1986 quo
884 1947 972 1974 vere
1005 1942 1044 1973 et
1072 1936 1265 1986 eleganter
1289 1934 1388 1974 idem
1417 1932 1683 1987 poeta-1⁰1⁰&-

375 2015 517 2058 Erret,
552 2020 589 2050 et
616 2020 806 2051 extremos
833 2014 932 2051 alter
959 2019 1152 2051 scrutetur
1177 2012 1329 2051 Iberos:

431 2069 522 2106 Plus
548 2068 664 2106 habet
693 2069 754 2105 hic
785 2069 905 2116 vitae,
931 2070 1021 2119 plus
1049 2068 1163 2107 habet
1190 2069 1254 2106 ille
1282 2070 1378 2107 ve'ae.

266 2143 544 2195 Praeclareque
573 2144 755 2182 Horatius
769 2142 815 2197 ἢ
830 2160 840 2182 =

377 2223 516 2261 Romae
544 2222 720 2260 laudetur
752 2222 863 2260 Chios
891 2229 928 2260 et
952 2224 1087 2261 Samos
1117 2230 1155 2260 et
1184 2222 1333 2261 Rhodos
1361 2221 1511 2259 absens.

269 2297 372 2345 Sed,
411 2305 451 2337 ut
487 2298 587 2336 aliud
623 2312 669 2337 ex
705 2298 802 2345 alio,
845 2298 931 2350 quid
965 2306 1043 2346 est,
1090 2298 1186 2350 quod
1223 2299 1444 2349 longinquas
1482 2298 1561 2335 sive
1598 2295 1712 2334 urbes

270 2354 350 2392 sive
391 2354 532 2392 insulas
560 2353 701 2393 laudari
730 2354 853 2402 iubet,
895 2353 1000 2393 adire
1026 2353 1153 2393 vetat?
1209 2353 1325 2392 Certe
1355 2355 1455 2392 enim
1494 2353 1564 2390 hoe
1598 2351 1710 2390 dicit:

345 2477 389 2513 κε)
410 2478 449 2507 de
469 2478 567 2513 Legg.
586 2478 641 2507 lib.
662 2478 730 2506 ΧΠ.
747 2485 818 2514 cap.
840 2478 890 2508 12.
910 2485 982 2513 pag.
1002 2478 1074 2507 950.
1089 2479 1127 2508 D.
1147 2478 1220 2507 95¹.
1242 2477 1276 2508 C.
1298 2479 1343 2507 st.

345 2525 414 2561 *³2⁶1
434 2526 574 2555 Fah.79.
594 2527 806 2556 ed.Sc11neid.
840 2527 1246 2562 Fab.cv.§.2.pag.58.
1268 2522 1711 2560 ed.Heusing.etschaeser.

345 2574 439 2609 *³3⁵5
460 2575 617 2603 Homerus
638 2575 752 2609 Hstn
773 2575 805 2604 in
825 2577 919 2604 Mete.
940 2583 971 2603 v.
992 2576 1043 2604 36.
1083 2576 1111 2604 V
1115 2583 1205 2604 ersus
1225 2583 1245 2605 a
1263 2576 1398 2609 Wolfio,
1426 2573 1600 2602 Matthiaeo
1620 2572 1712 2600 aliis—

270 2623 332 2652 que
352 2617 441 2645 uncis
462 2617 613 2646 inclusus.
651 2617 783 2652 Legitur
802 2617 900 2646 etiam
920 2624 971 2652 ap
990 2617 1121 2646 Hesiod.
1143 2611 1246 2658 ’'EQy·
1270 2615 1330 2647 καὶ
1352 2611 1435 2658 Ημ.
1464 2625 1495 2646 ν.
1516 2618 1579 2647 365
1599 2616 1711 2653 (363).

271 2656 405 2686 ubivid
427 2657 598 2692 Goettling.
618 2663 692 2692 pag.
714 2657 784 2687 164.
832 2660 884 2686 Fr.
905 2657 1065 2686 Frankius
1086 2659 1127 2687 ad
1146 2660 1239 2689 Hom.
1258 2660 1372 2695 Ημηη
1392 2664 1465 2694 pag.
1484 2659 1536 2689 58.

346 2704 394 2744 †)
413 2705 517 2735 Asino
538 2705 571 2741 §-
591 2704 621 2734 4.
660 2704 708 2735 Cf.
727 2712 827 2741 supra
845 2706 900 2737 lib.
919 2708 958 2736 11.
978 2713 1047 2742 cap.
1066 2707 1098 2735 5.

345 2751 421 2792 ††)
443 2753 534 2782 ovid.
555 2754 682 2784 Metam.
701 2754 726 2782 1.
745 2753 797 2783 96.

346 2799 447 2839 †††)
458 2801 565 2838 Epigr.
576 2802 676 2830 XXIX
687 2800 759 2838 (ap.
768 2802 902 2831 Weber.
913 2801 1008 2837 corp.
1019 2801 1185 2831 Poet.Lat.
1197 2808 1269 2837 pag.
1279 2803 1369 2833 1356.
1379 2802 1485 2838 Epigr.
1496 2802 1566 2840 ss.)-
1576 2810 1609 2834 ν.
1617 2803 1654 2833 21
1664 2809 1713 2839 sq.

346 2848 390 2883 *J
409 2849 510 2885 Epist.
528 2851 553 2881 1.
575 2851 626 2888 1¹,
647 2851 698 2881 21.
720 2850 774 2882 ubi
792 2850 923 2882 inverso
944 2849 1055 2880 ordine
1074 2849 1191 2886 legitur
1209 2851 1321 2880 Samos
1340 2853 1370 2883 et
1391 2852 1494 2883 Chios.
