1778 3096
495 121 599 161 LlB.
633 122 745 163 XIV.
804 121 923 162 CAP.
956 122 1070 163 XIX.
1422 123 1505 165 323

67 233 302 286 φιλοψυχίας
321 238 459 271 notam.
501 229 628 282 Atque
647 232 716 270 hoe
736 232 958 283 significavit
977 232 1212 271 Philocrates
1229 231 1426 271 Plautinus
1438 230 1503 286 ἕξ),

67 292 128 342 qui
157 303 239 328 cum
267 302 314 327 ex
335 288 527 338 Hegione,
561 287 656 339 apud
685 300 792 338 quem
821 289 965 325 vinctus
990 287 1271 334 adservabatur,
1303 287 1503 335 audiisset,

153 368 202 405 Ut
227 378 291 404 vos
317 366 401 412 lzz'c,
432 366 560 402 itidem
590 366 668 403 z'lle'c
696 364 798 414 apud
823 377 888 401 vos
914 378 1017 402 meus
1046 366 1271 403 adservatur
1286 364 1415 415 filius,

70 445 208 494 Captus·
237 441 323 479 est?
351 441 488 491 inquit:
523 440 658 478 deinde
687 439 904 477 adfirmante
936 453 1050 486 sene,
1083 444 1168 480 Non
1198 443 1339 492 igitur,
1368 441 1504 493 inquit,

66 511 134 536 nos
168 498 242 534 soli
276 497 406 545 ignaui
431 495 594 546 suimus.
655 494 731 532 Sed
771 502 892 532 tamen
922 494 1242 534 Lacedaemonius
1284 495 1427 547 quidam
1459 509 1507 535 ex

67 553 139 597 iis,
172 552 232 602 qui
259 551 304 588 ab
332 550 628 587 Atheniensibus
659 550 756 601 capti
786 557 870 586 sunt
898 550 935 586 in
963 549 1082 601 Pylo,
1114 551 1254 589 urbane
1283 565 1304 589 a
1333 564 1374 589 se
1403 552 1509 602 igna-

66 608 150 646 viae
192 612 313 643 notam
345 605 516 643 amolitus
552 605 699 642 dicitur.
760 603 853 642 Cum
882 605 979 642 enim
1009 604 1257 643 Atheniensis
1294 606 1440 656 quidam
1471 607 1509 644 ei

67 674 135 712 per
162 660 358 698 ludibrium
392 660 569 705 dixisset,
611 662 674 697 Eoe
699 661 835 697 vestris
869 660 1041 697 videlieet
1074 662 1206 711 optimi
1232 673 1277 698 ac
1298 660 1514 712 fortissimi

69 718 205 766 quique
234 717 472 753 ceciderunt.-
504 716 652 764 Magni,
686 715 816 764 inquit,
832 713 1039 764 faciendus
1066 722 1166 753 esset
1181 715 1315 766 fusus,
1348 718 1386 753 εἰ
1410 717 1510 753 viros

58 770 190 822 fortes
220 771 439 819 dignoscere
471 783 516 807 ae
548 771 763 807 discerncre
803 770 850 807 ab
887 771 1035 819 ignavos
1066 777 1207 820 posset.
1274 772 1412 808 Fuszcm
1434 767 1508 821 ἡἓξ)

69 831 191 862 autem
221 823 605 862 Lacedaemoniorum
637 837 738 862 more
769 823 924 861 vocabat
954 826 1148 874 sagittam,
1188 831 1226 863 et
1258 825 1509 874 significabat,

70 893 143 917 non
175 880 400 916 fortissimos
424 892 589 930 quosque
621 885 783 916 mortuos
814 891 916 924 esse,
945 879 1009 916 sed
1039 892 1121 926 eos,
1152 881 1213 930 qui
1244 893 1333 917 casu
1365 880 1512 929 sagittis

70 935 134 972 icti
165 935 346 971 fuissent:
389 941 428 971 ut
459 935 519 984 qui
551 934 709 971 hostium
741 934 847 984 potiti
879 942 1007 980 erant,
1046 948 1118 972 non
1153 941 1353 985 propterea
1393 936 1513 971 minus
1540 940 1603 970 337

72 991 190 1027 fortes
220 988 378 1026 habendi
404 995 555 1034 essent,
597 1002 703 1039 quam
733 989 794 1038 qui
826 988 1055 1027 ceciderant.
1115 989 1272 1027 Eminus
1304 990 1399 1026 enim
1430 1002 1514 1026 cum

72 1045 146 1082 illis
179 1045 348 1094 proeliati
381 1051 487 1081 erant
516 1043 786 1081 Athenienses.
845 1043 902 1080 Ita
935 1043 1005 1082 hoc
1034 1057 1055 1082 a
1083 1045 1307 1095 gravissimo
1336 1044 1514 1082 historiae

72 1100 279 1151 scriptore,
310 1097 533 1149 Thucydide
550 1095 676 1150 zss-zssz'e),
708 1099 936 1149 acecpimus.

553 1215 842 1254 CAPUT
902 1216 1034 1255 XIX.

124 1294 251 1334 Nz'lzz'le'
275 1306 356 1331 esse
382 1292 533 1331 verbum
563 1290 852 1337 excolubrandi,
886 1293 987 1342 quod
1014 1293 1163 1343 qnidam
1189 1305 1264 1344 pro
1291 1293 1466 1332 Plautino

548 1347 752 1386 obtrudere
784 1354 942 1385 conatus
970 1355 1042 1385 est.

74 1428 220 1485 SAEPE
249 1446 445 1495 contingit,
479 1451 517 1482 ut
548 1446 585 1482 in
614 1445 756 1496 magnis
785 1445 1029 1496 scriptoribus
1060 1446 1152 1485 vitia
1181 1446 1336 1493 lateant,
1362 1453 1400 1485 et
1427 1459 1521 1497 quae

76 1509 251 1553 corrupta
275 1508 383 1551 atque
405 1498 555 1539 ’ὕπουλα
577 1507 674 1545 sunt,
700 1501 848 1551 integra
871 1508 1066 1551 putentur:
1093 1515 1364 1552 nonnumquam
1390 1503 1518 1548 etiam,

76 1565 136 1604 ut,
181 1569 273 1608 quae
304 1562 408 1593 reeta
444 1562 482 1592 et
511 1556 727 1605 incorrupta
759 1562 868 1600 sunt,
914 1556 1124 1593 hominibus
1154 1570 1227 1593 non
1259 1558 1348 1593 satis
1383 1557 1522 1595 intelli-

77 1613 251 1664 gentibus
282 1616 454 1661 corrupta
477 1609 687 1647 videantur.
739 1609 792 1646 Ut
822 1617 944 1647 autem
969 1610 1240 1648 medicamenta
1270 1612 1366 1649 bene
1395 1612 1523 1650 valeu-

77 1669 190 1713 tihus,
223 1668 273 1703 ita
296 1666 409 1703 rectis
440 1671 476 1702 et
500 1665 599 1701 veris
630 1665 886 1702 correctiones
909 1678 952 1702 ac
974 1667 1196 1703 mutationes
1221 1673 1372 1705 nocent.
1426 1666 1521 1704 Eius

78 1723 134 1761 rei
165 1721 370 1772 exemplum
403 1721 587 1770 proferam
615 1732 635 1757 e
666 1719 796 1758 Sticho
822 1719 1016 1765 Plautina,
1050 1720 1111 1758 ubi
1141 1720 1338 1759 Dinacium
1369 1734 1389 1759 e
1414 1729 1522 1772 portu

77 1776 226 1816 rediens
265 1777 391 1825 iniquo
429 1775 549 1811 animo
587 1774 683 1820 fert,
723 1774 795 1812 sibi
831 1788 852 1812 a
888 1776 1053 1826 parasito
1083 1776 1276 1815 Gelasimo
1315 1777 1522 1814 molestiam

78 1832 263 1871 exhiberi.
327 1830 474 1869 Versus
505 1830 541 1867 hi
571 1837 657 1867 sunt
673 1828 746 1882 †)·

300 1907 377 1946 GE.
408 1907 498 1952 Ibo,
533 1913 646 1957 atque
675 1908 774 1944 hunc
802 1906 1042 1957 compellabo.

411 1964 544 2001 Salvos
571 1964 637 2000 sis.
696 1961 765 1999 D1.
797 1963 850 1999 Et
879 1968 919 2000 tu
948 1964 1065 2001 salve.

301 2017 379 2056 GE.
411 2020 490 2056 Iam
522 2024 562 2055 tec
586 2018 759 2068 piscator
775 2016 942 2068 sactus?

298 2072 367 2111 DI.
417 2074 535 2122 Quam
559 2073 707 2122 pridem
734 2086 808 2110 non
840 2072 982 2110 edem?

300 2128 377 2167 Ge.
415 2128 526 2165 Unde
552 2127 613 2164 is?
645 2128 736 2177 quid
750 2127 871 2177 fers?
901 2127 992 2177 quid
1005 2125 1206 2178 festinas?

299 2182 368 2223 DI.
417 2184 495 2220 Tua
524 2182 625 2233 quod
651 2183 750 2220 nihil
775 2180 917 2231 refert,
948 2195 996 2219 ne

414 2240 546 2276 Cures.
609 2236 680 2274 GE.
719 2238 818 2286 Quid
844 2238 929 2274 istic
957 2236 1084 2275 inest?

297 2292 367 2331 D1.
414 2295 515 2342 Quas
543 2299 583 2331 tn
615 2293 716 2330 vides
744 2292 949 2330 colubras?

303 2348 379 2385 GE.
416 2348 514 2396 Quid
542 2355 615 2386 tam
647 2347 881 2385 iracundus?
936 2345 1004 2386 D1.
1038 2347 1084 2384 Si
1108 2346 1146 2384 z'n
1177 2351 1213 2383 te

410 2403 539 2441 Pudor
567 2405 679 2448 assit,
708 2416 782 2440 non
812 2416 869 2440 me
900 2403 1078 2453 appelles.

84 2477 179 2516 Illud
212 2478 328 2529 igitur
366 2477 411 2517 de
452 2479 612 2517 colubris
654 2478 866 2517 Ioachimus
907 2492 979 2530 quo
1022 2478 1232 2530 pertineret
1277 2489 1351 2515 non
1392 2475 1524 2515 videns

159 2587 203 2622 ÷::-)
225 2587 349 2622 captiv.
371 2590 408 2617 11.
430 2589 460 2625 2,
485 2589 533 2617 11.
554 2587 606 2616 ubi
628 2589 852 2617 Taubmannus
873 2590 968 2623 atque
988 2586 1222 2615 Lindemannus
1242 2586 1394 2615 servatur.

160 2640 229 2675 -ΐὲ-ΐέ)
251 2641 442 2669 Graecorum
464 2634 635 2679 ἄτρακτος
653 2643 735 2670 hanc
753 2641 1013 2675 significationem
1034 2640 1140 2675 habet,
1163 2646 1226 2667 non
1245 2639 1320 2667 item
1340 2638 1525 2668 Latinorum

83 2686 184 2722 fusus.
225 2685 295 2713 vid.
325 2684 431 2712 Foesii
463 2685 576 2714 Oecon.
603 2685 751 2720 Hippoer.
779 2692 852 2721 pag.
881 2685 950 2716 106.
990 2684 1145 2714 Similiter
1171 2677 1345 2723 ἠλακάτη,
1374 2686 1405 2714 et
1426 2684 1529 2720 iungit

85 2730 252 2760 utrumque
271 2724 450 2753 Herodotus
470 2724 523 2753 lib.
545 2726 596 2754 lv.
616 2732 685 2762 cap.
708 2725 778 2755 162.

158 2773 252 2808 {zzz-22³]
273 2771 327 2801 lib.
348 2772 400 2801 lv.
422 2777 492 2806 cap.
513 2772 565 2803 40.

159 2820 205 2860 †)
225 2822 263 2850 11.
286 2821 315 2855 1,
337 2820 378 2849 43
397 2826 466 2855 sqq.
1157 2855 1250 2899 21*
