1726 3106
578 112 676 150 [ΑΒ.
709 111 744 152 l.
803 110 920 150 CAP.
958 111 1047 150 VII.
1479 108 1533 151 13

96 233 332 268 emersuroS,
370 223 401 259 si
437 234 526 268 eos,
575 223 636 272 qui
666 228 819 267 extant,
853 219 1125 271 depresserint.
1185 217 1306 266 Quam
1345 219 1531 258 rationem

93 276 290 327 grassandi
329 275 374 314 ad
415 278 547 314 famam
564 274 610 329 ³¹⁴⁶)
648 291 757 315 nemo
792 289 951 327 unquam
981 276 1131 327 sapiens
1161 274 1394 326 approbavit.
1452 274 1531 314 Sed

93 345 151 369 nie
181 332 317 369 amoris
346 331 492 382 quidam
525 340 651 370 aestus
682 333 727 370 ab
760 345 830 377 eo,
862 330 908 369 de
940 344 1010 382 quo
1042 331 1170 368 dicere
1201 342 1426 380 coeperam,
1465 331 1531 368 ab·

91 387 209 424 duxit.
270 386 430 424 Omnino
469 394 617 433 autem,
660 400 741 425 cum
779 385 824 423 de
851 386 969 424 Paulo
996 385 1167 423 Manutio
1206 384 1426 435 loquendum
1456 392 1529 432 est,

88 441 275 479 moderari
304 442 463 479 orationi
494 455 597 480 meae
628 455 746 492 neque
775 442 874 487 voto,
904 454 1024 492 neque
1048 453 1215 492 possum,
1247 453 1366 491 neque
1391 440 1526 478 debeo.

89 497 167 534 Alii
197 497 406 547 complures
436 499 617 535 rationem
649 499 744 535 inire
779 503 965 548 poterunt,
998 504 1085 546 quot
1114 496 1186 546 ipsi
1217 495 1318 533 locos
1350 496 1385 532 in
1417 495 1530 533 Cice-

89 565 181 590 rone
212 553 469 590 correxerint:
500 553 555 590 illi
583 560 643 591 aut
674 554 755 601 uni,
784 559 847 590 aut
875 565 956 589 cum
986 551 1236 602 paucissimis,
1271 551 1360 589 licet
1382 549 1526 597 dicere,

417 631 599 680 Pauper&
627 637 686 668 est
709 642 910 668 numerare
933 642 1052 680 pecus
1065 626 1155 682 ὲἢ).

86 705 130 743 In
165 705 261 742 illius
299 706 412 755 igitur
449 706 552 744 libris
594 705 760 755 (tandem
804 706 900 744 enim
931 705 977 743 ad
1005 706 1234 756 propositum
1271 717 1329 743 me
1363 706 1526 744 referam

85 763 229 812 tamen)
260 760 318 805 is,
357 761 401 799 de
445 775 515 812 quo
550 763 731 812 agebam,
772 762 873 798 locus
914 762 965 798 ita
996 762 1154 811 legitur:
1200 761 1308 810 Quod
1333 760 1526 812 sisae-ere

83 818 206 861 nolit,
248 823 360 865 atque
398 817 588 856 imbiberit
621 819 804 855 eiusmodi
827 817 1040 855 rationibus
1069 818 1172 854 illam
1200 818 1252 854 acl
1277 829 1367 853 snas
1398 818 1526 854 condi-

86 873 203 908 tiones
229 873 440 921 perducere
469 880 542 910 cte.
603 873 836 918 Praeclare,
880 879 919 910 ut
950 871 1040 909 dixi.
1099 872 1294 910 Imbz'berc't
1321 871 1420 908 enim
1452 879 1524 922 est,

84 926 154 963 hoc
185 926 255 962 sibi
286 927 393 977 plane
422 929 677 978 proposuerit,
722 928 790 965 hoc
823 928 873 964 ita
905 928 940 964 in
973 933 1095 965 mente
1123 940 1167 964 ac
1198 927 1425 977 cogitatione
1455 940 1524 965 sua

83 980 278 1027 defixerit,
318 989 357 1019 ut
388 984 495 1020 evelli
527 997 597 1020 non
629 991 752 1034 queat.
812 981 882 1019 Est
911 989 1032 1020 autem
1064 983 1114 1020 ita
1144 983 1320 1033 scriptum
1353 982 1523 1020 omnibus

81 1037 240 1081 litteris,
275 1037 309 1073 in
340 1037 449 1087 longe
479 1037 646 1088 plurimis
677 1038 832 1075 vetustis
864 1037 1072 1074 codicibus.
1133 1037 1211 1075 Sed
1240 1037 1438 1075 insolentia
1469 1037 1522 1074 lo-

81 1092 240 1128 cutionis
276 1092 461 1129 fefellerat
498 1093 616 1138 alios,
657 1106 750 1142 quae
780 1092 990 1130 Manutium
1023 1107 1093 1130 non
1125 1093 1234 1143 fugit.
1294 1092 1523 1132 Meminerat

81 1147 179 1184 enim
205 1146 254 1183 ita
283 1147 443 1184 locutum
471 1147 687 1185 Lucretium
718 1148 782 1185 lib.
814 1148 867 1184 ΠΙ
884 1145 998 1196 attere).

251 1225 326 1272 Oai
346 1231 477 1273 petere
506 1237 529 1262 a
551 1226 691 1276 populo
717 1225 845 1276 fasces
874 1237 1081 1276 saevasque
1109 1237 1263 1263 secures

239 1279 401 1318 Imbe'bc‘t.
682 1277 695 1284 ⁴

74 1355 126 1394 Et
155 1356 249 1395 libro
279 1363 384 1394 sexto
399 1354 474 1409 »ωε

240 1457 294 1466 -—-
322 1457 376 1462 —-
405 1447 478 1472 non
506 1435 607 1484 qnod
630 1435 771 1472 violari
793 1445 935 1471 summa
964 1434 1070 1471 deum
1100 1435 1156 1472 vz‘s

238 1490 387 1535 Possit,
421 1496 464 1527 ut
491 1503 539 1527 ea„-
568 1491 628 1526 ira
652 1502 798 1540 poenas
821 1495 952 1539 petere
985 1489 1141 1527 imbibat
1168 1502 1289 1528 acres.

74 1565 127 1604 Ut
156 1578 248 1615 ergo
277 1579 296 1602 a
332 1564 511 1603 Lucretio
544 1566 680 1604 dictum
712 1573 791 1612 est,
831 1566 988 1605 imbibat
1009 1574 1161 1617 petere,
1203 1568 1258 1605 sic
1288 1579 1308 1604 a
1336 1564 1394 1605 M.
1425 1565 1516 1604 Tul—

75 1622 148 1666 lio,
187 1622 247 1672 qui
287 1633 369 1658 eum
409 1624 552 1672 politam
586 1621 857 1659 studiosissime
888 1622 1047 1672 legerat,
1075 1623 1267 1660 imbiberit
1288 1623 1515 1672 perducere.

74 1676 175 1714 Usus
204 1675 333 1714 eodeni
361 1678 468 1713 modo
498 1684 535 1716 et
555 1676 685 1715 Livius
716 1677 811 1714 libro
843 1677 1008 1715 secundo
1032 1676 1350 1730 Annalium††):
1384 1679 1515 1727 Neque

72 1745 213 1770 memor
239 1733 319 1769 eius
331 1760 343 1778 ,
376 1734 477 1783 quod
504 1734 613 1771 τ’]ιίίιό
643 1734 860 1771 consulatus
890 1733 1104 1780 imbiberat,
1135 1733 1411 1772 reconciliandi
1432 1733 1514 1771 ani-

71 1801 149 1826 mos
170 1788 309 1838 plebis.

565 1910 853 1951 CAPUT
908 1910 1018 1951 VII.

125 1988 349 2039 Epitheton,
381 2001 452 2039 quo
483 1990 700 2027 Corinthum
732 1990 880 2027 ornavit
904 1989 1107 2035 Horatius,
1140 2002 1160 2026 e
1191 1990 1340 2026 Graeca
1366 2000 1455 2026 voce

593 2058 809 2095 eaepressum
839 2045 974 2083 videri.

68 2122 414 2195 BiMAREM-l<††)
445 2141 665 2181 Corinthum
714 2156 796 2181 cum
828 2142 973 2182 diceret
1001 2143 1211 2188 Horatius,
1258 2156 1331 2181 non
1361 2141 1505 2189 dubito,

68 2199 154 2250 quin
199 2199 411 2249 exprimere
453 2199 612 2236 voluerit
654 2199 838 2237 Graecam
884 2211 1013 2237 vocem
1058 2195 1365 2249 ἇμφιθάλασσος.
1435 2198 1509 2236 Est

67 2260 189 2291 autem
221 2267 264 2292 ea
295 2267 366 2291 vox
397 2266 469 2291 non
499 2253 690 2292 admodum
722 2256 923 2306 frequens,
965 2253 1081 2305 proba
1111 2261 1233 2292 tamen
1264 2261 1301 2292 ct
1331 2254 1503 2305 antiqua:

66 2321 228 2361 ususque
269 2322 314 2347 ea
341 2315 399 2348 est
428 2308 661 2361 Xenophon,
692 2324 775 2349 cum
805 2310 908 2348 urbis
938 2309 1187 2348 Atheniensis
1218 2309 1504 2348 commoditates

140 2477 183 2512 δίε)
202 2477 369 2513 Exquisite
389 2478 522 2513 imm-obi
541 2479 594 2509 isti
614 2480 654 2509 ad
675 2479 791 2508 famam
811 2478 952 2516 yrassarz’
967 2478 1122 2509 dicuntur.
1163 2477 1314 2508 Similiter
1330 2475 1504 2508 sallustius

65 2516 131 2550 lug.
150 2522 218 2549 cap.
241 2519 268 2545 1.
290 2518 322 2551 §-
342 2518 371 2546 3.
411 2517 467 2545 sil.
489 2519 557 2546 ltal.
577 2520 600 2546 1.
621 2518 693 2546 570.

138 2563 206 2598 ;::--:::-)
228 2564 330 2592 Ovidii
350 2567 426 2594 sunt
447 2566 546 2595 verba
565 2568 692 2595 Metam.
712 2566 795 2595 xm.
815 2564 888 2594 824.

138 2611 230 2646 τέκε-κε)
251 2618 281 2641 v.
306 2612 394 2641 1009.

139 2658 184 2698 -Η
206 2666 235 2688 ν.
257 2659 293 2688 71
317 2667 364 2694 sq.
385 2660 437 2690 ubi
456 2661 598 2691 Lambin.
619 2661 811 2691 Wakefield.
831 2661 986 2698 Forbiger
1003 2667 1066 2691 non
1086 2668 1155 2698 quo.

137 2705 210 2745 ††]
231 2714 300 2742 cap.
320 2708 371 2737 47.

136 2754 237 2794 Ηυξ)
258 2756 337 2784 Vide
357 2756 499 2784 Lambini
526 2756 693 2791 epistolam
719 2758 758 2785 ad
779 2759 956 2794 Muretum,
988 2763 1081 2792 quam
1110 2756 1253 2785 dedimus
1274 2756 1310 2784 Τ.
1330 2756 1353 2784 l.
1376 2762 1408 2790 p.
1426 2755 1499 2784 397.

61 2793 99 2820 Ι).
121 2793 158 2822 R.
179 2808 215 2813 —
254 2795 288 2821 In
320 2797 479 2828 postrema
507 2797 612 2823 tamen
631 2795 756 2824 Horatii
777 2796 915 2823 editione
935 2795 1106 2825 Lambinus
1126 2793 1242 2825 Mureti
1263 2793 1498 2830 interpretatio-

60 2837 132 2860 nem
152 2838 214 2860 non
232 2831 398 2868 improbat.
425 2834 535 2862 Fami.
575 2834 678 2863 Locus
700 2835 751 2863 est
774 2833 829 2862 Od.
851 2835 874 2862 1.
898 2834 932 2870 7,
955 2834 985 2863 2.

1551 769 1590 799 16
