1778 3096
542 146 645 186 LlB.
679 146 789 186 XIX.
851 145 970 186 CAP.
1002 145 1056 184 X.
1439 147 1522 191 463

87 268 197 300 rator
225 267 283 299 est
308 261 389 299 viae
422 259 651 304 Flaminiae,
696 270 793 308 quae
822 263 898 295 tum
938 259 1013 296 erit
1041 256 1215 296 absolata
1250 271 1342 296 sane
1368 258 1518 310 facile.-

87 325 162 356 tum
201 317 319 354 libens
353 316 534 354 Thermon
568 314 699 352 Cz'cerz'
730 314 863 350 consul
895 314 1122 352 accuderim.
1182 313 1289 351 Haec
1325 315 1376 351 ita
1413 315 1521 353 homo

86 371 359 410 eruditissimus
384 371 652 420 interpretatur
667 366 741 418 ἦε).
774 368 967 405 Neminem
988 369 1154 418 putabat
1175 371 1308 407 Cicero
1331 383 1398 407 suo
1423 383 1521 408 amco

92 428 247 466 Thermo
287 427 502 476 praelatum
542 425 597 461 iri
638 423 675 460 in
724 424 939 460 consulatus
973 425 1178 472 peticione,
1232 425 1519 476 verebaturque,

85 495 133 520 ne
160 482 192 519 is
220 481 296 519 sibe·
320 482 553 518 consulatum
577 479 842 528 praeriperet.-
876 491 949 527 qua
975 479 1021 514 de
1048 491 1182 516 caussa
1212 493 1291 517 eccm
1314 494 1389 530 pro
1416 487 1523 518 certo

85 538 283 581 crederet,
324 549 405 573 eum
437 535 620 573 consulem
647 532 800 584 sactum
838 533 910 577 iri,
952 533 1108 582 optabat
1142 536 1244 572 illum
1283 536 1359 573 sibi
1382 537 1523 574 socium

85 593 260 641 adiungi,
289 598 331 629 ut
358 598 516 641 uterque
537 589 670 626 consul
682 588 806 638 fieret
824 588 950 624 eodem
979 600 1090 625 (mno-
1149 591 1357 636 Thermum,
1385 592 1521 642 inquit,

83 648 122 685 εἰ
143 646 276 684 consul
298 645 436 697 factus
464 657 554 689 ere,
595 643 712 680 libens
739 643 834 680 milae·
863 644 1042 691 collegam
1073 644 1306 693 adiungam.-
1349 647 1420 684 lzoc
1448 653 1521 692 est,

83 715 158 740 non
194 703 318 751 inique
354 702 499 745 tulero,
538 700 645 736 immo
682 697 881 747 gaudebo,
929 699 1123 736 Thermum
1163 702 1346 737 consulem
1384 714 1524 739 mecum

70 757 183 808 fieri.
239 757 346 793 Haec
374 756 453 800 ille,
486 767 579 804 quae
613 752 700 790 mihi
731 752 846 805 (quod
875 753 972 790 bona
1002 754 1118 803 ipsius
1148 756 1255 792 venia
1287 755 1423 794 dictum
1454 756 1522 809 sit)

85 812 301 862 longissime
331 811 465 848 abesse
495 823 516 846 a
544 809 742 846 Ciceronis
774 809 960 845 sententia
988 809 1173 847 videntur.
1226 810 1391 849 Primum
1424 813 1523 849 enim

84 866 231 904 dixerat
265 866 425 911 Cicero,
477 865 554 902 suis
594 863 799 901 rationibus
841 864 998 901 maxime
1037 864 1273 911 conducere,
1319 867 1523 905 Thermum

83 935 164 960 cum
192 921 358 959 Caesare
390 920 487 958 fieri.
542 918 647 969 Ergo
676 918 825 956 nolebat
853 932 934 956 eum
967 919 1140 957 recidere
1168 921 1204 957 in
1234 935 1368 959 annum
1400 936 1522 961 suum.

81 976 136 1014 At
163 977 307 1027 collega
337 975 535 1013 Ciceronis
563 987 648 1012 esse
678 988 750 1011 non
776 981 935 1024 poterat,
969 975 1040 1012 nisi
1070 989 1151 1012 cum
1182 989 1227 1013 eo
1258 990 1328 1014 una
1358 985 1521 1028 peteret.

81 1031 234 1070 Deinde
260 1031 346 1082 quid
374 1032 492 1068 minus
517 1030 677 1081 optabile
703 1036 785 1067 erat
811 1030 951 1080 petenti
978 1031 1223 1076 consulatum,
1253 1045 1357 1082 quam
1383 1033 1523 1071 habere

82 1087 331 1125 firmissimum
363 1084 673 1136 competitorem?
720 1084 815 1122 Nam
845 1091 884 1122 ut
905 1086 1060 1136 quisque
1091 1087 1238 1124 minime
1270 1088 1393 1125 firmos
1423 1102 1526 1126 com·-

82 1143 262 1193 petitores
296 1141 430 1187 habet,
474 1141 524 1178 ita
553 1140 728 1178 facillima
766 1140 819 1176 illi
850 1141 908 1177 via
938 1140 984 1177 ad
1013 1141 1310 1191 consequendum
1343 1143 1524 1182 honorem

83 1204 198 1248 patet.
260 1196 361 1244 Quid
401 1203 521 1233 autem
554 1197 736 1233 intererat
769 1195 990 1235 Ciceronis„
1030 1197 1232 1234 Thermum
1264 1199 1385 1248 potius
1415 1212 1523 1249 quam

81 1253 191 1290 alium
221 1253 426 1302 quempiam
457 1251 530 1287 sibi
568 1251 707 1287 socium
739 1250 920 1300 adiungi?
975 1250 1071 1288 Nam
1103 1251 1185 1289 dnm
1218 1253 1296 1302 ipse
1327 1267 1423 1290 anno
1453 1268 1523 1292 suo

82 1307 209 1352 fieret,
240 1308 321 1357 quis
350 1319 475 1343 secum
506 1306 629 1350 lieret,
663 1318 735 1341 non
765 1305 970 1342 laborabat.
1020 1305 1218 1344 Postremo
1247 1307 1400 1345 verbum
1432 1309 1523 1347 illud

82 1363 297 1400 acczcdere'm
327 1360 601 1399 contentionem
626 1360 748 1410 potius
778 1359 957 1410 quandam
986 1361 1023 1397 in
1048 1361 1209 1412 petendo
1236 1363 1392 1409 honore,
1415 1378 1523 1415 quam

82 1418 378 1455 coniunctionem
417 1417 454 1452 in
489 1414 656 1465 gerendo
687 1415 886 1464 significat.
945 1416 1031 1453 Hoc
1062 1416 1190 1455 dicere
1223 1418 1392 1456 videtur:
1433 1420 1522 1458 Non

81 1473 244 1510 libenter
272 1486 353 1509 cum
382 1471 548 1509 Thermo
577 1472 855 1517 concurrerim,
887 1473 1064 1521 quasique
1091 1474 1352 1511 arietaverim:
1386 1488 1432 1512 ne
1460 1475 1523 1513 ille

82 1528 180 1565 forte
210 1528 258 1564 sit
286 1527 440 1564 firmior.
503 1525 545 1562 Si
580 1526 675 1562 enim
712 1526 814 1562 cicer
852 1533 889 1563 et
919 1526 1078 1577 lupinum
1117 1528 1154 1564 in
1185 1528 1314 1566 eodem
1345 1531 1522 1568 mortario

82 1581 266 1620 cudantur
293 1595 336 1619 ac
365 1580 578 1626 tundantur,
602 1580 806 1630 periculum
838 1581 918 1617 lieri
948 1581 1112 1628 videtur,
1134 1590 1254 1620 utrum
1287 1585 1334 1621 sit
1362 1586 1518 1624 firmius.

82 1636 300 1687 Eodemque
328 1636 452 1683 modo,
477 1637 508 1673 si
535 1635 606 1672 duo
631 1635 762 1672 iisdem
793 1637 952 1673 comitiis
975 1644 1115 1687 petant,
1142 1640 1328 1687 explorari
1354 1639 1521 1687 videtur,

83 1700 169 1730 uter
196 1694 245 1730 sit
280 1693 434 1730 firmior.
493 1690 603 1728 Nunc
633 1690 777 1736 dicam,
817 1698 854 1728 et
883 1691 1063 1742 quomodo
1095 1693 1131 1729 in
1164 1693 1352 1732 Cicerone
1390 1696 1522 1746 legen-

82 1747 167 1785 dum
195 1754 335 1798 putem,
368 1754 405 1784 et
433 1759 500 1783 cur
527 1753 664 1797 putem.
725 1745 888 1783 Primum
919 1748 1034 1797 igitur
1063 1747 1155 1784 ordo
1186 1749 1337 1786 duarum
1371 1765 1521 1798 vocum,

80 1816 172 1840 sane
194 1803 341 1854 facile,
375 1815 447 1839 non
477 1800 573 1839 idem
604 1808 662 1838 est
690 1801 727 1838 in
756 1802 925 1839 omnibns
955 1803 1073 1840 libris.
1132 1803 1172 1840 In
1206 1805 1391 1856 plerisque
1421 1808 1521 1845 enim

82 1865 140 1896 est
157 1857 283 1909 sa'cile
310 1871 414 1895 sane.
474 1856 622 1895 Deinde
651 1869 781 1895 vocem
817 1860 959 1896 Consul
985 1859 1122 1896 sa'tctur
1151 1860 1308 1910 ipsemet
1335 1863 1520 1911 integram

82 1914 121 1950 in
149 1912 279 1951 codice
308 1913 544 1951 Tornesiano
586 1926 657 1950 nou
687 1913 785 1962 legi„
828 1912 893 1950 scd
923 1915 1057 1952 abesse
1087 1914 1132 1952 ab
1169 1928 1213 1952 eo
1244 1915 1333 1953 duas
1370 1917 1520 1955 ultimas

81 1968 242 2006 litteras.
288 1968 372 2018 Ego
401 1975 524 2006 autem
553 1967 624 2006 hoe
652 1970 807 2019 amplius
838 1968 936 2015 dico,
967 1984 988 2007 a
1014 1970 1201 2021 plerisque
1230 1973 1384 2009 vetustis
1413 1972 1520 2011 libris

80 2030 159 2061 tres
190 2023 336 2061 ultimas
372 2023 515 2061 litteras
544 2023 702 2061 abesse:
746 2031 784 2061 et
817 2026 891 2062 Con
922 2031 1060 2062 tantum
1092 2026 1180 2075 legi.
1239 2026 1348 2065 Unde
1377 2027 1440 2073 fit,
1481 2035 1520 2066 ut

79 2079 200 2130 prima
224 2079 348 2116 littera
373 2085 507 2116 mutata
538 2078 733 2129 legendum
765 2079 928 2117 arbitrer
955 2094 1045 2118 non.
1092 2081 1219 2128 Quare
1253 2089 1366 2119 totum
1397 2083 1518 2121 locum

79 2133 151 2171 hoc
188 2133 296 2172 modo
342 2140 380 2171 et
416 2134 501 2184 lego
537 2141 573 2171 et
612 2135 864 2185 interpretor:
911 2137 1064 2173 Nostris
1104 2138 1315 2175 rationibus
1356 2140 1519 2177 maoel'me

81 2190 290 2227 conducere
314 2191 475 2235 videtur,
512 2191 706 2228 Thermum
723 2190 825 2240 fieri
848 2204 928 2228 cum
962 2192 1149 2229 Caesare:
1182 2200 1267 2229 tunc
1299 2193 1396 2230 enim
1427 2194 1518 2231 mihi

78 2244 278 2282 verendum
319 2258 390 2282 non
425 2245 520 2291 erit,
562 2259 608 2282 ne
643 2258 725 2282 cum
759 2259 803 2282 eo
841 2253 970 2296 petere
1008 2259 1163 2283 necesse
1197 2247 1377 2285 habeam:
1421 2248 1517 2300 quod

80 2299 171 2336 mihi
206 2299 354 2337 difficile
391 2313 434 2337 ac
464 2300 656 2337 molestum
698 2301 809 2338 foret.
869 2303 987 2339 Nemo
1023 2309 1082 2339 est
1116 2304 1213 2339 enim
1258 2317 1306 2340 esc
1342 2305 1409 2349 iis,
1455 2305 1524 2354 qm'

79 2367 178 2392 nune
201 2361 346 2405 petmm
382 2356 449 2405 que·
474 2356 512 2392 si
532 2356 569 2392 in
599 2363 767 2393 nostrum
797 2370 931 2394 annum
961 2357 1146 2394 reciderit
1172 2357 1362 2408 (recident
1392 2366 1516 2398 autem

81 2409 108 2446 ii
140 2409 334 2455 videlicet,
375 2410 436 2460 qui
466 2409 536 2446 hoc
566 2423 661 2448 anno
691 2412 877 2461 repulsam
908 2411 1072 2461 ferent),
1102 2412 1261 2461 firmior
1290 2415 1518 2452 candidolus

68 2463 165 2514 sore
191 2466 387 2503 videatur.-
429 2465 478 2502 ita
506 2472 546 2502 ut
576 2465 775 2503 verendum
809 2468 878 2512 sit,
912 2479 957 2504 ne
991 2466 1143 2504 deiiciat
1173 2480 1261 2514 eos,
1296 2470 1356 2520 qui
1389 2482 1517 2508 secum

80 2521 118 2557 in
148 2521 325 2570 petitione
367 2527 604 2557 concurrent.
664 2523 869 2571 Propterea
905 2523 1005 2572 quod
1032 2530 1189 2560 curalor
1226 2530 1284 2562 cst
1320 2526 1400 2562 vz‘ae
1428 2527 1518 2563 Fla-

79 2577 231 2621 mz'm'ae,
261 2587 356 2626 quae
385 2582 459 2613 tum
489 2577 562 2613 erit
577 2574 654 2626 **)
684 2577 994 2627 absoleclasacl'le
1009 2574 1130 2628 ww).
1180 2580 1251 2616 Vsa
1280 2586 1401 2617 autem
1428 2581 1518 2618 Fla-

78 2631 194 2668 mz‘m‘a
233 2630 270 2667 in
303 2629 445 2667 Urbem
484 2643 531 2668 ex
562 2630 682 2669 Gallia
711 2632 879 2669 venitur:
925 2638 962 2670 et
993 2632 1114 2670 Gallia
1150 2633 1343 2683 plurimum
1380 2635 1416 2672 in
1452 2648 1517 2673 co-

151 2706 195 2737 sa)
217 2713 288 2740 pag.
304 2707 333 2735 6.
354 2693 486 2734 snffina.

151 2744 220 2777 εἰῶ-ἵε)
241 2745 422 2778 Legebatur
442 2745 524 2779 erat,
548 2744 627 2778 quod
649 2750 668 2772 a
688 2744 803 2772 Faesio
826 2747 1008 2774 correctum.

151 2785 244 2818 ὲὶεείειὶε)
264 2784 447 2813 Ernestius:
477 2792 555 2819 quae
573 2786 637 2812 tum
658 2786 717 2812 eric
743 2786 901 2820 absolata,
926 2794 1001 2815 sane
1019 2787 1114 2822 facile
1138 2795 1205 2817 eum
1225 2788 1356 2826 [liberi]
1376 2788 1517 2831 θέρμον

74 2826 169 2853 cicere·
189 2824 346 2860 [consuli]
369 2826 555 2853 accederint.
596 2826 748 2854 ofellius:
779 2834 856 2861 quae
877 2835 967 2863 quum
986 2831 1048 2859 erit
1065 2831 1221 2866 ubsolam,
1242 2838 1316 2860 sune
1333 2832 1427 2867 focile
1446 2840 1515 2862 eum

74 2864 206 2893 libenter
225 2861 250 2900 -ξ-
269 2869 349 2892 mcnc
368 2863 461 2891 ceteri
482 2863 600 2892 consuli
619 2865 794 2893 occiderim.

1548 1043 1612 1074 488
