1726 3106
510 157 610 196 LIB.
640 157 726 197 vlt.
785 156 903 197 CAP.
935 157 1006 196 XI.
1401 157 1480 201 147

44 268 314 308 Aristotelem:
352 274 391 305 et
429 266 521 305 alios
558 267 711 306 levioris
754 279 891 319 operae
935 269 1161 319 scriptores,
1201 266 1321 319 quoad
1348 281 1481 319 possu-

45 338 151 371 mus,
193 323 421 361 adiuvemus.
493 322 564 359 Est
592 331 712 360 autem
743 324 780 360 in
813 324 910 360 omni
947 337 987 361 re
1016 323 1188 361 laudabili
1218 331 1330 374 atque
1362 323 1478 360 hone-

46 387 128 425 sta,
176 379 284 416 etiam
321 391 391 414 non
423 385 621 414 consecuta
653 379 776 428 operis
809 377 1028 423 effectione,
1069 379 1267 416 voluntatis
1296 376 1477 415 laudanda

44 433 258 485 propensio.
318 430 376 468 Ac
416 433 584 481 quoniam
616 432 673 469 M.
706 432 818 469 Tullii
857 432 970 470 libros
1013 446 1033 469 a
1064 433 1205 470 mendis
1236 434 1306 470 iam
1336 433 1476 482 aliquot

43 487 331 526 vindicavimus:
362 486 540 523 voluimus
571 487 717 537 quidem
748 493 873 524 certe:
907 486 956 532 Q.
991 488 1099 523 etiam
1118 488 1257 532 Tullio,
1290 487 1370 523 eius
1401 487 1476 524 fra-

43 543 115 588 tri,
163 549 392 590 praestemus
429 540 523 577 idem
563 542 744 578 officium:
786 548 822 577 et
861 554 967 591 quem
998 541 1094 577 illius
1122 542 1269 578 unicum
1300 541 1476 578 habemus

44 596 90 633 de
120 594 307 632 Petitione
343 595 553 632 consulatus
584 595 920 633 commentariolum
962 596 1242 633 accuratissime
1276 602 1385 645 atque
1416 608 1476 632 ar-

43 650 306 688 tificiosissime
335 651 534 699 scriptum,
574 663 710 701 operae
739 650 876 700 aliquid
907 651 941 687 in
975 664 1020 688 eo
1050 650 1241 700 purgando
1272 662 1472 687 sumamus.

42 705 161 756 Igitur
206 717 253 742 ex
283 705 361 753 ipso
389 704 535 754 quidem
569 706 691 743 limine
723 718 766 742 ac
795 706 978 743 vestibulo
1013 705 1180 742 mendum
1214 717 1322 742 unum
1354 712 1476 741 sustu-

42 761 150 798 limus
193 760 262 797 iam
308 760 354 795 iis
399 761 433 796 in
477 761 665 806 Scholiis,
716 773 809 811 quae
855 774 950 797 anno
997 761 1032 797 in
1071 760 1306 810 Propertium
1355 758 1475 797 edidi-

42 828 122 852 mus
141 812 203 867 ὴὲ).
264 813 357 851 Cum
399 816 492 852 enim
537 816 644 864 vulgo
682 816 732 853 ita
764 816 930 865 legatur,
971 818 1058 853 Etsi
1092 816 1163 853 tibi
1195 817 1317 853 omnia
1344 828 1476 865 suppe-

43 877 147 915 tunt,
181 882 276 920 quae
305 873 483 920 consequi
507 872 653 920 ingenio
682 878 751 908 aut
778 884 847 908 usa
874 872 1042 909 hommes
1073 878 1139 908 aul
1169 871 1366 919 diligentia
1386 881 1476 919 pos-

41 932 154 963 sunt.-
204 923 416 969 docuimus,
465 938 591 963 vocem
642 927 807 963 homines
847 932 988 962 temere
1019 923 1267 976 amiantum)
1312 931 1348 962 et
1388 923 1476 961 illud

41 980 224 1029 consequi
256 982 481 1029 παθητικῶς
519 982 671 1029 positum
714 993 812 1018 esse.
874 980 1002 1017 Paullo
1043 987 1125 1031 post
1163 987 1282 1018 autem
1315 979 1376 1017 ubi
1403 979 1478 1016 fra-

41 1036 109 1072 tris
146 1035 328 1071 amicitias
357 1037 563 1083 generatim
601 1043 820 1081 enumerat,
860 1036 909 1072 ita
941 1036 1114 1085 legitur}
1141 1036 1279 1073 Deinde
1320 1043 1358 1072 et
1384 1036 1476 1072 ami-

42 1103 168 1127 cornm
201 1090 422 1134 multitado,
465 1098 502 1127 ec
527 1103 672 1139 genera
701 1097 925 1140 appareant.
985 1091 1110 1129 Habes
1139 1093 1233 1128 enlm
1273 1103 1340 1135 ea,
1381 1102 1476 1140 quae

40 1146 131 1182 novi
162 1143 398 1181 lzabuemmt:
442 1157 565 1182 omnes
592 1145 684 1195 sere
719 1145 964 1195 publicanos,
1002 1153 1118 1183 totam
1145 1145 1239 1196 fere
1267 1151 1475 1195 equestrem

41 1200 234 1243 ordinem,
274 1200 388 1235 malm
422 1207 624 1248 praelerva
663 1202 862 1250 munl‘ez'pe'a
894 1208 966 1237 ete.
1030 1200 1114 1247 Quo
1144 1200 1250 1244 loco,
1296 1200 1381 1249 quin
1412 1199 1475 1235 isti

40 1251 329 1303 παντολέτορες,
371 1253 431 1302 qui
474 1254 685 1306 praeclaras
729 1267 813 1291 suas
853 1255 998 1304 glossas
1041 1255 1173 1303 ubique
1206 1254 1472 1298 inferciebant,

41 1309 192 1346 verbum
233 1308 450 1345 habuerunt
483 1308 528 1346 de
562 1322 628 1345 suo
659 1308 897 1355 addiderint,
941 1310 1123 1347 neminem
1165 1309 1402 1346 considerata
1433 1321 1474 1345 re

41 1363 289 1401 dubitaturum
321 1363 467 1413 opinor.
528 1364 622 1400 Nam
653 1365 712 1414 qui
741 1364 884 1401 tandem
917 1365 976 1401 illa
1008 1366 1095 1401 novi
1129 1363 1362 1402 habuerant?
1399 1363 1477 1401 Aut

41 1418 126 1470 quid
151 1418 274 1467 magni
304 1425 408 1463 erat,
453 1431 496 1455 ea
529 1419 667 1456 bzwbeie
700 1418 948 1465 Ciceronem,
991 1432 1084 1470 quae
1118 1420 1201 1457 novi
1232 1417 1477 1456 habuissent?

40 1475 142 1513 Nove
165 1473 300 1522 igitur,
330 1473 453 1523 priore
486 1474 626 1525 syllaba
658 1473 849 1524 producta,
885 1475 1080 1522 legendum
1113 1483 1191 1512 est·
1225 1482 1263 1512 ut
1285 1475 1355 1511 sit:
1383 1473 1477 1525 ἔχεις

39 1525 111 1582 γὰο
142 1544 166 1566 α
193 1527 338 1580 ἐγῷδειε
370 1541 441 1564 aon
472 1537 591 1566 autem
625 1528 719 1579 ἔχεις
745 1526 816 1581 γὰρ
846 1526 870 1567 εὶ
899 1527 996 1580 εἶχον
1026 1530 1065 1569 οἵ
1088 1527 1340 1582 natvolfffff).
1401 1530 1476 1566 Le-

42 1583 245 1622 viusculum
278 1583 347 1619 hoe
375 1589 446 1627 est,
478 1583 571 1633 quod
602 1584 767 1620 ‹tic-tuxus
796 1598 897 1621 sum:
929 1585 993 1622 sed
1020 1585 1138 1622 dicam
1169 1593 1305 1622 tamen.
1365 1583 1478 1621 Nulla

43 1646 100 1676 est
130 1639 224 1676 enim
259 1644 330 1674 tam
364 1651 474 1686 parva
504 1639 671 1684 macula,
704 1652 809 1688 quam
841 1653 910 1676 nou
946 1640 1134 1690 pulchrum
1166 1642 1215 1677 sit
1245 1653 1265 1678 e
1295 1640 1402 1677 bonis
1434 1639 1476 1675 li-

41 1694 120 1732 bris
157 1694 297 1730 eluere.
355 1693 427 1729 Ubi
464 1705 555 1742 ergo
591 1701 670 1737 est,
711 1695 788 1731 Iam
824 1696 868 1732 P.
912 1695 1090 1741 Galbam,
1128 1702 1166 1733 et
1202 1698 1247 1733 L.
1284 1696 1474 1732 Cassium:

41 1762 109 1800 pro
138 1750 215 1786 Iam
255 1747 447 1797 legendum
489 1756 574 1798 pato
600 1747 776 1800 ff‘l''²'l‘)·
838 1749 928 1786 Illud
959 1751 1132 1799 gravius:
1175 1748 1272 1800 quod
1301 1762 1381 1786 eum
1413 1761 1478 1785 ex-

43 1805 229 1855 posuisset
270 1803 400 1839 multas
440 1816 617 1848 caussas,
657 1803 703 1841 ob
742 1816 830 1853 quas
860 1805 1062 1842 Antonium
1094 1804 1230 1841 Cicero
1261 1817 1326 1854 pro
1362 1803 1476 1840 nihilo

43 1866 173 1910 putare
216 1858 397 1902 deberet,
431 1857 476 1894 de
508 1858 666 1895 Catilina
709 1858 922 1908 ingrediens
955 1861 1049 1910 loqui
1084 1860 1134 1896 ita
1167 1860 1317 1896 scribit:
1362 1861 1476 1896 Alter

43 1927 157 1958 vero,
195 1915 254 1950 dic·
291 1913 400 1958 bom',
444 1926 513 1962 quo
549 1915 743 1963 splendore
777 1914 862 1952 est?
898 1917 1060 1952 Primum
1098 1915 1292 1952 nobilitate
1331 1915 1472 1951 eadem.

44 1971 141 2006 Num
179 1968 349 2005 macore?
388 1969 502 2005 Non.-
556 1969 622 2005 sed
656 1970 808 2006 virtute.
883 1969 997 2006 tidem
1041 1976 1161 2006 autem
1200 1970 1254 2005 illi
1293 1968 1476 2006 stercorei

44 2023 329 2073 glossographi,
371 2035 460 2071 quos
499 2024 632 2072 glossis
672 2024 747 2060 suis
774 2024 911 2074 aliquid
941 2023 1037 2061 aliud
1065 2024 1215 2067 facere,
1255 2038 1327 2061 non
1360 2023 1475 2060 libros

45 2079 298 2115 contaminare
336 2078 551 2126 oportebat:
594 2077 639 2114 ad
679 2079 739 2115 illa
769 2080 881 2116 verba
910 2081 1073 2117 Primum
1113 2080 1310 2117 nobilitate
1349 2079 1476 2116 eadem

44 2134 246 2170 auctarium
287 2131 507 2170 addiderunt
536 2132 608 2184 (μία
641 2135 803 2171 Catilina
820 2133 918 2186 ††).
980 2134 1104 2185 Atque
1134 2135 1183 2171 ita
1213 2135 1319 2171 fuere
1351 2132 1473 2178 hardi,

45 2195 85 2225 ut
115 2202 186 2225 non
217 2186 570 2233 animadverterent,
603 2187 648 2225 de
680 2189 758 2238 ipso
792 2188 951 2226 Catilina
980 2202 1186 2227 sermonem
1216 2202 1315 2226 esse.
1376 2187 1474 2225 Nam

47 2243 130 2287 illa,
168 2255 261 2294 quae
306 2250 532 2292 sequuntur,
590 2244 834 2292 Quamobrem
874 2247 941 2295 (μα’
974 2246 1125 2282 inanius
1164 2245 1330 2282 umbram
1371 2257 1476 2281 suam

45 2300 178 2336 metuit
193 2297 333 2351 †††),
370 2305 542 2349 corrupta
572 2311 656 2336 esse
694 2298 825 2337 video:
867 2299 1049 2351 quomodo
1078 2299 1270 2337 emendari
1300 2298 1476 2344 debeant,

72 2427 375 2501 ἃὲὶᾶιξῑοέιεῐυιιι
395 2428 478 2457 enim
499 2435 528 2458 a.
551 2430 640 2458 ¹558.
679 2431 703 2457 Ι
708 2437 791 2466 ocus,
816 2439 907 2465 quem
927 2431 1090 2468 significat,
1113 2429 1228 2465 legitur
1249 2430 1428 2465 0pp.'1'om
1440 2429 1479 2457 11.

50 2474 68 2502 p
278 2474 352 2494 Atesi

138 2514 192 2548 θ’)
213 2516 299 2542 Haec
318 2514 497 2542 coniectura
517 2515 557 2542 ab
582 2513 729 2544 Ernestio
750 2516 781 2544 et
799 2515 917 2544 Orellio
939 2518 1047 2550 utpote
1068 2515 1173 2544 durior
1193 2516 1320 2551 recepta
1339 2522 1400 2542 non
1421 2515 1479 2542 est.

124 2568 216 2602 ὂὶἓῑῖὲὲὶἓ)
244 2568 345 2596 Edttio
378 2569 479 2603 prima
507 2571 588 2597 male
622 2563 655 2596 οἱ
680 2565 773 2604 νέοι,
812 2570 892 2604 quod
918 2572 1061 2598 Muretus
1089 2569 1228 2598 correxit
1255 2568 1433 2598 admonitus
1460 2573 1480 2595 a

49 2606 201 2635 Lambino
223 2605 358 2638 epistola
376 2607 508 2634 laudata
531 2615 599 2640 pag.
620 2608 691 2636 400.
712 2608 764 2636 ubi
785 2609 878 2635 etiam
900 2608 933 2641 Q.
949 2607 1111 2636 Ciceronis
1131 2609 1221 2636 loeus
1242 2607 1357 2634 rectius
1372 2612 1481 2633 emen-

50 2644 151 2671 datur.
182 2645 219 2671 D.
240 2644 276 2671 R.
299 2657 333 2663 -·
374 2645 543 2672 Lambinus
564 2646 656 2676 legit:
678 2647 780 2673 Habes
799 2646 877 2672 enim
897 2653 942 2680 ea,
966 2652 1042 2680 qnae
1061 2645 1133 2672 novi
1151 2651 1213 2672 non
1232 2645 1401 2671 habuerunt
1421 2646 1480 2670 etc.

52 2681 188 2709 Orellius
215 2683 285 2714 post
311 2682 383 2708 novt·
409 2682 541 2709 lacunae
568 2683 691 2714 signum
723 2683 845 2716 posuit,
873 2690 966 2717 quam
996 2690 1036 2709 ex
1058 2682 1156 2714 Epist.
1178 2682 1216 2709 ad
1239 2681 1350 2709 Famil.
1374 2681 1411 2710 V.
1433 2681 1480 2709 18.

51 2719 168 2753 optime
189 2718 235 2746 sic
255 2718 376 2752 expleri
397 2726 492 2752 posse
512 2719 691 2748 existimat:
713 2727 789 2754 quae
809 2721 881 2747 novi
899 2726 961 2748 uon
981 2720 1066 2747 inulla*
1085 2719 1264 2747 habuerunt.

125 2765 171 2804 †)
191 2773 258 2800 cap.
280 2767 308 2794 2.
331 2767 363 2799 ξε
385 2766 414 2794 7.
452 2767 617 2795 Ernestius
638 2771 732 2801 atque
754 2768 892 2796 Orellius
912 2764 990 2795 nibil
1010 2768 1141 2795 mutant.

126 2825 150 2851 Τ
154 2813 199 2851 ᾗ)
221 2813 527 2849 lbid.§.9.11aec
544 2822 626 2843 nune
647 2815 750 2844 eiecta
770 2817 852 2844 s·.unt

125 2860 226 2900 -ὶ-Ττ)
246 2861 430 2891 Ernestius:
457 2863 603 2897 quamobt
605 2870 669 2901 em,
697 2864 780 2898 quod
801 2862 942 2900 inanius,
973 2861 1112 2892 umbram
1131 2862 1190 2890 cet.
1229 2861 1293 2891 Sed
1313 2860 1344 2890 ln
1364 2862 1484 2891 annott.

1141 2898 1235 2940 10*

1504 493 1565 521 155
