<?xml version="1.0" encoding="UTF-8"?>
<!DOCTYPE html PUBLIC "-//W3C//DTD XHTML 1.0 Transitional//EN"
    "http://www.w3.org/TR/xhtml1/DTD/xhtml1-transitional.dtd">
<html xmlns="http://www.w3.org/1999/xhtml" xml:lang="en" lang="en">
 <head>
  <title>
</title>
<meta http-equiv="Content-Type" content="text/html;charset=utf-8" />
  <meta name='ocr-system' content='tesseract 3.04.00' />
  <meta name='ocr-capabilities' content='ocr_page ocr_carea ocr_par ocr_line ocrx_word'/>
</head>
<body>
  <div class='ocr_page' id='page_1' title='image "./operaomniaexmssa03mureuoft/operaomniaexmssa03mureuoft_0258.png"; bbox 0 0 1726 3106; ppageno 0'>
   <div class='ocr_carea' id='block_1_1' title="bbox 81 1472 146 1505">
    <p class='ocr_par' dir='ltr' id='par_1_1' title="bbox 81 1472 146 1505">
     <span class='ocr_line' id='line_1_1' title="bbox 81 1472 146 1505; baseline 0 -1"><span class='ocrx_word' id='word_1_1' title='bbox 81 1472 146 1505; x_wconf 76' lang='lat'><em>194</em></span> 
     </span>
    </p>
   </div>
   <div class='ocr_carea' id='block_1_2' title="bbox 160 112 1124 265">
    <p class='ocr_par' dir='ltr' id='par_1_2' title="bbox 160 112 1124 265">
     <span class='ocr_line' id='line_1_2' title="bbox 160 112 1036 158; baseline -0.005 0"><span class='ocrx_word' id='word_1_2' title='bbox 160 113 244 158; x_wconf 81' lang='grc'><em>184</em></span> <span class='ocrx_word' id='word_1_3' title='bbox 682 114 692 125; x_wconf 74' lang='lat'>‘</span> <span class='ocrx_word' id='word_1_4' title='bbox 719 113 850 158; x_wconf 82' lang='lat' dir='ltr'><em>VAR.</em></span> <span class='ocrx_word' id='word_1_5' title='bbox 880 112 1036 156; x_wconf 88' lang='lat' dir='ltr'><em>LECT.</em></span> 
     </span>
     <span class='ocr_line' id='line_1_3' title="bbox 651 223 1124 265; baseline 0 -1"><span class='ocrx_word' id='word_1_6' title='bbox 651 224 683 264; x_wconf 93' lang='lat' dir='ltr'>C</span> <span class='ocrx_word' id='word_1_7' title='bbox 712 224 751 265; x_wconf 92' lang='lat' dir='ltr'><strong>A</strong></span> <span class='ocrx_word' id='word_1_8' title='bbox 779 224 813 264; x_wconf 94' lang='lat' dir='ltr'>P</span> <span class='ocrx_word' id='word_1_9' title='bbox 840 224 878 264; x_wconf 91' lang='lat' dir='ltr'><strong>U</strong></span> <span class='ocrx_word' id='word_1_10' title='bbox 907 224 944 264; x_wconf 94' lang='lat' dir='ltr'>T</span> <span class='ocrx_word' id='word_1_11' title='bbox 997 223 1124 265; x_wconf 90' lang='lat' dir='ltr'><strong>XIX.</strong></span> 
     </span>
    </p>
   </div>
   <div class='ocr_carea' id='block_1_3' title="bbox 169 301 1609 398">
    <p class='ocr_par' dir='ltr' id='par_1_3' title="bbox 169 301 1609 398">
     <span class='ocr_line' id='line_1_4' title="bbox 169 301 1609 354; baseline 0.001 -13"><span class='ocrx_word' id='word_1_12' title='bbox 169 301 279 354; x_wconf 78' lang='lat' dir='ltr'><em>Quod</em></span> <span class='ocrx_word' id='word_1_13' title='bbox 316 301 518 342; x_wconf 72' lang='lat' dir='ltr'><em>discrimen</em></span> <span class='ocrx_word' id='word_1_14' title='bbox 553 304 607 342; x_wconf 84' lang='lat' dir='ltr'><em>sit</em></span> <span class='ocrx_word' id='word_1_15' title='bbox 631 304 886 342; x_wconf 73' lang='lat' dir='ltr'><em>accusationis</em></span> <span class='ocrx_word' id='word_1_16' title='bbox 913 308 953 341; x_wconf 80' lang='lat' dir='ltr'><em>et</em></span> <span class='ocrx_word' id='word_1_17' title='bbox 976 302 1273 350; x_wconf 76' lang='lat' dir='ltr'><em>maledictionis,</em></span> <span class='ocrx_word' id='word_1_18' title='bbox 1315 315 1336 341; x_wconf 95' lang='lat' dir='ltr'><em>e</em></span> <span class='ocrx_word' id='word_1_19' title='bbox 1363 303 1609 342; x_wconf 81' lang='lat' dir='ltr'><em>Demosthene</em></span> 
     </span>
     <span class='ocr_line' id='line_1_5' title="bbox 757 360 1020 398; baseline -0.008 0"><span class='ocrx_word' id='word_1_20' title='bbox 757 366 794 398; x_wconf 82' lang='lat' dir='ltr'><em>cl</em></span> <span class='ocrx_word' id='word_1_21' title='bbox 825 360 1020 398; x_wconf 76' lang='lat' dir='ltr'><em>Cicerone.</em></span> 
     </span>
    </p>
   </div>
   <div class='ocr_carea' id='block_1_4' title="bbox 167 437 1623 1396">
    <p class='ocr_par' dir='ltr' id='par_1_4' title="bbox 167 437 1623 1396">
     <span class='ocr_line' id='line_1_6' title="bbox 167 437 1612 508; baseline 0.001 -15"><span class='ocrx_word' id='word_1_22' title='bbox 167 437 411 494; x_wconf 75' lang='lat' dir='ltr'><em>TnAmTUM</em></span> <span class='ocrx_word' id='word_1_23' title='bbox 446 463 506 495; x_wconf 89' lang='lat' dir='ltr'><em>est</em></span> <span class='ocrx_word' id='word_1_24' title='bbox 541 465 715 496; x_wconf 83' lang='lat' dir='ltr'><em>accurate</em></span> <span class='ocrx_word' id='word_1_25' title='bbox 754 464 792 496; x_wconf 85' lang='lat' dir='ltr'><em>et</em></span> <span class='ocrx_word' id='word_1_26' title='bbox 827 457 1030 508; x_wconf 82' lang='lat' dir='ltr'><em>diligenter</em></span> <span class='ocrx_word' id='word_1_27' title='bbox 1065 469 1088 495; x_wconf 84' lang='lat' dir='ltr'><em>a</em></span> <span class='ocrx_word' id='word_1_28' title='bbox 1115 456 1175 495; x_wconf 89' lang='lat' dir='ltr'><em>M.</em></span> <span class='ocrx_word' id='word_1_29' title='bbox 1206 457 1330 496; x_wconf 91' lang='lat' dir='ltr'><em>Tullio</em></span> <span class='ocrx_word' id='word_1_30' title='bbox 1361 457 1400 495; x_wconf 89' lang='lat' dir='ltr'><em>in</em></span> <span class='ocrx_word' id='word_1_31' title='bbox 1430 455 1612 496; x_wconf 85' lang='lat' dir='ltr'><em>Coeliana</em></span> 
     </span>
     <span class='ocr_line' id='line_1_7' title="bbox 167 511 1609 564; baseline 0.001 -15"><span class='ocrx_word' id='word_1_32' title='bbox 167 511 414 559; x_wconf 82' lang='lat' dir='ltr'><em>defensione,</em></span> <span class='ocrx_word' id='word_1_33' title='bbox 450 511 537 564; x_wconf 90' lang='lat' dir='ltr'><em>quid</em></span> <span class='ocrx_word' id='word_1_34' title='bbox 567 513 668 551; x_wconf 86' lang='lat' dir='ltr'><em>inter</em></span> <span class='ocrx_word' id='word_1_35' title='bbox 694 515 968 551; x_wconf 81' lang='lat' dir='ltr'><em>accusationem</em></span> <span class='ocrx_word' id='word_1_36' title='bbox 996 525 1040 550; x_wconf 87' lang='lat' dir='ltr'><em>ac</em></span> <span class='ocrx_word' id='word_1_37' title='bbox 1070 512 1366 551; x_wconf 78' lang='lat' dir='ltr'><em>maledictionem</em></span> <span class='ocrx_word' id='word_1_38' title='bbox 1392 514 1609 551; x_wconf 81' lang='lat' dir='ltr'><em>interesset.</em></span> 
     </span>
     <span class='ocr_line' id='line_1_8' title="bbox 168 566 1614 620; baseline 0.001 -15"><span class='ocrx_word' id='word_1_39' title='bbox 168 567 269 605; x_wconf 88' lang='lat' dir='ltr'><em>Olim</em></span> <span class='ocrx_word' id='word_1_40' title='bbox 299 575 421 605; x_wconf 81' lang='lat' dir='ltr'><em>autem</em></span> <span class='ocrx_word' id='word_1_41' title='bbox 436 566 717 607; x_wconf 82' lang='lat' dir='ltr'><em>Demosthenes</em></span> <span class='ocrx_word' id='word_1_42' title='bbox 748 570 860 607; x_wconf 87' lang='lat' dir='ltr'><em>etiam</em></span> <span class='ocrx_word' id='word_1_43' title='bbox 892 569 963 605; x_wconf 84' lang='lat' dir='ltr'><em>ista</em></span> <span class='ocrx_word' id='word_1_44' title='bbox 988 567 1231 606; x_wconf 77' lang='lat' dir='ltr'><em>distinxerat:</em></span> <span class='ocrx_word' id='word_1_45' title='bbox 1264 575 1318 614; x_wconf 89' lang='lat' dir='ltr'><em>ut,</em></span> <span class='ocrx_word' id='word_1_46' title='bbox 1350 570 1515 620; x_wconf 86' lang='lat' dir='ltr'><em>quamvis</em></span> <span class='ocrx_word' id='word_1_47' title='bbox 1539 581 1614 606; x_wconf 91' lang='lat' dir='ltr'><em>non</em></span> 
     </span>
     <span class='ocr_line' id='line_1_9' title="bbox 167 621 1612 675; baseline 0.001 -14"><span class='ocrx_word' id='word_1_48' title='bbox 167 622 280 673; x_wconf 79' lang='lat' dir='ltr'><em>plane</em></span> <span class='ocrx_word' id='word_1_49' title='bbox 312 621 412 661; x_wconf 85' lang='lat' dir='ltr'><em>idem</em></span> <span class='ocrx_word' id='word_1_50' title='bbox 441 623 487 662; x_wconf 82' lang='lat' dir='ltr'><em>ab</em></span> <span class='ocrx_word' id='word_1_51' title='bbox 516 630 672 675; x_wconf 83' lang='lat' dir='ltr'><em>utroque</em></span> <span class='ocrx_word' id='word_1_52' title='bbox 701 623 868 670; x_wconf 84' lang='lat' dir='ltr'><em>dicatur,</em></span> <span class='ocrx_word' id='word_1_53' title='bbox 899 622 1049 661; x_wconf 90' lang='lat' dir='ltr'><em>dubium</em></span> <span class='ocrx_word' id='word_1_54' title='bbox 1080 630 1201 660; x_wconf 82' lang='lat' dir='ltr'><em>tamen</em></span> <span class='ocrx_word' id='word_1_55' title='bbox 1223 637 1295 661; x_wconf 93' lang='lat' dir='ltr'><em>non</em></span> <span class='ocrx_word' id='word_1_56' title='bbox 1321 623 1492 670; x_wconf 81' lang='lat' dir='ltr'><em>habeam,</em></span> <span class='ocrx_word' id='word_1_57' title='bbox 1524 625 1612 675; x_wconf 89' lang='lat' dir='ltr'><em>quin</em></span> 
     </span>
     <span class='ocr_line' id='line_1_10' title="bbox 168 676 1615 730; baseline 0.002 -16"><span class='ocrx_word' id='word_1_58' title='bbox 168 676 344 715; x_wconf 85' lang='lat' dir='ltr'><em>Cicero</em></span> <span class='ocrx_word' id='word_1_59' title='bbox 335 691 374 716; x_wconf 79' lang='lat' dir='ltr'><em>in</em></span> <span class='ocrx_word' id='word_1_60' title='bbox 407 691 453 716; x_wconf 85' lang='lat' dir='ltr'><em>ea</em></span> <span class='ocrx_word' id='word_1_61' title='bbox 482 692 523 717; x_wconf 89' lang='lat' dir='ltr'><em>re</em></span> <span class='ocrx_word' id='word_1_62' title='bbox 551 678 746 717; x_wconf 85' lang='lat' dir='ltr'><em>tractanda</em></span> <span class='ocrx_word' id='word_1_63' title='bbox 776 680 907 717; x_wconf 89' lang='lat' dir='ltr'><em>summi</em></span> <span class='ocrx_word' id='word_1_64' title='bbox 929 679 1067 717; x_wconf 85' lang='lat' dir='ltr'><em>Gracci</em></span> <span class='ocrx_word' id='word_1_65' title='bbox 1098 679 1258 716; x_wconf 85' lang='lat' dir='ltr'><em>oratoris</em></span> <span class='ocrx_word' id='word_1_66' title='bbox 1280 680 1438 730; x_wconf 85' lang='lat' dir='ltr'><em>vestigia</em></span> <span class='ocrx_word' id='word_1_67' title='bbox 1459 681 1506 716; x_wconf 90' lang='lat' dir='ltr'><em>sit</em></span> <span class='ocrx_word' id='word_1_68' title='bbox 1529 692 1615 730; x_wconf 90' lang='lat' dir='ltr'><em>per-</em></span> 
     </span>
     <span class='ocr_line' id='line_1_11' title="bbox 169 732 1615 786; baseline 0.001 -16"><span class='ocrx_word' id='word_1_69' title='bbox 169 739 337 771; x_wconf 82' lang='lat' dir='ltr'><em>secutus.</em></span> <span class='ocrx_word' id='word_1_70' title='bbox 399 733 605 786; x_wconf 88' lang='lat' dir='ltr'><em>Utrumque</em></span> <span class='ocrx_word' id='word_1_71' title='bbox 635 734 751 784; x_wconf 83' lang='lat' dir='ltr'><em>igitur</em></span> <span class='ocrx_word' id='word_1_72' title='bbox 776 735 894 772; x_wconf 86' lang='lat' dir='ltr'><em>locum</em></span> <span class='ocrx_word' id='word_1_73' title='bbox 927 747 1009 770; x_wconf 90' lang='lat' dir='ltr'><em>mco</em></span> <span class='ocrx_word' id='word_1_74' title='bbox 1041 746 1142 771; x_wconf 89' lang='lat' dir='ltr'><em>more</em></span> <span class='ocrx_word' id='word_1_75' title='bbox 1173 732 1409 781; x_wconf 81' lang='lat' dir='ltr'><em>describam,</em></span> <span class='ocrx_word' id='word_1_76' title='bbox 1442 742 1482 772; x_wconf 84' lang='lat' dir='ltr'><em>ut.</em></span> <span class='ocrx_word' id='word_1_77' title='bbox 1512 748 1615 773; x_wconf 92' lang='lat' dir='ltr'><em>com-</em></span> 
     </span>
     <span class='ocr_line' id='line_1_12' title="bbox 167 785 1612 856; baseline 0.003 -31"><span class='ocrx_word' id='word_1_78' title='bbox 167 795 363 854; x_wconf 81' lang='lat' dir='ltr'><em>parentur.</em></span> <span class='ocrx_word' id='word_1_79' title='bbox 423 788 702 827; x_wconf 82' lang='lat' dir='ltr'><em>Demosthenes</em></span> <span class='ocrx_word' id='word_1_80' title='bbox 727 788 826 856; x_wconf 81' lang='grc' dir='ltr'><em>περὶ</em></span> <span class='ocrx_word' id='word_1_81' title='bbox 859 785 1051 838; x_wconf 79' lang='grc' dir='ltr'><em>στεφάνου</em></span> <span class='ocrx_word' id='word_1_82' title='bbox 1066 788 1136 840; x_wconf 60' lang='lat'><em>¹⁸*)·</em></span> <span class='ocrx_word' id='word_1_83' title='bbox 1174 789 1253 828; x_wconf 87' lang='grc' dir='ltr'><em>Καί</em></span> <span class='ocrx_word' id='word_1_84' title='bbox 1289 804 1348 855; x_wconf 70' lang='grc' dir='ltr'><em>τοι</em></span> <span class='ocrx_word' id='word_1_85' title='bbox 1384 788 1451 828; x_wconf 81' lang='grc' dir='ltr'><em>καὶ</em></span> <span class='ocrx_word' id='word_1_86' title='bbox 1486 793 1612 839; x_wconf 84' lang='grc' dir='ltr'><em>τοῦτο,</em></span> 
     </span>
     <span class='ocr_line' id='line_1_13' title="bbox 168 839 1615 913; baseline 0.003 -32"><span class='ocrx_word' id='word_1_87' title='bbox 168 858 202 885; x_wconf 87' lang='grc' dir='ltr'><em>ω</em></span> <span class='ocrx_word' id='word_1_88' title='bbox 242 839 378 896; x_wconf 72' lang='grc' dir='ltr'><em>ἄνδρες</em></span> <span class='ocrx_word' id='word_1_89' title='bbox 399 840 629 911; x_wconf 78' lang='grc' dir='ltr'><em>Ἀθηναῖοι,</em></span> <span class='ocrx_word' id='word_1_90' title='bbox 668 840 741 897; x_wconf 74' lang='grc' dir='ltr'><em>ἐγὼ</em></span> <span class='ocrx_word' id='word_1_91' title='bbox 780 844 976 911; x_wconf 75' lang='grc' dir='ltr'><em>λοιδορίαν</em></span> <span class='ocrx_word' id='word_1_92' title='bbox 1012 844 1241 913; x_wconf 56' lang='grc' dir='ltr'><em>κατηϊορίας</em></span> <span class='ocrx_word' id='word_1_93' title='bbox 1268 841 1395 913; x_wconf 80' lang='grc' dir='ltr'><em>τούτῳ</em></span> <span class='ocrx_word' id='word_1_94' title='bbox 1418 844 1615 912; x_wconf 78' lang='grc' dir='ltr'><em>διαφέρειν</em></span> 
     </span>
     <span class='ocr_line' id='line_1_14' title="bbox 168 893 1616 954; baseline 0.002 -17.061"><span class='ocrx_word' id='word_1_95' title='bbox 168 893 359 951; x_wconf 70' lang='grc' dir='ltr'><em>ἡγοῦμαι,</em></span> <span class='ocrx_word' id='word_1_96' title='bbox 392 902 446 954; x_wconf 80' lang='grc' dir='ltr'><em>τῷ</em></span> <span class='ocrx_word' id='word_1_97' title='bbox 472 896 542 952; x_wconf 77' lang='grc' dir='ltr'><em>τὴν</em></span> <span class='ocrx_word' id='word_1_98' title='bbox 570 898 639 951; x_wconf 78' lang='grc' dir='ltr'><em>μὲν</em></span> <span class='ocrx_word' id='word_1_99' title='bbox 661 900 893 952; x_wconf 78' lang='grc' dir='ltr'><em>κατηγορίαν</em></span> <span class='ocrx_word' id='word_1_100' title='bbox 921 896 1109 950; x_wconf 79' lang='grc' dir='ltr'><em>αδικηματ</em></span> <span class='ocrx_word' id='word_1_101' title='bbox 1156 914 1263 950; x_wconf 81' lang='grc' dir='ltr'><em>εχειν,</em></span> <span class='ocrx_word' id='word_1_102' title='bbox 1295 900 1349 937; x_wconf 85' lang='grc' dir='ltr'><em>ὡν</em></span> <span class='ocrx_word' id='word_1_103' title='bbox 1377 898 1420 938; x_wconf 82' lang='grc' dir='ltr'><em>ἐν</em></span> <span class='ocrx_word' id='word_1_104' title='bbox 1445 904 1526 947; x_wconf 85' lang='grc' dir='ltr'><em>τοῖς</em></span> <span class='ocrx_word' id='word_1_105' title='bbox 1551 897 1616 940; x_wconf 85' lang='grc' dir='ltr'><em>νό-</em></span> 
     </span>
     <span class='ocr_line' id='line_1_15' title="bbox 169 952 1619 1022; baseline 0.002 -31"><span class='ocrx_word' id='word_1_106' title='bbox 169 968 258 1020; x_wconf 83' lang='grc' dir='ltr'><em>μοις</em></span> <span class='ocrx_word' id='word_1_107' title='bbox 294 953 390 994; x_wconf 82' lang='grc' dir='ltr'><em>εἰσιν</em></span> <span class='ocrx_word' id='word_1_108' title='bbox 425 954 468 995; x_wconf 80' lang='grc' dir='ltr'><em>αἱ</em></span> <span class='ocrx_word' id='word_1_109' title='bbox 491 954 698 1020; x_wconf 86' lang='grc' dir='ltr'><em>τιμωρίαι·</em></span> <span class='ocrx_word' id='word_1_110' title='bbox 735 954 804 1006; x_wconf 83' lang='grc' dir='ltr'><em>τὴν</em></span> <span class='ocrx_word' id='word_1_111' title='bbox 843 953 884 994; x_wconf 77' lang='grc' dir='ltr'><em>δὲ</em></span> <span class='ocrx_word' id='word_1_112' title='bbox 911 955 1108 1022; x_wconf 80' lang='grc' dir='ltr'><em>λοιδοριαν</em></span> <span class='ocrx_word' id='word_1_113' title='bbox 1143 955 1409 1005; x_wconf 80' lang='grc' dir='ltr'><em>βλασφημίας,</em></span> <span class='ocrx_word' id='word_1_114' title='bbox 1447 971 1494 1002; x_wconf 83' lang='grc' dir='ltr'><em>ας</em></span> <span class='ocrx_word' id='word_1_115' title='bbox 1521 952 1619 995; x_wconf 79' lang='grc' dir='ltr'><em>κατὰ</em></span> 
     </span>
     <span class='ocr_line' id='line_1_16' title="bbox 170 1004 1616 1064; baseline 0.002 -17"><span class='ocrx_word' id='word_1_116' title='bbox 170 1004 242 1059; x_wconf 77' lang='grc' dir='ltr'><em>τὴν</em></span> <span class='ocrx_word' id='word_1_117' title='bbox 276 1006 405 1050; x_wconf 74' lang='grc' dir='ltr'><em>αὐτῶν</em></span> <span class='ocrx_word' id='word_1_118' title='bbox 444 1007 565 1060; x_wconf 80' lang='grc' dir='ltr'><em>φύσιν</em></span> <span class='ocrx_word' id='word_1_119' title='bbox 596 1014 677 1056; x_wconf 79' lang='grc' dir='ltr'><em>τοῖς</em></span> <span class='ocrx_word' id='word_1_120' title='bbox 720 1009 874 1063; x_wconf 79' lang='grc' dir='ltr'><em>ἐχθροῖς</em></span> <span class='ocrx_word' id='word_1_121' title='bbox 908 1010 996 1063; x_wconf 76' lang='grc' dir='ltr'><em>περὶ</em></span> <span class='ocrx_word' id='word_1_122' title='bbox 1032 1007 1205 1061; x_wconf 77' lang='grc' dir='ltr'><em>αλληλων</em></span> <span class='ocrx_word' id='word_1_123' title='bbox 1245 1010 1448 1061; x_wconf 84' lang='grc' dir='ltr'><em>συμβαίνοι</em></span> <span class='ocrx_word' id='word_1_124' title='bbox 1484 1009 1616 1064; x_wconf 82' lang='grc' dir='ltr'><em>λέγειν.</em></span> 
     </span>
     <span class='ocr_line' id='line_1_17' title="bbox 172 1063 1619 1132; baseline 0.003 -31"><span class='ocrx_word' id='word_1_125' title='bbox 172 1063 313 1102; x_wconf 88' lang='lat' dir='ltr'><em>Cicero</em></span> <span class='ocrx_word' id='word_1_126' title='bbox 349 1078 418 1116; x_wconf 88' lang='lat' dir='ltr'><em>pro</em></span> <span class='ocrx_word' id='word_1_127' title='bbox 448 1064 581 1104; x_wconf 89' lang='lat' dir='ltr'><em>Coelio</em></span> <span class='ocrx_word' id='word_1_128' title='bbox 599 1065 700 1132; x_wconf 38' lang='grc' dir='ltr'><em>ἢῆ.</em></span> <span class='ocrx_word' id='word_1_129' title='bbox 741 1067 819 1104; x_wconf 88' lang='lat' dir='ltr'><em>Sed</em></span> <span class='ocrx_word' id='word_1_130' title='bbox 858 1067 964 1104; x_wconf 79' lang='lat' dir='ltr'><em>alead</em></span> <span class='ocrx_word' id='word_1_131' title='bbox 1000 1073 1058 1104; x_wconf 87' lang='lat' dir='ltr'><em>est</em></span> <span class='ocrx_word' id='word_1_132' title='bbox 1084 1066 1330 1110; x_wconf 69' lang='lat' dir='ltr'><em>maledicere,</em></span> <span class='ocrx_word' id='word_1_133' title='bbox 1373 1067 1481 1103; x_wconf 77' lang='lat' dir='ltr'><em>alead</em></span> <span class='ocrx_word' id='word_1_134' title='bbox 1508 1079 1619 1105; x_wconf 86' lang='lat' dir='ltr'><em>aecu-</em></span> 
     </span>
     <span class='ocr_line' id='line_1_18' title="bbox 170 1120 1623 1170; baseline 0.002 -13"><span class='ocrx_word' id='word_1_135' title='bbox 170 1131 274 1157; x_wconf 83' lang='lat' dir='ltr'><em>sare.</em></span> <span class='ocrx_word' id='word_1_136' title='bbox 333 1123 545 1159; x_wconf 60' lang='lat' dir='ltr'><em>Accusatio</em></span> <span class='ocrx_word' id='word_1_137' title='bbox 574 1134 713 1160; x_wconf 71' lang='lat' dir='ltr'><em>crimen</em></span> <span class='ocrx_word' id='word_1_138' title='bbox 745 1122 960 1167; x_wconf 72' lang='lat' dir='ltr'><em>desederat,</em></span> <span class='ocrx_word' id='word_1_139' title='bbox 1003 1134 1081 1158; x_wconf 87' lang='lat' dir='ltr'><em>rem</em></span> <span class='ocrx_word' id='word_1_140' title='bbox 1116 1129 1160 1160; x_wconf 82' lang='lat' dir='ltr'><em>ut</em></span> <span class='ocrx_word' id='word_1_141' title='bbox 1188 1120 1367 1170; x_wconf 68' lang='lat' dir='ltr'><em>definiat,</em></span> <span class='ocrx_word' id='word_1_142' title='bbox 1402 1123 1549 1160; x_wconf 86' lang='lat' dir='ltr'><em>nomine</em></span> <span class='ocrx_word' id='word_1_143' title='bbox 1578 1128 1623 1160; x_wconf 80' lang='lat' dir='ltr'><em>ut</em></span> 
     </span>
     <span class='ocr_line' id='line_1_19' title="bbox 171 1176 1619 1228; baseline 0.002 -16"><span class='ocrx_word' id='word_1_144' title='bbox 171 1181 302 1213; x_wconf 84' lang='lat' dir='ltr'><em>notet.-</em></span> <span class='ocrx_word' id='word_1_145' title='bbox 334 1184 558 1225; x_wconf 78' lang='lat' dir='ltr'><em>argumento</em></span> <span class='ocrx_word' id='word_1_146' title='bbox 583 1176 744 1228; x_wconf 78' lang='lat' dir='ltr'><em>probet.-</em></span> <span class='ocrx_word' id='word_1_147' title='bbox 776 1184 868 1215; x_wconf 86' lang='lat' dir='ltr'><em>teste</em></span> <span class='ocrx_word' id='word_1_148' title='bbox 896 1176 1103 1226; x_wconf 78' lang='lat' dir='ltr'><em>confirmet.</em></span> <span class='ocrx_word' id='word_1_149' title='bbox 1163 1176 1384 1214; x_wconf 81' lang='lat' dir='ltr'><em>Maledictio</em></span> <span class='ocrx_word' id='word_1_150' title='bbox 1412 1184 1534 1214; x_wconf 83' lang='lat' dir='ltr'><em>autem</em></span> <span class='ocrx_word' id='word_1_151' title='bbox 1559 1179 1619 1215; x_wconf 80' lang='lat' dir='ltr'><em>ni-</em></span> 
     </span>
     <span class='ocr_line' id='line_1_20' title="bbox 172 1229 1620 1284; baseline 0.003 -18"><span class='ocrx_word' id='word_1_152' title='bbox 172 1229 233 1267; x_wconf 78' lang='lat' dir='ltr'><em>lztl</em></span> <span class='ocrx_word' id='word_1_153' title='bbox 262 1231 377 1269; x_wconf 83' lang='lat' dir='ltr'><em>lzabct</em></span> <span class='ocrx_word' id='word_1_154' title='bbox 408 1234 603 1282; x_wconf 72' lang='lat' dir='ltr'><em>propositi</em></span> <span class='ocrx_word' id='word_1_155' title='bbox 618 1238 778 1284; x_wconf 78' lang='lat' dir='ltr'><em>praeter</em></span> <span class='ocrx_word' id='word_1_156' title='bbox 806 1233 1093 1270; x_wconf 76' lang='lat' dir='ltr'><em>contumeliam.-</em></span> <span class='ocrx_word' id='word_1_157' title='bbox 1147 1244 1267 1282; x_wconf 74' lang='lat' dir='ltr'><em>qaae,</em></span> <span class='ocrx_word' id='word_1_158' title='bbox 1315 1232 1353 1268; x_wconf 86' lang='lat' dir='ltr'><em>si</em></span> <span class='ocrx_word' id='word_1_159' title='bbox 1382 1233 1620 1282; x_wconf 77' lang='lat' dir='ltr'><em>petulantias</em></span> 
     </span>
     <span class='ocr_line' id='line_1_21' title="bbox 173 1285 1616 1341; baseline 0.003 -19"><span class='ocrx_word' id='word_1_160' title='bbox 173 1285 344 1323; x_wconf 77' lang='lat' dir='ltr'><em>iaciatur</em></span> <span class='ocrx_word' id='word_1_161' title='bbox 387 1285 458 1338; x_wconf 79' lang='lat' dir='ltr'><em>(ita</em></span> <span class='ocrx_word' id='word_1_162' title='bbox 498 1287 597 1325; x_wconf 88' lang='lat' dir='ltr'><em>enim</em></span> <span class='ocrx_word' id='word_1_163' title='bbox 638 1285 837 1337; x_wconf 87' lang='lat' dir='ltr'><em>legendum</em></span> <span class='ocrx_word' id='word_1_164' title='bbox 881 1293 961 1324; x_wconf 86' lang='lat' dir='ltr'><em>est:</em></span> <span class='ocrx_word' id='word_1_165' title='bbox 1011 1299 1109 1332; x_wconf 92' lang='lat' dir='ltr'><em>non,</em></span> <span class='ocrx_word' id='word_1_166' title='bbox 1158 1292 1198 1323; x_wconf 88' lang='lat' dir='ltr'><em>ut</em></span> <span class='ocrx_word' id='word_1_167' title='bbox 1236 1285 1368 1337; x_wconf 87' lang='lat' dir='ltr'><em>vulgo,</em></span> <span class='ocrx_word' id='word_1_168' title='bbox 1405 1287 1616 1341; x_wconf 81' lang='lat' dir='ltr'><em>iactatur),</em></span> 
     </span>
     <span class='ocr_line' id='line_1_22' title="bbox 172 1341 1175 1396; baseline 0.001 -18"><span class='ocrx_word' id='word_1_169' title='bbox 172 1341 406 1388; x_wconf 77' lang='lat' dir='ltr'><em>convicium,</em></span> <span class='ocrx_word' id='word_1_170' title='bbox 435 1343 475 1380; x_wconf 85' lang='lat' dir='ltr'><em>si</em></span> <span class='ocrx_word' id='word_1_171' title='bbox 485 1342 683 1396; x_wconf 80' lang='lat' dir='ltr'><em>facetias,</em></span> <span class='ocrx_word' id='word_1_172' title='bbox 716 1342 915 1382; x_wconf 82' lang='lat' dir='ltr'><em>urbanitas</em></span> <span class='ocrx_word' id='word_1_173' title='bbox 942 1343 1175 1380; x_wconf 78' lang='lat' dir='ltr'><em>nominatur.</em></span> 
     </span>
    </p>
   </div>
   <div class='ocr_carea' id='block_1_5' title="bbox 1627 1427 1632 1449">
    <p class='ocr_par' dir='ltr' id='par_1_5' title="bbox 1627 1427 1632 1449">
     <span class='ocr_line' id='line_1_23' title="bbox 1627 1427 1632 1449; baseline 0 0"><span class='ocrx_word' id='word_1_174' title='bbox 1627 1427 1632 1449; x_wconf 84' lang='lat' dir='ltr'><em>l</em></span> 
     </span>
    </p>
   </div>
   <div class='ocr_carea' id='block_1_6' title="bbox 672 1472 1122 1512">
    <p class='ocr_par' dir='ltr' id='par_1_6' title="bbox 672 1472 1122 1512">
     <span class='ocr_line' id='line_1_24' title="bbox 672 1472 1122 1512; baseline -0.002 0"><span class='ocrx_word' id='word_1_175' title='bbox 672 1472 963 1512; x_wconf 90' lang='lat' dir='ltr'><strong>CAPUT</strong></span> <span class='ocrx_word' id='word_1_176' title='bbox 1018 1473 1122 1512; x_wconf 89' lang='lat' dir='ltr'><em>XX.</em></span> 
     </span>
    </p>
   </div>
   <div class='ocr_carea' id='block_1_7' title="bbox 171 1549 1620 1645">
    <p class='ocr_par' dir='ltr' id='par_1_7' title="bbox 171 1549 1620 1645">
     <span class='ocr_line' id='line_1_25' title="bbox 171 1549 1620 1590; baseline 0.002 -3"><span class='ocrx_word' id='word_1_177' title='bbox 171 1549 231 1588; x_wconf 83' lang='lat' dir='ltr'><em>De</em></span> <span class='ocrx_word' id='word_1_178' title='bbox 257 1549 300 1588; x_wconf 81' lang='grc' dir='ltr'><em>υἱ</em></span> <span class='ocrx_word' id='word_1_179' title='bbox 321 1550 496 1589; x_wconf 78' lang='lat' dir='ltr'><em>veritatz&#39;s</em></span> <span class='ocrx_word' id='word_1_180' title='bbox 528 1551 723 1590; x_wconf 76' lang='lat' dir='ltr'><em>Cz‘ceronz&#39;s</em></span> <span class='ocrx_word' id='word_1_181' title='bbox 751 1552 938 1589; x_wconf 81' lang='lat' dir='ltr'><em>sententia</em></span> <span class='ocrx_word' id='word_1_182' title='bbox 974 1564 1026 1588; x_wconf 67' lang='lat' dir='ltr'><em>em</em></span> <span class='ocrx_word' id='word_1_183' title='bbox 1051 1550 1260 1590; x_wconf 74' lang='lat' dir='ltr'><em>Aeschine.</em></span> <span class='ocrx_word' id='word_1_184' title='bbox 1320 1550 1424 1589; x_wconf 76' lang='lat' dir='ltr'><em>Liuii</em></span> <span class='ocrx_word' id='word_1_185' title='bbox 1447 1551 1524 1589; x_wconf 80' lang='lat' dir='ltr'><em>loci</em></span> <span class='ocrx_word' id='word_1_186' title='bbox 1546 1551 1620 1590; x_wconf 79' lang='lat' dir='ltr'><em>duo</em></span> 
     </span>
     <span class='ocr_line' id='line_1_26' title="bbox 796 1607 998 1645; baseline 0.005 -2"><span class='ocrx_word' id='word_1_187' title='bbox 796 1607 998 1645; x_wconf 76' lang='lat' dir='ltr'><em>emendati.</em></span> 
     </span>
    </p>
   </div>
   <div class='ocr_carea' id='block_1_8' title="bbox 167 1683 1620 2256">
    <p class='ocr_par' dir='ltr' id='par_1_8' title="bbox 167 1683 1620 2256">
     <span class='ocr_line' id='line_1_27' title="bbox 170 1683 1620 1758; baseline 0.004 -18"><span class='ocrx_word' id='word_1_188' title='bbox 170 1683 425 1743; x_wconf 67' lang='lat' dir='ltr'>EMERGERE</span> <span class='ocrx_word' id='word_1_189' title='bbox 463 1702 611 1744; x_wconf 81' lang='lat' dir='ltr'><em>tandem</em></span> <span class='ocrx_word' id='word_1_190' title='bbox 654 1712 692 1744; x_wconf 86' lang='lat' dir='ltr'><em>et</em></span> <span class='ocrx_word' id='word_1_191' title='bbox 727 1705 891 1744; x_wconf 81' lang='lat' dir='ltr'><em>existere</em></span> <span class='ocrx_word' id='word_1_192' title='bbox 920 1705 1141 1751; x_wconf 80' lang='lat' dir='ltr'><em>veritatem,</em></span> <span class='ocrx_word' id='word_1_193' title='bbox 1183 1716 1304 1756; x_wconf 87' lang='lat' dir='ltr'><em>neque</em></span> <span class='ocrx_word' id='word_1_194' title='bbox 1335 1705 1419 1743; x_wconf 90' lang='lat' dir='ltr'><em>ullis</em></span> <span class='ocrx_word' id='word_1_195' title='bbox 1448 1719 1620 1758; x_wconf 82' lang='lat' dir='ltr'><em>umquam</em></span> 
     </span>
     <span class='ocr_line' id='line_1_28' title="bbox 170 1759 1619 1812; baseline 0.003 -15"><span class='ocrx_word' id='word_1_196' title='bbox 170 1759 356 1799; x_wconf 83' lang='lat' dir='ltr'><em>machinis</em></span> <span class='ocrx_word' id='word_1_197' title='bbox 391 1761 442 1799; x_wconf 85' lang='lat' dir='ltr'><em>ita</em></span> <span class='ocrx_word' id='word_1_198' title='bbox 479 1761 626 1812; x_wconf 85' lang='lat' dir='ltr'><em>premi,</em></span> <span class='ocrx_word' id='word_1_199' title='bbox 673 1769 713 1799; x_wconf 88' lang='lat' dir='ltr'><em>ut</em></span> <span class='ocrx_word' id='word_1_200' title='bbox 754 1762 1005 1812; x_wconf 85' lang='lat' dir='ltr'><em>opprimatur,</em></span> <span class='ocrx_word' id='word_1_201' title='bbox 1056 1760 1159 1798; x_wconf 89' lang='lat' dir='ltr'><em>multi</em></span> <span class='ocrx_word' id='word_1_202' title='bbox 1198 1773 1407 1811; x_wconf 83' lang='lat' dir='ltr'><em>gravesque</em></span> <span class='ocrx_word' id='word_1_203' title='bbox 1445 1770 1619 1801; x_wconf 84' lang='lat' dir='ltr'><em>auctores</em></span> 
     </span>
     <span class='ocr_line' id='line_1_29' title="bbox 167 1814 1619 1867; baseline 0.001 -14"><span class='ocrx_word' id='word_1_204' title='bbox 167 1828 286 1867; x_wconf 83' lang='lat' dir='ltr'><em>saepe</em></span> <span class='ocrx_word' id='word_1_205' title='bbox 316 1814 516 1854; x_wconf 80' lang='lat' dir='ltr'><em>dixerunt:</em></span> <span class='ocrx_word' id='word_1_206' title='bbox 549 1815 685 1854; x_wconf 89' lang='lat' dir='ltr'><em>Cicero</em></span> <span class='ocrx_word' id='word_1_207' title='bbox 716 1817 816 1854; x_wconf 84' lang='lat' dir='ltr'><em>inter</em></span> <span class='ocrx_word' id='word_1_208' title='bbox 846 1823 1008 1862; x_wconf 86' lang='lat' dir='ltr'><em>ceteros,</em></span> <span class='ocrx_word' id='word_1_209' title='bbox 1042 1816 1103 1866; x_wconf 91' lang='lat' dir='ltr'><em>qui</em></span> <span class='ocrx_word' id='word_1_210' title='bbox 1134 1828 1215 1853; x_wconf 88' lang='lat' dir='ltr'><em>cum</em></span> <span class='ocrx_word' id='word_1_211' title='bbox 1247 1816 1340 1853; x_wconf 84' lang='lat' dir='ltr'><em>hanc</em></span> <span class='ocrx_word' id='word_1_212' title='bbox 1361 1818 1619 1866; x_wconf 82' lang='lat' dir='ltr'><em>gravissimam</em></span> 
     </span>
     <span class='ocr_line' id='line_1_30' title="bbox 169 1869 1620 1923; baseline 0.001 -14"><span class='ocrx_word' id='word_1_213' title='bbox 169 1877 210 1909; x_wconf 86' lang='lat' dir='ltr'><em>et</em></span> <span class='ocrx_word' id='word_1_214' title='bbox 246 1869 438 1923; x_wconf 84' lang='lat' dir='ltr'><em>dignitatis</em></span> <span class='ocrx_word' id='word_1_215' title='bbox 477 1872 730 1923; x_wconf 83' lang='lat' dir='ltr'><em>plenissimam</em></span> <span class='ocrx_word' id='word_1_216' title='bbox 770 1872 993 1910; x_wconf 80' lang='lat' dir='ltr'><em>sententiam</em></span> <span class='ocrx_word' id='word_1_217' title='bbox 1030 1883 1170 1922; x_wconf 90' lang='lat' dir='ltr'><em>ponere</em></span> <span class='ocrx_word' id='word_1_218' title='bbox 1210 1871 1245 1907; x_wconf 93' lang='lat' dir='ltr'><em>in</em></span> <span class='ocrx_word' id='word_1_219' title='bbox 1276 1870 1457 1910; x_wconf 82' lang='lat' dir='ltr'><em>Coeliana</em></span> <span class='ocrx_word' id='word_1_220' title='bbox 1487 1872 1620 1912; x_wconf 89' lang='lat' dir='ltr'><em>defen-</em></span> 
     </span>
     <span class='ocr_line' id='line_1_31' title="bbox 170 1927 1618 1978; baseline 0.003 -16"><span class='ocrx_word' id='word_1_221' title='bbox 170 1927 280 1964; x_wconf 91' lang='lat' dir='ltr'><em>sione</em></span> <span class='ocrx_word' id='word_1_222' title='bbox 308 1927 440 1974; x_wconf 84' lang='lat' dir='ltr'><em>vellet,</em></span> <span class='ocrx_word' id='word_1_223' title='bbox 481 1940 529 1966; x_wconf 88' lang='lat' dir='ltr'><em>ex</em></span> <span class='ocrx_word' id='word_1_224' title='bbox 556 1927 751 1966; x_wconf 88' lang='lat' dir='ltr'><em>Aeschine</em></span> <span class='ocrx_word' id='word_1_225' title='bbox 788 1940 869 1965; x_wconf 88' lang='lat' dir='ltr'><em>eam</em></span> <span class='ocrx_word' id='word_1_226' title='bbox 899 1940 1014 1978; x_wconf 87' lang='lat' dir='ltr'><em>prope</em></span> <span class='ocrx_word' id='word_1_227' title='bbox 1044 1927 1313 1977; x_wconf 84' lang='lat' dir='ltr'><em>interpretatus</em></span> <span class='ocrx_word' id='word_1_228' title='bbox 1344 1934 1416 1965; x_wconf 84' lang='lat' dir='ltr'><em>est.</em></span> <span class='ocrx_word' id='word_1_229' title='bbox 1480 1930 1510 1966; x_wconf 89' lang='lat'><em>0</em></span> <span class='ocrx_word' id='word_1_230' title='bbox 1538 1941 1618 1967; x_wconf 85' lang='lat' dir='ltr'><em>ma-</em></span> 
     </span>
     <span class='ocr_line' id='line_1_32' title="bbox 167 1979 1614 2034; baseline 0.002 -16"><span class='ocrx_word' id='word_1_231' title='bbox 167 1994 270 2031; x_wconf 81' lang='lat' dir='ltr'><em>gna,</em></span> <span class='ocrx_word' id='word_1_232' title='bbox 316 1982 435 2033; x_wconf 89' lang='lat' dir='ltr'><em>inquit</em></span> <span class='ocrx_word' id='word_1_233' title='bbox 447 1979 574 2033; x_wconf 42' lang='lat' dir='ltr'><em>3&#39;‘fissssi‘),</em></span> <span class='ocrx_word' id='word_1_234' title='bbox 613 1985 667 2020; x_wconf 82' lang='lat' dir='ltr'><em>vis</em></span> <span class='ocrx_word' id='word_1_235' title='bbox 705 1984 898 2028; x_wconf 70' lang='lat' dir='ltr'><em>veritates,</em></span> <span class='ocrx_word' id='word_1_236' title='bbox 941 1996 1037 2034; x_wconf 76' lang='lat' dir='ltr'><em>qaae</em></span> <span class='ocrx_word' id='word_1_237' title='bbox 1076 1989 1209 2020; x_wconf 84' lang='lat' dir='ltr'><em>contra</em></span> <span class='ocrx_word' id='word_1_238' title='bbox 1233 1984 1418 2020; x_wconf 76' lang='lat' dir='ltr'><em>hominum</em></span> <span class='ocrx_word' id='word_1_239' title='bbox 1448 1984 1614 2033; x_wconf 68' lang='lat' dir='ltr'><em>ingenia,</em></span> 
     </span>
     <span class='ocr_line' id='line_1_33' title="bbox 170 2037 1617 2088; baseline 0.002 -15"><span class='ocrx_word' id='word_1_240' title='bbox 170 2038 443 2083; x_wconf 67' lang='lat' dir='ltr'><em>calliditatem,</em></span> <span class='ocrx_word' id='word_1_241' title='bbox 488 2040 704 2083; x_wconf 70' lang='lat' dir='ltr'><em>solertiam,</em></span> <span class='ocrx_word' id='word_1_242' title='bbox 743 2045 948 2088; x_wconf 75' lang='lat' dir='ltr'><em>contraque</em></span> <span class='ocrx_word' id='word_1_243' title='bbox 971 2038 1094 2088; x_wconf 84' lang='lat' dir='ltr'><em>fictas</em></span> <span class='ocrx_word' id='word_1_244' title='bbox 1131 2051 1288 2075; x_wconf 73' lang='lat' dir='ltr'><em>omnium</em></span> <span class='ocrx_word' id='word_1_245' title='bbox 1314 2039 1473 2075; x_wconf 73' lang='lat' dir='ltr'><em>insidias</em></span> <span class='ocrx_word' id='word_1_246' title='bbox 1489 2037 1617 2088; x_wconf 85' lang='lat' dir='ltr'><em>facile</em></span> 
     </span>
     <span class='ocr_line' id='line_1_34' title="bbox 169 2090 1618 2159; baseline 0.001 -30"><span class='ocrx_word' id='word_1_247' title='bbox 169 2104 210 2129; x_wconf 86' lang='lat' dir='ltr'><em>se</em></span> <span class='ocrx_word' id='word_1_248' title='bbox 241 2105 314 2142; x_wconf 78' lang='lat' dir='ltr'><em>per</em></span> <span class='ocrx_word' id='word_1_249' title='bbox 347 2106 388 2130; x_wconf 89' lang='lat' dir='ltr'><em>se</em></span> <span class='ocrx_word' id='word_1_250' title='bbox 424 2094 506 2143; x_wconf 76' lang='lat' dir='ltr'><em>ipsa</em></span> <span class='ocrx_word' id='word_1_251' title='bbox 548 2093 739 2144; x_wconf 80' lang='lat' dir='ltr'><em>defendat.</em></span> <span class='ocrx_word' id='word_1_252' title='bbox 800 2092 1015 2130; x_wconf 89' lang='lat' dir='ltr'><em>Aeschines</em></span> <span class='ocrx_word' id='word_1_253' title='bbox 1052 2099 1174 2129; x_wconf 84' lang='lat' dir='ltr'><em>autem</em></span> <span class='ocrx_word' id='word_1_254' title='bbox 1205 2091 1246 2130; x_wconf 82' lang='grc' dir='ltr'><em>ἐν</em></span> <span class='ocrx_word' id='word_1_255' title='bbox 1270 2095 1322 2146; x_wconf 80' lang='grc' dir='ltr'><em>τῷ</em></span> <span class='ocrx_word' id='word_1_256' title='bbox 1351 2107 1446 2131; x_wconf 80' lang='grc' dir='ltr'><em>κατα</em></span> <span class='ocrx_word' id='word_1_257' title='bbox 1479 2090 1618 2159; x_wconf 85' lang='grc' dir='ltr'><em>Τιμαρ-</em></span> 
     </span>
     <span class='ocr_line' id='line_1_35' title="bbox 169 2143 1617 2214; baseline 0.002 -29"><span class='ocrx_word' id='word_1_258' title='bbox 169 2160 239 2197; x_wconf 79' lang='grc' dir='ltr'><em>χου</em></span> <span class='ocrx_word' id='word_1_259' title='bbox 253 2145 325 2198; x_wconf 74' lang='lat'><em>†)·</em></span> <span class='ocrx_word' id='word_1_260' title='bbox 370 2144 504 2193; x_wconf 83' lang='grc' dir='ltr'><em>Ούτως</em></span> <span class='ocrx_word' id='word_1_261' title='bbox 514 2145 683 2214; x_wconf 81' lang='grc' dir='ltr'><em>ἰσχυρόν</em></span> <span class='ocrx_word' id='word_1_262' title='bbox 714 2147 839 2196; x_wconf 80' lang='grc' dir='ltr'><em>ἐστιν,</em></span> <span class='ocrx_word' id='word_1_263' title='bbox 882 2148 1023 2197; x_wconf 83' lang='lat' dir='ltr'><em>inquit,</em></span> <span class='ocrx_word' id='word_1_264' title='bbox 1059 2143 1087 2197; x_wconf 77' lang='grc' dir='ltr'><em>ἦ</em></span> <span class='ocrx_word' id='word_1_265' title='bbox 1115 2143 1236 2198; x_wconf 78' lang='grc' dir='ltr'><em>ἆληθε</em></span> <span class='ocrx_word' id='word_1_266' title='bbox 1221 2162 1298 2194; x_wconf 69' lang='lat' dir='ltr'><em>cm,</em></span> <span class='ocrx_word' id='word_1_267' title='bbox 1343 2145 1434 2194; x_wconf 63' lang='lat' dir='ltr'><em>{tigre</em></span> <span class='ocrx_word' id='word_1_268' title='bbox 1461 2145 1617 2189; x_wconf 79' lang='grc' dir='ltr'><em>πάντων</em></span> 
     </span>
     <span class='ocr_line' id='line_1_36' title="bbox 169 2198 1616 2256; baseline 0.001 -15"><span class='ocrx_word' id='word_1_269' title='bbox 169 2201 385 2255; x_wconf 79' lang='grc' dir='ltr'><em>ἐπικρατεῖν</em></span> <span class='ocrx_word' id='word_1_270' title='bbox 407 2206 484 2242; x_wconf 79' lang='grc' dir='ltr'><em>τῶν</em></span> <span class='ocrx_word' id='word_1_271' title='bbox 505 2198 768 2255; x_wconf 77' lang='grc' dir='ltr'><em>ἀνθρωπίνων</em></span> <span class='ocrx_word' id='word_1_272' title='bbox 790 2205 992 2256; x_wconf 78' lang='grc' dir='ltr'><em>λογισμῶν.</em></span> <span class='ocrx_word' id='word_1_273' title='bbox 1028 2201 1153 2240; x_wconf 77' lang='lat' dir='ltr'><em>Etiam</em></span> <span class='ocrx_word' id='word_1_274' title='bbox 1178 2202 1274 2254; x_wconf 81' lang='lat' dir='ltr'><em>apud</em></span> <span class='ocrx_word' id='word_1_275' title='bbox 1291 2201 1438 2241; x_wconf 83' lang='lat' dir='ltr'><em>Livium</em></span> <span class='ocrx_word' id='word_1_276' title='bbox 1463 2203 1513 2252; x_wconf 80' lang='lat' dir='ltr'><em>Q.</em></span> <span class='ocrx_word' id='word_1_277' title='bbox 1538 2204 1616 2242; x_wconf 85' lang='lat' dir='ltr'><em>Fa-</em></span> 
     </span>
    </p>
   </div>
   <div class='ocr_carea' id='block_1_9' title="bbox 168 2332 1614 2428">
    <p class='ocr_par' dir='ltr' id='par_1_9' title="bbox 168 2332 1614 2417">
     <span class='ocr_line' id='line_1_37' title="bbox 168 2332 1614 2369; baseline 0.003 -9"><span class='ocrx_word' id='word_1_278' title='bbox 168 2339 262 2369; x_wconf 83' lang='lat' dir='ltr'><em>reae,</em></span> <span class='ocrx_word' id='word_1_279' title='bbox 288 2332 480 2363; x_wconf 86' lang='lat' dir='ltr'><em>mentionem</em></span> <span class='ocrx_word' id='word_1_280' title='bbox 508 2333 584 2363; x_wconf 81' lang='lat' dir='ltr'><em>facit</em></span> <span class='ocrx_word' id='word_1_281' title='bbox 604 2334 784 2363; x_wconf 80' lang='lat' dir='ltr'><em>Pausanias</em></span> <span class='ocrx_word' id='word_1_282' title='bbox 804 2334 902 2363; x_wconf 83' lang='lat' dir='ltr'><em>Eliac</em></span> <span class='ocrx_word' id='word_1_283' title='bbox 923 2333 974 2362; x_wconf 81' lang='lat' dir='ltr'><em>lib.</em></span> <span class='ocrx_word' id='word_1_284' title='bbox 997 2333 1095 2369; x_wconf 84' lang='lat' dir='ltr'><em>prior.</em></span> <span class='ocrx_word' id='word_1_285' title='bbox 1115 2340 1141 2362; x_wconf 88' lang='lat' dir='ltr'><em>s.</em></span> <span class='ocrx_word' id='word_1_286' title='bbox 1162 2333 1200 2362; x_wconf 87' lang='lat' dir='ltr'><em>V.</em></span> <span class='ocrx_word' id='word_1_287' title='bbox 1222 2333 1250 2362; x_wconf 77' lang='lat'><em>2.</em></span> <span class='ocrx_word' id='word_1_288' title='bbox 1270 2333 1302 2368; x_wconf 71' lang='lat' dir='ltr'><em>S.</em></span> <span class='ocrx_word' id='word_1_289' title='bbox 1322 2333 1352 2362; x_wconf 85' lang='grc'><em>4.</em></span> <span class='ocrx_word' id='word_1_290' title='bbox 1373 2334 1614 2378; x_wconf 77' lang='lat' dir='ltr'><em>pag.378.11is</em></span> 
     </span>
     <span class='ocr_line' id='line_1_38' title="bbox 169 2368 1611 2428; baseline 0.003 -25"><span class='ocrx_word' id='word_1_291' title='bbox 169 2354 478 2407; x_wconf 66' lang='lat' dir='ltr'><em>verbis:T01,‘2·wv</em></span> <span class='ocrx_word' id='word_1_292' title='bbox 508 2373 549 2406; x_wconf 73' lang='grc' dir='ltr'><em>δὲ</em></span> <span class='ocrx_word' id='word_1_293' title='bbox 578 2372 670 2425; x_wconf 72' lang='grc' dir='ltr'><em>(τῶν</em></span> <span class='ocrx_word' id='word_1_294' title='bbox 708 2370 844 2428; x_wconf 76' lang='grc' dir='ltr'>λόγωι)</span> <span class='ocrx_word' id='word_1_295' title='bbox 879 2370 897 2405; x_wconf 83' lang='grc' dir='ltr'>ὁ</span> <span class='ocrx_word' id='word_1_296' title='bbox 930 2372 1001 2417; x_wconf 78' lang='grc' dir='ltr'><em>μὲν</em></span> <span class='ocrx_word' id='word_1_297' title='bbox 1034 2370 1208 2412; x_wconf 63' lang='grc' dir='ltr'><em>Κύψελον</em></span> <span class='ocrx_word' id='word_1_298' title='bbox 1238 2371 1302 2404; x_wconf 81' lang='grc' dir='ltr'><em>τὸν</em></span> <span class='ocrx_word' id='word_1_299' title='bbox 1333 2369 1611 2427; x_wconf 78' lang='grc' dir='ltr'><em>τυραννήσαντα</em></span> 
     </span>
    </p>
   </div>
   <div class='ocr_carea' id='block_1_10' title="bbox 167 2404 1613 2500">
    <p class='ocr_par' dir='ltr' id='par_1_10' title="bbox 167 2404 1613 2500">
     <span class='ocr_line' id='line_1_39' title="bbox 168 2404 1613 2464; baseline 0.002 -14"><span class='ocrx_word' id='word_1_300' title='bbox 168 2418 380 2462; x_wconf 77' lang='grc' dir='ltr'><em>Κοριν9ίων</em></span> <span class='ocrx_word' id='word_1_301' title='bbox 414 2418 529 2462; x_wconf 83' lang='grc' dir='ltr'><em>φησὶν</em></span> <span class='ocrx_word' id='word_1_302' title='bbox 562 2414 709 2464; x_wconf 60' lang='grc' dir='ltr'><em>ἄγαλμα</em></span> <span class='ocrx_word' id='word_1_303' title='bbox 743 2417 935 2452; x_wconf 58' lang='lat' dir='ltr'><em>&amp;umerum</em></span> <span class='ocrx_word' id='word_1_304' title='bbox 971 2418 1019 2450; x_wconf 79' lang='grc' dir='ltr'><em>τῶ</em></span> <span class='ocrx_word' id='word_1_305' title='bbox 1054 2418 1123 2450; x_wconf 76' lang='grc' dir='ltr'><em>Διὶ</em></span> <span class='ocrx_word' id='word_1_306' title='bbox 1142 2417 1307 2461; x_wconf 79' lang='grc' dir='ltr'><em>χρυσοῦν</em></span> <span class='ocrx_word' id='word_1_307' title='bbox 1337 2404 1388 2455; x_wconf 71' lang='grc' dir='ltr'><em>ἐς</em></span> <span class='ocrx_word' id='word_1_308' title='bbox 1397 2416 1613 2461; x_wconf 33' lang='grc' dir='ltr'><em>’ᾝΟλυμπιαν</em></span> 
     </span>
     <span class='ocr_line' id='line_1_40' title="bbox 167 2452 1612 2500; baseline 0.001 -9"><span class='ocrx_word' id='word_1_309' title='bbox 167 2462 311 2491; x_wconf 84' lang='lat' dir='ltr'><em>Priorem</em></span> <span class='ocrx_word' id='word_1_310' title='bbox 340 2464 444 2490; x_wconf 74' lang='lat' dir='ltr'><em>tamen</em></span> <span class='ocrx_word' id='word_1_311' title='bbox 473 2464 576 2492; x_wconf 83' lang='lat' dir='ltr'><em>locum</em></span> <span class='ocrx_word' id='word_1_312' title='bbox 597 2466 721 2492; x_wconf 83' lang='lat' dir='ltr'><em>Mureto</em></span> <span class='ocrx_word' id='word_1_313' title='bbox 752 2470 875 2498; x_wconf 80' lang='lat' dir='ltr'><em>quoque</em></span> <span class='ocrx_word' id='word_1_314' title='bbox 897 2465 969 2490; x_wconf 79' lang='lat' dir='ltr'><em>ante</em></span> <span class='ocrx_word' id='word_1_315' title='bbox 991 2452 1100 2491; x_wconf 70' lang='lat' dir='ltr'><em>oculos</em></span> <span class='ocrx_word' id='word_1_316' title='bbox 1121 2466 1285 2490; x_wconf 82' lang='lat' dir='ltr'><em>versatum</em></span> <span class='ocrx_word' id='word_1_317' title='bbox 1305 2469 1395 2500; x_wconf 82' lang='lat' dir='ltr'><em>esse,</em></span> <span class='ocrx_word' id='word_1_318' title='bbox 1427 2463 1542 2491; x_wconf 80' lang='lat' dir='ltr'><em>indicio</em></span> <span class='ocrx_word' id='word_1_319' title='bbox 1563 2465 1612 2493; x_wconf 84' lang='lat' dir='ltr'><em>est</em></span> 
     </span>
    </p>
   </div>
   <div class='ocr_carea' id='block_1_11' title="bbox 165 2498 1609 2579">
    <p class='ocr_par' dir='ltr' id='par_1_11' title="bbox 165 2498 1609 2579">
     <span class='ocr_line' id='line_1_41' title="bbox 165 2498 1609 2546; baseline 0.004 -12"><span class='ocrx_word' id='word_1_320' title='bbox 165 2507 299 2535; x_wconf 85' lang='lat' dir='ltr'><em>verbum</em></span> <span class='ocrx_word' id='word_1_321' title='bbox 319 2507 462 2539; x_wconf 80' lang='lat' dir='ltr'><em>copiose,</em></span> <span class='ocrx_word' id='word_1_322' title='bbox 485 2514 546 2540; x_wconf 82' lang='lat' dir='ltr'><em>quo</em></span> <span class='ocrx_word' id='word_1_323' title='bbox 568 2507 685 2541; x_wconf 79' lang='lat' dir='ltr'><em>utitur;</em></span> <span class='ocrx_word' id='word_1_324' title='bbox 708 2509 747 2536; x_wconf 84' lang='lat' dir='ltr'><em>de</em></span> <span class='ocrx_word' id='word_1_325' title='bbox 768 2500 989 2543; x_wconf 68' lang='grc' dir='ltr'><em>Κυψελιδῶν</em></span> <span class='ocrx_word' id='word_1_326' title='bbox 1008 2512 1114 2538; x_wconf 83' lang='lat' dir='ltr'><em>antem</em></span> <span class='ocrx_word' id='word_1_327' title='bbox 1135 2498 1289 2546; x_wconf 69' lang='grc' dir='ltr'><em>λάρνακι</em></span> <span class='ocrx_word' id='word_1_328' title='bbox 1309 2517 1414 2538; x_wconf 85' lang='lat' dir='ltr'><em>sermo</em></span> <span class='ocrx_word' id='word_1_329' title='bbox 1435 2514 1485 2540; x_wconf 89' lang='lat' dir='ltr'><em>est</em></span> <span class='ocrx_word' id='word_1_330' title='bbox 1504 2511 1558 2541; x_wconf 88' lang='lat' dir='ltr'><em>lib.</em></span> <span class='ocrx_word' id='word_1_331' title='bbox 1571 2512 1609 2541; x_wconf 89' lang='lat' dir='ltr'><em>V.</em></span> 
     </span>
     <span class='ocr_line' id='line_1_42' title="bbox 165 2529 1408 2579; baseline 0.003 -7"><span class='ocrx_word' id='word_1_332' title='bbox 165 2550 236 2579; x_wconf 80' lang='lat' dir='ltr'><em>cap.</em></span> <span class='ocrx_word' id='word_1_333' title='bbox 260 2544 342 2572; x_wconf 82' lang='lat'><em>17—</em></span> <span class='ocrx_word' id='word_1_334' title='bbox 355 2543 403 2572; x_wconf 76' lang='lat'><em>19.</em></span> <span class='ocrx_word' id='word_1_335' title='bbox 442 2544 513 2573; x_wconf 87' lang='lat' dir='ltr'><em>Vid.</em></span> <span class='ocrx_word' id='word_1_336' title='bbox 533 2529 696 2573; x_wconf 80' lang='lat' dir='ltr'><em>Heindorf.</em></span> <span class='ocrx_word' id='word_1_337' title='bbox 717 2549 748 2574; x_wconf 86' lang='lat' dir='ltr'><em>et</em></span> <span class='ocrx_word' id='word_1_338' title='bbox 768 2547 896 2575; x_wconf 77' lang='lat' dir='ltr'><em>Astiinn</em></span> <span class='ocrx_word' id='word_1_339' title='bbox 917 2547 956 2574; x_wconf 82' lang='lat' dir='ltr'><em>ad</em></span> <span class='ocrx_word' id='word_1_340' title='bbox 977 2547 1080 2575; x_wconf 84' lang='lat' dir='ltr'><em>locum</em></span> <span class='ocrx_word' id='word_1_341' title='bbox 1100 2532 1256 2575; x_wconf 83' lang='lat' dir='ltr'><em>Platonis.</em></span> <span class='ocrx_word' id='word_1_342' title='bbox 1295 2549 1408 2577; x_wconf 72' lang='lat' dir='ltr'><em>FAEsi.</em></span> 
     </span>
    </p>
   </div>
   <div class='ocr_carea' id='block_1_12' title="bbox 164 2599 1611 2683">
    <p class='ocr_par' dir='ltr' id='par_1_12' title="bbox 164 2599 1611 2683">
     <span class='ocr_line' id='line_1_43' title="bbox 241 2599 1611 2644; baseline 0.002 -15.058"><span class='ocrx_word' id='word_1_343' title='bbox 241 2599 285 2636; x_wconf 67' lang='grc' dir='ltr'><em>Ξἰῑ·)</em></span> <span class='ocrx_word' id='word_1_344' title='bbox 306 2607 377 2636; x_wconf 80' lang='lat' dir='ltr'><em>pag.</em></span> <span class='ocrx_word' id='word_1_345' title='bbox 398 2601 477 2638; x_wconf 83' lang='lat'><em>268,</em></span> <span class='ocrx_word' id='word_1_346' title='bbox 510 2601 560 2630; x_wconf 80' lang='lat'><em>15.</em></span> <span class='ocrx_word' id='word_1_347' title='bbox 587 2601 699 2630; x_wconf 79' lang='lat' dir='ltr'><em>Reisk.</em></span> <span class='ocrx_word' id='word_1_348' title='bbox 743 2601 969 2635; x_wconf 79' lang='lat' dir='ltr'><em>Reponendum</em></span> <span class='ocrx_word' id='word_1_349' title='bbox 997 2609 1069 2631; x_wconf 86' lang='lat' dir='ltr'><em>cum</em></span> <span class='ocrx_word' id='word_1_350' title='bbox 1094 2601 1229 2631; x_wconf 79' lang='lat' dir='ltr'><em>Reiskio</em></span> <span class='ocrx_word' id='word_1_351' title='bbox 1258 2603 1289 2630; x_wconf 87' lang='lat' dir='ltr'><em>et</em></span> <span class='ocrx_word' id='word_1_352' title='bbox 1317 2604 1468 2633; x_wconf 76' lang='lat' dir='ltr'><em>Bekkero</em></span> <span class='ocrx_word' id='word_1_353' title='bbox 1495 2605 1611 2644; x_wconf 76' lang='grc' dir='ltr'><em>συμ-</em></span> 
     </span>
     <span class='ocr_line' id='line_1_44' title="bbox 164 2621 1440 2683; baseline 0.006 -12"><span class='ocrx_word' id='word_1_354' title='bbox 164 2639 327 2680; x_wconf 85' lang='grc' dir='ltr'><em>βαίνει</em></span> <span class='ocrx_word' id='word_1_355' title='bbox 352 2621 482 2682; x_wconf 59' lang='grc' dir='ltr'><em>λέγειν’.</em></span> <span class='ocrx_word' id='word_1_356' title='bbox 521 2645 568 2676; x_wconf 82' lang='lat' dir='ltr'><em>Cf.</em></span> <span class='ocrx_word' id='word_1_357' title='bbox 590 2647 686 2675; x_wconf 77' lang='lat' dir='ltr'><em>etiam</em></span> <span class='ocrx_word' id='word_1_358' title='bbox 707 2648 872 2675; x_wconf 86' lang='lat' dir='ltr'><em>Demosth.</em></span> <span class='ocrx_word' id='word_1_359' title='bbox 893 2647 968 2675; x_wconf 80' lang='lat' dir='ltr'><em>adv</em></span> <span class='ocrx_word' id='word_1_360' title='bbox 990 2648 1122 2677; x_wconf 86' lang='lat' dir='ltr'><em>Androt</em></span> <span class='ocrx_word' id='word_1_361' title='bbox 1144 2655 1215 2683; x_wconf 78' lang='lat' dir='ltr'><em>pag</em></span> <span class='ocrx_word' id='word_1_362' title='bbox 1236 2648 1308 2678; x_wconf 87' lang='grc'><strong>600.</strong></span> <span class='ocrx_word' id='word_1_363' title='bbox 1329 2650 1440 2679; x_wconf 84' lang='lat' dir='ltr'><em>Reisk.</em></span> 
     </span>
    </p>
   </div>
   <div class='ocr_carea' id='block_1_13' title="bbox 161 2694 1609 2766">
    <p class='ocr_par' dir='ltr' id='par_1_13' title="bbox 161 2694 1609 2762">
     <span class='ocr_line' id='line_1_45' title="bbox 264 2694 1609 2735; baseline 0.004 -12.099"><span class='ocrx_word' id='word_1_364' title='bbox 264 2694 306 2729; x_wconf 81' lang='lat'>-:,·:-)</span> <span class='ocrx_word' id='word_1_365' title='bbox 327 2701 396 2729; x_wconf 83' lang='lat' dir='ltr'><em>cap.</em></span> <span class='ocrx_word' id='word_1_366' title='bbox 415 2695 446 2724; x_wconf 82' lang='lat'><em>3.</em></span> <span class='ocrx_word' id='word_1_367' title='bbox 468 2694 499 2728; x_wconf 64' lang='lat' dir='ltr'><em>S.</em></span> <span class='ocrx_word' id='word_1_368' title='bbox 513 2695 543 2723; x_wconf 88' lang='lat'><em>6.</em></span> <span class='ocrx_word' id='word_1_369' title='bbox 584 2695 721 2724; x_wconf 76' lang='lat' dir='ltr'><em>Orellius</em></span> <span class='ocrx_word' id='word_1_370' title='bbox 742 2702 812 2724; x_wconf 89' lang='lat' dir='ltr'><em>cum</em></span> <span class='ocrx_word' id='word_1_371' title='bbox 831 2695 978 2725; x_wconf 85' lang='lat' dir='ltr'><em>Ernestio</em></span> <span class='ocrx_word' id='word_1_372' title='bbox 1000 2697 1086 2726; x_wconf 85' lang='lat' dir='ltr'><em>dedit</em></span> <span class='ocrx_word' id='word_1_373' title='bbox 1106 2697 1298 2726; x_wconf 72' lang='lat' dir='ltr'><em>honiinem</em></span> <span class='ocrx_word' id='word_1_374' title='bbox 1318 2698 1352 2727; x_wconf 84' lang='lat' dir='ltr'><em>ut</em></span> <span class='ocrx_word' id='word_1_375' title='bbox 1369 2698 1455 2728; x_wconf 81' lang='lat' dir='ltr'><em>notet</em></span> <span class='ocrx_word' id='word_1_376' title='bbox 1473 2705 1530 2735; x_wconf 80' lang='lat' dir='ltr'><em>pro</em></span> <span class='ocrx_word' id='word_1_377' title='bbox 1546 2703 1609 2728; x_wconf 85' lang='lat' dir='ltr'><em>no-</em></span> 
     </span>
     <span class='ocr_line' id='line_1_46' title="bbox 161 2732 761 2766; baseline 0.003 -6"><span class='ocrx_word' id='word_1_378' title='bbox 161 2733 242 2762; x_wconf 81' lang='lat' dir='ltr'><em>mine</em></span> <span class='ocrx_word' id='word_1_379' title='bbox 260 2733 293 2760; x_wconf 83' lang='lat' dir='ltr'><em>ut</em></span> <span class='ocrx_word' id='word_1_380' title='bbox 312 2734 413 2766; x_wconf 82' lang='lat' dir='ltr'><em>notet,</em></span> <span class='ocrx_word' id='word_1_381' title='bbox 434 2732 548 2761; x_wconf 83' lang='lat' dir='ltr'><em>deinde</em></span> <span class='ocrx_word' id='word_1_382' title='bbox 568 2733 761 2763; x_wconf 63' lang='lat' dir='ltr'><em>iactatur.</em></span> 
     </span>
    </p>
   </div>
   <div class='ocr_carea' id='block_1_14' title="bbox 233 2780 1011 2876">
    <p class='ocr_par' dir='ltr' id='par_1_14' title="bbox 233 2780 1011 2876">
     <span class='ocr_line' id='line_1_47' title="bbox 251 2780 618 2817; baseline -0.003 -7.885"><span class='ocrx_word' id='word_1_383' title='bbox 251 2781 330 2816; x_wconf 58' lang='lat' dir='ltr'><em>³²4³ss)</em></span> <span class='ocrx_word' id='word_1_384' title='bbox 350 2787 419 2816; x_wconf 79' lang='lat' dir='ltr'><em>cap.</em></span> <span class='ocrx_word' id='word_1_385' title='bbox 440 2781 490 2810; x_wconf 81' lang='lat'><em>26.</em></span> <span class='ocrx_word' id='word_1_386' title='bbox 512 2780 545 2817; x_wconf 75' lang='lat' dir='ltr'><em>S.</em></span> <span class='ocrx_word' id='word_1_387' title='bbox 566 2780 618 2810; x_wconf 82' lang='lat'><em>63.</em></span> 
     </span>
     <span class='ocr_line' id='line_1_48' title="bbox 233 2828 1011 2876; baseline -0.003 -9"><span class='ocrx_word' id='word_1_388' title='bbox 233 2835 280 2875; x_wconf 68' lang='lat'><em>·2-]</em></span> <span class='ocrx_word' id='word_1_389' title='bbox 301 2844 372 2873; x_wconf 86' lang='lat' dir='ltr'><em>pag.</em></span> <span class='ocrx_word' id='word_1_390' title='bbox 395 2837 466 2867; x_wconf 75' lang='lat'><em>107.</em></span> <span class='ocrx_word' id='word_1_391' title='bbox 488 2836 599 2867; x_wconf 82' lang='lat' dir='ltr'><em>Reisk.</em></span> <span class='ocrx_word' id='word_1_392' title='bbox 621 2837 790 2867; x_wconf 79' lang='lat' dir='ltr'><em>Bekkerus</em></span> <span class='ocrx_word' id='word_1_393' title='bbox 810 2828 1011 2876; x_wconf 73' lang='grc' dir='ltr'><em>ἐπικρατεῖ.</em></span> 
     </span>
    </p>
   </div>
  </div>
 </body>
</html>
