1778 3096
535 134 636 173 LIB.
668 133 762 173 XII.
823 131 942 173 CAP.
972 132 1043 172 XI.
1434 129 1512 171 271

596 244 627 283 C
658 243 696 283 A
722 244 756 283 P
782 244 818 282 U
845 243 880 282 T
935 242 989 280 X.

373 322 430 359 De
458 320 703 371 quibusdam,
732 323 801 372 qul
817 322 941 372 piloso
969 325 1059 358 sunt
1083 318 1211 357 eorde.

77 400 371 458 Amsronmms
401 419 608 466 Messenii,
644 421 704 471 qui
735 426 923 457 trecentos
952 417 1274 456 Lacedaemonios
1304 413 1513 462 occiderat,

76 477 210 527 quique
238 481 275 512 et
300 474 516 512 fortitudine
548 482 585 512 et
612 474 814 513 calliditate
844 474 1098 524 praestiterat,
1131 473 1265 510 mortui
1293 484 1358 509 cor
1378 471 1514 508 hirtum

75 537 115 568 et
150 529 265 567 densa
301 530 406 579 quasi
445 530 537 567 silva
574 531 730 581 pilorum
766 529 924 566 obsitum
956 535 1144 578 repertum
1175 540 1260 565 esse
1293 525 1406 564 tradit
1434 525 1516 563 Pli-

73 585 156 623 nius
174 584 240 632 θι’ἓ).
307 584 410 622 Idem
447 583 492 622 de
531 584 727 636 Lysandro
763 582 1089 628 Lacedaemonio,
1139 583 1200 633 qui
1241 588 1278 619 et
1316 582 1397 632 ipse
1437 587 1514 618 tum

73 640 322 687 fortissimus,
369 647 444 676 tum
473 641 721 677 astutissimus
746 640 837 685 fuit,
878 639 1016 676 Graeci
1043 637 1189 689 quidam
1206 634 1279 688 **)
1311 637 1514 674 memoriae

71 694 329 746 prodiderunt.
380 694 466 745 Ipse
496 708 641 746 quoque
662 695 828 738 memini,
859 707 941 732 cum
964 693 1135 732 Venetiis
1162 704 1302 738 essem,
1331 697 1515 741 sumptum

71 762 158 789 esse
199 750 331 801 capitis
373 750 591 801 supplicium
627 750 672 788 de
712 750 828 788 nobili
865 748 1020 800 quodam
1060 749 1227 791 latrone,
1272 747 1334 798 qui
1372 759 1454 784 cum
1491 759 1516 784 a

71 804 249 844 carnifice
279 804 555 851 dissecaretur,
586 804 699 844 corde
727 803 921 843 admodum
948 804 1068 855 piloso
1097 809 1270 854 repertus
1299 808 1372 839 est.
1431 801 1515 839 Ro-

71 860 174 898 boris
211 859 379 911 quidam,
428 862 587 898 astutiae
624 868 661 899 et
698 860 910 898 calliditatis
957 860 1019 897 alii
1058 871 1144 896 esse
1182 857 1220 895 id
1256 863 1515 907 argumentum

70 916 213 955 volunt.
273 915 333 953 Ab
364 917 507 966 ingenti
538 923 640 954 certe
669 916 795 954 calore
824 915 1087 966 proficiscitur,
1118 927 1189 964 quo
1217 913 1278 964 qui
1307 911 1513 958 abundant',

69 971 99 1008 ii
129 977 168 1008 et
197 969 340 1008 robusti
376 984 462 1009 esse
503 978 541 1008 et
579 970 700 1009 callidi
736 971 870 1009 solent.
930 970 1058 1020 Itaque
1095 968 1262 1007 eruditus
1292 974 1330 1006 et
1361 966 1516 1018 grandi-

70 1025 201 1076 loquus
241 1028 373 1076 poeta,
424 1025 585 1064 Nonnus
623 1026 717 1063 libro
755 1023 1026 1077 XXVIffWt)
1068 1023 1328 1075 Dionysiacon
1369 1023 1514 1060 Sabiris

70 1081 213 1132 populis
244 1081 295 1117 ait
321 1093 406 1118 6556
438 1094 505 1118 cor
540 1080 668 1118 densis
698 1082 872 1118 vestitum
903 1081 1010 1131 pilis:
1054 1079 1214 1130 ideoque
1244 1077 1512 1117 audacissimos

70 1147 158 1174 csse
187 1148 307 1185 neque
336 1148 493 1186 unquam
525 1136 561 1172 in
592 1136 745 1187 proeliis
775 1143 958 1174 metuere.

184 1213 273 1257 Τοῖς
302 1209 363 1250 ἔπι
391 1212 598 1251 Δυσσαίων
624 1212 784 1252 πυκιναὶ
815 1213 956 1263 στίχες,
988 1207 1064 1250 οἷσι
1091 1208 1158 1249 καὶ
1184 1207 1312 1250 αὐτῶν

183 1263 330 1317 Φρικτὰ
359 1266 620 1318 δασυστέρνων
649 1265 871 1320 ἐκορύσσετο
900 1269 1005 1320 <psilon
1032 1265 1245 1315 Σαβείρων.

185 1324 316 1359 Τοῖσιν
347 1320 403 1360 ἐνὶ
430 1322 569 1376 κραδίῃ
597 1319 726 1361 λάσιαι
751 1322 890 1374 τρίχες,
919 1321 974 1360 ὠν
999 1317 1107 1372 χάριν
1136 1318 1212 1359 αἰεὶ

185 1378 321 1428 Ψυχῆς
346 1373 495 1430 θάρσος
522 1376 668 1429 ἔχουσι,
695 1376 761 1416 καὶ
789 1374 836 1417 οὐ
863 1373 1103 1417 πτώσσουσιν
1122 1371 1262 1415 Ἐνυώ.

583 1507 867 1548 CAPUT
922 1509 1004 1549 XI.

122 1586 179 1623 De
209 1585 397 1622 adverbiis
423 1586 666 1636 quibusdam,
706 1600 801 1638 quae
828 1588 941 1625 aliter·
970 1587 1074 1638 apud
1098 1592 1240 1625 veteres
1271 1585 1456 1624 interdum

168 1639 456 1687 scribebantur,
488 1654 597 1692 quam
627 1654 727 1679 mmo
755 1644 888 1681 solent.
950 1643 1183 1680 Emendatus
1213 1641 1407 1679 Ciceronis

573 1697 675 1747 apud
700 1697 858 1735 Fabium
888 1699 1005 1736 locus.

68 1769 203 1835 QUoD
233 1806 330 1831 nunc
358 1800 541 1844 perpetuo
570 1796 682 1833 istem
712 1802 750 1833 et
777 1797 883 1834 z‘lle'nc
912 1796 1126 1843 scribimus,
1152 1803 1303 1834 veteres
1331 1808 1512 1834 nonnum-

68 1861 174 1898 quam
211 1849 308 1886 z'sle‘m
349 1855 386 1885 et
415 1851 506 1887 illim
544 1850 712 1888 scribere
751 1851 879 1888 soiitos
920 1859 1079 1890 constat.
1137 1851 1332 1901 Recteque
1373 1851 1511 1889 factum

67 1916 90 1940 a
117 1901 233 1940 Petro
259 1903 434 1941 Victorio
463 1911 543 1950 est,
575 1904 671 1956 quod
703 1905 739 1943 in
769 1906 875 1944 libris
904 1905 1157 1958 Epistolarum
1186 1905 1386 1944 Ciceronis
1415 1907 1515 1943 anti-

69 1970 175 2008 quam
204 1958 424 2008 scripturam
463 1959 531 1996 hac
560 1973 704 2011 quoque
734 1962 770 1998 in
805 1968 909 2012 parte
941 1976 1022 2000 cum
1056 1961 1128 1999 fide
1157 1960 1511 2012 repraesentandam
1540 1971 1602 2000 281

68 2013 232 2063 putavit:
266 2020 305 2050 ut
334 2013 372 2051 in
402 2015 560 2064 epistola
590 2014 637 2052 ad
665 2016 855 2054 Valerium
872 2016 947 2069 †).
987 2019 1062 2066 Qui
1084 2018 1183 2054 istim
1212 2030 1312 2054 mmo
1341 2018 1510 2063 veniunt,

69 2073 108 2105 et
135 2067 218 2105 aliis
257 2068 364 2105 locis.
423 2069 546 2106 Huius
590 2077 710 2108 autem
747 2072 803 2109 rei
840 2073 1077 2122 ignoratione
1107 2070 1329 2122 depravatus
1359 2078 1418 2109 est
1448 2071 1516 2109 Ci-

68 2123 217 2160 ceronis
247 2123 350 2160 locus
379 2136 426 2161 ex
462 2125 630 2174 epistolis
659 2125 706 2163 ad
736 2125 916 2171 Brutum,
956 2128 1016 2177 qui
1048 2127 1186 2165 citatur
1214 2139 1236 2164 a
1264 2126 1383 2164 Fabio
1401 2125 1511 2179 ††:)

69 2189 189 2227 neque
218 2185 412 2216 correctus
447 2180 495 2217 ab
525 2179 680 2218 eruditis
710 2181 942 2228 hominibus,
983 2183 1045 2232 qui
1074 2181 1272 2220 Ciceronis
1304 2182 1515 2231 fragmenta

70 2232 236 2270 studiose
272 2233 520 2284 collegerunt.
576 2235 634 2273 Ita
672 2237 769 2274 enim
796 2237 907 2287 vulgo
943 2237 1106 2287 legitur:
1147 2239 1302 2274 Veritus
1320 2236 1512 2288 sortasse,

69 2300 118 2325 ne
145 2300 214 2325 nos
244 2289 281 2326 in
316 2290 494 2327 Catonem
522 2298 691 2330 nostrum
732 2293 1009 2345 transferamus
1036 2294 1140 2331 illinc
1167 2293 1262 2331 male·
1286 2293 1401 2343 quz'd:
1441 2293 1518 2331 etsi

144 2413 187 2449 κε)
216 2413 297 2444 Hist.
318 2416 389 2444 Nat.
409 2414 463 2444 lib.
483 2415 535 2443 XI.
556 2421 624 2452 cap.
645 2417 698 2446 37.
718 2420 798 2448 sect.
819 2418 868 2448 70.
889 2419 920 2455 S.
944 2419 1004 2449 184
1024 2427 1071 2454 sq.

145 2461 213 2497 *fa-J
234 2463 276 2491 Ut
294 2464 441 2506 Eoustath.
461 2464 501 2492 ad
522 2463 612 2493 Iliad.
631 2467 669 2494 A.
689 2473 762 2502 pag.
784 2466 833 2496 79.
854 2467 985 2504 princip.
1025 2469 1142 2496 onnn.
1162 2482 1200 2488 —
1237 2466 1301 2495 Sed
1324 2466 1511 2496 eustathius

70 2498 207 2574 fiiri-515³!
230 2500 380 2574 ἷξὲἓῗῳ
407 2509 528 2537 tantum
554 2508 745 2539 mentionem
773 2510 858 2541 facit.
898 2511 946 2542 cf.
975 2512 1012 2541 L.
1033 2511 1136 2542 Caelii
1155 2511 1288 2548 Rhodig.
1316 2512 1418 2541 Lectt.
1445 2514 1511 2541 ant.

145 2590 239 2626 *dt-³3)
259 2599 290 2620 v.
310 2592 352 2620 32
369 2599 438 2629 sqq.

144 2638 190 2677 †)
210 2641 288 2674 Fmp.
308 2640 349 2668 ad
368 2639 480 2669 Famil.
500 2640 553 2669 lib.
574 2643 596 2669 1.
618 2648 667 2676 ep.
688 2643 738 2672 10.
779 2643 824 2672 lbi
850 2643 1017 2673 Ernestius
1042 2646 1075 2673 et
1103 2644 1242 2673 ofellius
1267 2646 1357 2673 istinc
1383 2644 1510 2678 praefe-

72 2678 161 2713 runt,
190 2678 246 2704 sed
268 2677 404 2706 retinent
422 2679 502 2705 istim
528 2678 560 2706 in
580 2681 657 2713 Em).
677 2681 719 2708 ad
739 2682 806 2710 Ait.
826 2682 881 2710 lin.
900 2684 923 2710 Ι.
945 2690 994 2716 en.
1017 2682 1066 2710 14.
1087 2682 1119 2717 5.
1140 2681 1169 2711 4.
1198 2684 1276 2710 tanti
1300 2683 1448 2718 fuerunt,
1477 2683 1512 2712 ut

72 2722 128 2751 eqo
148 2721 184 2742 eo
205 2715 329 2743 brevior
348 2716 421 2752 sim,
444 2716 526 2750 quod
544 2723 597 2744 eos
616 2723 710 2752 usque
729 2719 833 2746 istim
851 2721 1015 2747 emandans
1032 2721 1155 2754 putem,
1176 2720 1229 2748 ubi
1249 2719 1306 2748 alii
1325 2721 1423 2748 istinc.

148 2760 220 2799 τὴ)
241 2763 315 2791 Inst.
338 2762 389 2790 Or.
408 2762 462 2790 lib.
482 2763 518 2790 V.
539 2769 607 2798 cap.
630 2765 678 2794 10.
701 2765 733 2800 S.
752 2765 783 2795 9.
811 2766 863 2794 ubi
884 2767 1087 2801 Spaldinqus
1108 2770 1202 2801 atque
1222 2769 1295 2803 post
1316 2774 1386 2796 eum
1408 2768 1510 2796 Gern-

72 2799 461 2874 fflgdugffit'rcansferremus
479 2800 564 2830 illinc
583 2802 655 2831 niati
680 2804 763 2838 quid.
803 2804 850 2834 Cf.
872 2805 937 2835 Cic.
960 2806 1038 2840 Opp.
1059 2805 1108 2835 ed.
1130 2806 1229 2835 Orell.
1251 2806 1319 2835 Vol.
1339 2806 1392 2835 IV.
1412 2806 1449 2835 Ρ.
1469 2807 1509 2835 11.
