<?xml version="1.0" encoding="UTF-8"?>
<!DOCTYPE html PUBLIC "-//W3C//DTD XHTML 1.0 Transitional//EN"
    "http://www.w3.org/TR/xhtml1/DTD/xhtml1-transitional.dtd">
<html xmlns="http://www.w3.org/1999/xhtml" xml:lang="en" lang="en">
 <head>
  <title>
</title>
<meta http-equiv="Content-Type" content="text/html;charset=utf-8" />
  <meta name='ocr-system' content='tesseract 3.04.00' />
  <meta name='ocr-capabilities' content='ocr_page ocr_carea ocr_par ocr_line ocrx_word'/>
</head>
<body>
  <div class='ocr_page' id='page_1' title='image "./operaomniaexmssa03mureuoft/operaomniaexmssa03mureuoft_0338.png"; bbox 0 0 1726 3106; ppageno 0'>
   <div class='ocr_carea' id='block_1_1' title="bbox 200 126 1074 176">
    <p class='ocr_par' dir='ltr' id='par_1_1' title="bbox 200 126 1074 176">
     <span class='ocr_line' id='line_1_1' title="bbox 200 126 1074 176; baseline -0.002 0"><span class='ocrx_word' id='word_1_1' title='bbox 200 132 282 176; x_wconf 81' lang='lat' dir='ltr'>25ss</span> <span class='ocrx_word' id='word_1_2' title='bbox 760 134 889 176; x_wconf 81' lang='lat' dir='ltr'><strong>VAR.</strong></span> <span class='ocrx_word' id='word_1_3' title='bbox 920 126 1074 175; x_wconf 87' lang='lat' dir='ltr'><strong>LECT.</strong></span> 
     </span>
    </p>
   </div>
   <div class='ocr_carea' id='block_1_2' title="bbox 201 241 1642 299">
    <p class='ocr_par' dir='ltr' id='par_1_2' title="bbox 201 241 1642 299">
     <span class='ocr_line' id='line_1_2' title="bbox 201 241 1642 299; baseline -0.001 -14"><span class='ocrx_word' id='word_1_4' title='bbox 201 241 315 299; x_wconf 79' lang='grc' dir='ltr'><em>λόγον</em></span> <span class='ocrx_word' id='word_1_5' title='bbox 358 241 580 298; x_wconf 75' lang='grc' dir='ltr'><em>προϊέμεθα.</em></span> <span class='ocrx_word' id='word_1_6' title='bbox 645 243 768 282; x_wconf 87' lang='lat' dir='ltr'>Huius</span> <span class='ocrx_word' id='word_1_7' title='bbox 816 245 970 295; x_wconf 84' lang='lat' dir='ltr'>generis</span> <span class='ocrx_word' id='word_1_8' title='bbox 1018 245 1250 284; x_wconf 75' lang='lat' dir='ltr'><strong>sermonibus</strong></span> <span class='ocrx_word' id='word_1_9' title='bbox 1299 252 1440 298; x_wconf 86' lang='lat' dir='ltr'>partem</span> <span class='ocrx_word' id='word_1_10' title='bbox 1484 246 1642 298; x_wconf 81' lang='lat' dir='ltr'><strong>aliquam</strong></span> 
     </span>
    </p>
   </div>
   <div class='ocr_carea' id='block_1_3' title="bbox 202 300 1702 352">
    <p class='ocr_par' dir='ltr' id='par_1_3' title="bbox 202 300 1702 352">
     <span class='ocr_line' id='line_1_3' title="bbox 202 300 1702 352; baseline 0.001 -14"><span class='ocrx_word' id='word_1_11' title='bbox 202 301 378 351; x_wconf 86' lang='lat' dir='ltr'>temporis</span> <span class='ocrx_word' id='word_1_12' title='bbox 419 314 532 351; x_wconf 87' lang='lat' dir='ltr'>prope</span> <span class='ocrx_word' id='word_1_13' title='bbox 570 300 736 349; x_wconf 84' lang='lat' dir='ltr'>quotidie</span> <span class='ocrx_word' id='word_1_14' title='bbox 773 313 915 338; x_wconf 89' lang='lat' dir='ltr'>mecum</span> <span class='ocrx_word' id='word_1_15' title='bbox 955 301 1195 339; x_wconf 80' lang='lat' dir='ltr'>consumebat</span> <span class='ocrx_word' id='word_1_16' title='bbox 1230 301 1293 339; x_wconf 91' lang='lat' dir='ltr'>ille</span> <span class='ocrx_word' id='word_1_17' title='bbox 1324 303 1511 349; x_wconf 87' lang='lat' dir='ltr'>omnium,</span> <span class='ocrx_word' id='word_1_18' title='bbox 1551 314 1643 352; x_wconf 90' lang='lat' dir='ltr'>quos</span> <span class='ocrx_word' id='word_1_19' title='bbox 1698 339 1702 343; x_wconf 76' lang='lat'>.</span> 
     </span>
    </p>
   </div>
   <div class='ocr_carea' id='block_1_4' title="bbox 201 354 1643 573">
    <p class='ocr_par' dir='ltr' id='par_1_4' title="bbox 201 354 1643 573">
     <span class='ocr_line' id='line_1_4' title="bbox 201 354 1643 406; baseline 0.001 -13"><span class='ocrx_word' id='word_1_20' title='bbox 201 369 359 406; x_wconf 83' lang='lat' dir='ltr'>unquam</span> <span class='ocrx_word' id='word_1_21' title='bbox 390 355 486 401; x_wconf 87' lang='lat' dir='ltr'>vidi,</span> <span class='ocrx_word' id='word_1_22' title='bbox 517 354 828 405; x_wconf 87' lang='lat' dir='ltr'>prudentissimus</span> <span class='ocrx_word' id='word_1_23' title='bbox 859 363 895 393; x_wconf 91' lang='lat' dir='ltr'>et</span> <span class='ocrx_word' id='word_1_24' title='bbox 925 356 1071 393; x_wconf 90' lang='lat' dir='ltr'>consilii</span> <span class='ocrx_word' id='word_1_25' title='bbox 1101 357 1336 406; x_wconf 83' lang='lat' dir='ltr'>plenissimus</span> <span class='ocrx_word' id='word_1_26' title='bbox 1366 369 1506 394; x_wconf 86' lang='lat' dir='ltr'><strong>senex:</strong></span> <span class='ocrx_word' id='word_1_27' title='bbox 1537 358 1643 395; x_wconf 91' lang='lat' dir='ltr'>cuius</span> 
     </span>
     <span class='ocr_line' id='line_1_5' title="bbox 202 410 1642 462; baseline 0.001 -14"><span class='ocrx_word' id='word_1_28' title='bbox 202 419 265 448; x_wconf 84' lang='lat' dir='ltr'>aut</span> <span class='ocrx_word' id='word_1_29' title='bbox 302 410 556 447; x_wconf 77' lang='lat' dir='ltr'>excelsitatem</span> <span class='ocrx_word' id='word_1_30' title='bbox 598 411 710 447; x_wconf 88' lang='lat' dir='ltr'>animi</span> <span class='ocrx_word' id='word_1_31' title='bbox 750 418 813 448; x_wconf 86' lang='lat' dir='ltr'>aut</span> <span class='ocrx_word' id='word_1_32' title='bbox 854 418 1068 461; x_wconf 89' lang='lat' dir='ltr'>perpetuam</span> <span class='ocrx_word' id='word_1_33' title='bbox 1120 423 1209 462; x_wconf 86' lang='lat' dir='ltr'>erga</span> <span class='ocrx_word' id='word_1_34' title='bbox 1255 411 1422 450; x_wconf 90' lang='lat' dir='ltr'>eruditos</span> <span class='ocrx_word' id='word_1_35' title='bbox 1473 412 1642 450; x_wconf 89' lang='lat' dir='ltr'>homines</span> 
     </span>
     <span class='ocr_line' id='line_1_6' title="bbox 202 466 1642 519; baseline 0.001 -16"><span class='ocrx_word' id='word_1_36' title='bbox 202 466 491 503; x_wconf 76' lang='lat' dir='ltr'>munificentiam</span> <span class='ocrx_word' id='word_1_37' title='bbox 529 479 571 503; x_wconf 84' lang='lat' dir='ltr'>ae</span> <span class='ocrx_word' id='word_1_38' title='bbox 602 466 860 503; x_wconf 79' lang='lat' dir='ltr'>liberalitatem</span> <span class='ocrx_word' id='word_1_39' title='bbox 901 467 959 516; x_wconf 83' lang='lat' dir='ltr'>qui</span> <span class='ocrx_word' id='word_1_40' title='bbox 1001 473 1206 517; x_wconf 78' lang='lat' dir='ltr'>exaequet,</span> <span class='ocrx_word' id='word_1_41' title='bbox 1251 475 1289 506; x_wconf 91' lang='lat' dir='ltr'>et</span> <span class='ocrx_word' id='word_1_42' title='bbox 1324 466 1442 506; x_wconf 87' lang='lat' dir='ltr'>adhuc</span> <span class='ocrx_word' id='word_1_43' title='bbox 1472 467 1642 519; x_wconf 85' lang='lat' dir='ltr'>requiro,</span> 
     </span>
     <span class='ocr_line' id='line_1_7' title="bbox 202 521 1087 573; baseline 0.001 -15"><span class='ocrx_word' id='word_1_44' title='bbox 202 528 241 558; x_wconf 89' lang='lat' dir='ltr'>et</span> <span class='ocrx_word' id='word_1_45' title='bbox 266 533 423 567; x_wconf 85' lang='lat' dir='ltr'>vereor,</span> <span class='ocrx_word' id='word_1_46' title='bbox 456 533 502 559; x_wconf 90' lang='lat' dir='ltr'>ne</span> <span class='ocrx_word' id='word_1_47' title='bbox 537 533 686 573; x_wconf 83' lang='lat' dir='ltr'>semper</span> <span class='ocrx_word' id='word_1_48' title='bbox 714 522 853 559; x_wconf 83' lang='lat' dir='ltr'>frustra</span> <span class='ocrx_word' id='word_1_49' title='bbox 885 521 1087 572; x_wconf 82' lang='lat' dir='ltr'>requiram.</span> 
     </span>
    </p>
   </div>
   <div class='ocr_carea' id='block_1_5' title="bbox 700 640 1160 681">
    <p class='ocr_par' dir='ltr' id='par_1_5' title="bbox 700 640 1160 681">
     <span class='ocr_line' id='line_1_8' title="bbox 700 640 1160 681; baseline 0.002 -2"><span class='ocrx_word' id='word_1_50' title='bbox 700 640 983 680; x_wconf 86' lang='lat' dir='ltr'><strong>CAPUT</strong></span> <span class='ocrx_word' id='word_1_51' title='bbox 1037 641 1160 681; x_wconf 91' lang='lat' dir='ltr'>XVI.</span> 
     </span>
    </p>
   </div>
   <div class='ocr_carea' id='block_1_6' title="bbox 253 720 1597 828">
    <p class='ocr_par' dir='ltr' id='par_1_6' title="bbox 253 720 1597 828">
     <span class='ocr_line' id='line_1_9' title="bbox 253 720 1597 771; baseline -0.001 -13"><span class='ocrx_word' id='word_1_52' title='bbox 253 720 361 771; x_wconf 77' lang='lat' dir='ltr'>Quod</span> <span class='ocrx_word' id='word_1_53' title='bbox 388 721 596 771; x_wconf 75' lang='lat' dir='ltr'>Epicurum</span> <span class='ocrx_word' id='word_1_54' title='bbox 626 721 757 758; x_wconf 77' lang='lat' dir='ltr'>merito</span> <span class='ocrx_word' id='word_1_55' title='bbox 787 733 810 758; x_wconf 88' lang='grc' dir='ltr'><em>α</em></span> <span class='ocrx_word' id='word_1_56' title='bbox 838 722 1041 759; x_wconf 72' lang='lat' dir='ltr'>Pham-cleo</span> <span class='ocrx_word' id='word_1_57' title='bbox 1071 721 1335 771; x_wconf 76' lang='lat' dir='ltr'>reprehensum</span> <span class='ocrx_word' id='word_1_58' title='bbox 1365 721 1417 760; x_wconf 88' lang='lat' dir='ltr'>A.</span> <span class='ocrx_word' id='word_1_59' title='bbox 1455 720 1597 759; x_wconf 68' lang='lat' dir='ltr'>Gellius</span> 
     </span>
     <span class='ocr_line' id='line_1_10' title="bbox 436 774 1392 828; baseline 0 -15"><span class='ocrx_word' id='word_1_60' title='bbox 436 774 591 826; x_wconf 71' lang='lat' dir='ltr'>frigide</span> <span class='ocrx_word' id='word_1_61' title='bbox 620 784 735 826; x_wconf 76' lang='lat' dir='ltr'>atque</span> <span class='ocrx_word' id='word_1_62' title='bbox 764 777 884 828; x_wconf 76' lang='lat' dir='ltr'>inepte</span> <span class='ocrx_word' id='word_1_63' title='bbox 915 774 1118 824; x_wconf 64' lang='lat' dir='ltr'>dffelzclere</span> <span class='ocrx_word' id='word_1_64' title='bbox 1147 783 1301 815; x_wconf 77' lang='lat' dir='ltr'>conatus</span> <span class='ocrx_word' id='word_1_65' title='bbox 1329 777 1392 814; x_wconf 78' lang='lat' dir='ltr'>sit.</span> 
     </span>
    </p>
   </div>
   <div class='ocr_carea' id='block_1_7' title="bbox 110 854 1643 2528">
    <p class='ocr_par' dir='ltr' id='par_1_7' title="bbox 110 854 1643 2528">
     <span class='ocr_line' id='line_1_11' title="bbox 201 854 1643 927; baseline 0.001 -17"><span class='ocrx_word' id='word_1_66' title='bbox 201 854 439 914; x_wconf 65' lang='lat' dir='ltr'>Emonam</span> <span class='ocrx_word' id='word_1_67' title='bbox 469 875 686 912; x_wconf 77' lang='lat' dir='ltr'>dialectices</span> <span class='ocrx_word' id='word_1_68' title='bbox 717 875 925 926; x_wconf 89' lang='lat' dir='ltr'>imperitum</span> <span class='ocrx_word' id='word_1_69' title='bbox 956 876 1072 914; x_wconf 87' lang='lat' dir='ltr'>fuisse</span> <span class='ocrx_word' id='word_1_70' title='bbox 1104 890 1147 914; x_wconf 91' lang='lat' dir='ltr'>ae</span> <span class='ocrx_word' id='word_1_71' title='bbox 1177 883 1326 927; x_wconf 85' lang='lat' dir='ltr'>putasse</span> <span class='ocrx_word' id='word_1_72' title='bbox 1356 876 1466 912; x_wconf 91' lang='lat' dir='ltr'>etiam</span> <span class='ocrx_word' id='word_1_73' title='bbox 1498 887 1643 912; x_wconf 90' lang='lat' dir='ltr'>omnem</span> 
     </span>
     <span class='ocr_line' id='line_1_12' title="bbox 203 929 1640 982; baseline -0.001 -13"><span class='ocrx_word' id='word_1_74' title='bbox 203 944 353 982; x_wconf 82' lang='lat' dir='ltr'>operam</span> <span class='ocrx_word' id='word_1_75' title='bbox 388 931 484 977; x_wconf 85' lang='lat' dir='ltr'>ludi,</span> <span class='ocrx_word' id='word_1_76' title='bbox 529 944 621 982; x_wconf 82' lang='lat' dir='ltr'>quae</span> <span class='ocrx_word' id='word_1_77' title='bbox 649 931 685 967; x_wconf 92' lang='lat' dir='ltr'>in</span> <span class='ocrx_word' id='word_1_78' title='bbox 716 943 759 968; x_wconf 87' lang='lat' dir='ltr'>ea</span> <span class='ocrx_word' id='word_1_79' title='bbox 791 931 1049 981; x_wconf 84' lang='lat' dir='ltr'>cognoscenda</span> <span class='ocrx_word' id='word_1_80' title='bbox 1079 945 1122 969; x_wconf 87' lang='lat' dir='ltr'>ae</span> <span class='ocrx_word' id='word_1_81' title='bbox 1150 929 1398 982; x_wconf 86' lang='lat' dir='ltr'>perdiscenda</span> <span class='ocrx_word' id='word_1_82' title='bbox 1426 937 1640 980; x_wconf 78' lang='lat' dir='ltr'>poneretur,</span> 
     </span>
     <span class='ocr_line' id='line_1_13' title="bbox 202 985 1642 1038; baseline -0.001 -14"><span class='ocrx_word' id='word_1_83' title='bbox 202 988 254 1024; x_wconf 86' lang='lat' dir='ltr'>ita</span> <span class='ocrx_word' id='word_1_84' title='bbox 287 995 408 1024; x_wconf 91' lang='lat' dir='ltr'>notum</span> <span class='ocrx_word' id='word_1_85' title='bbox 440 994 518 1032; x_wconf 90' lang='lat' dir='ltr'>est,</span> <span class='ocrx_word' id='word_1_86' title='bbox 561 993 601 1023; x_wconf 85' lang='lat' dir='ltr'>ut</span> <span class='ocrx_word' id='word_1_87' title='bbox 631 987 911 1024; x_wconf 79' lang='lat' dir='ltr'>confirmatione</span> <span class='ocrx_word' id='word_1_88' title='bbox 950 1000 1022 1024; x_wconf 89' lang='lat' dir='ltr'>non</span> <span class='ocrx_word' id='word_1_89' title='bbox 1061 995 1186 1038; x_wconf 80' lang='lat' dir='ltr'>egeat.</span> <span class='ocrx_word' id='word_1_90' title='bbox 1246 986 1373 1036; x_wconf 89' lang='lat' dir='ltr'>Itaque</span> <span class='ocrx_word' id='word_1_91' title='bbox 1414 985 1511 1022; x_wconf 89' lang='lat' dir='ltr'>illius</span> <span class='ocrx_word' id='word_1_92' title='bbox 1549 986 1642 1023; x_wconf 85' lang='lat' dir='ltr'>artis</span> 
     </span>
     <span class='ocr_line' id='line_1_14' title="bbox 202 1040 1642 1094; baseline -0.001 -14"><span class='ocrx_word' id='word_1_93' title='bbox 202 1043 437 1092; x_wconf 83' lang='lat' dir='ltr'>ignoratione</span> <span class='ocrx_word' id='word_1_94' title='bbox 482 1041 614 1080; x_wconf 83' lang='lat' dir='ltr'>ruebat</span> <span class='ocrx_word' id='word_1_95' title='bbox 662 1043 699 1078; x_wconf 90' lang='lat' dir='ltr'>in</span> <span class='ocrx_word' id='word_1_96' title='bbox 752 1041 912 1080; x_wconf 88' lang='lat' dir='ltr'>dicendo</span> <span class='ocrx_word' id='word_1_97' title='bbox 937 1042 1009 1094; x_wconf 46' lang='grc' dir='ltr'>ἧς</span> <span class='ocrx_word' id='word_1_98' title='bbox 1068 1055 1255 1094; x_wconf 81' lang='lat' dir='ltr'>saepeque</span> <span class='ocrx_word' id='word_1_99' title='bbox 1305 1040 1442 1092; x_wconf 92' lang='lat' dir='ltr'>aliquid</span> <span class='ocrx_word' id='word_1_100' title='bbox 1484 1041 1642 1092; x_wconf 86' lang='lat' dir='ltr'>probare</span> 
     </span>
     <span class='ocr_line' id='line_1_15' title="bbox 201 1094 1643 1148; baseline 0 -14"><span class='ocrx_word' id='word_1_101' title='bbox 201 1110 406 1148; x_wconf 82' lang='lat' dir='ltr'>aggressus</span> <span class='ocrx_word' id='word_1_102' title='bbox 437 1110 481 1135; x_wconf 89' lang='lat' dir='ltr'>ea</span> <span class='ocrx_word' id='word_1_103' title='bbox 512 1097 694 1143; x_wconf 77' lang='lat' dir='ltr'>sumebat,</span> <span class='ocrx_word' id='word_1_104' title='bbox 727 1099 857 1148; x_wconf 80' lang='lat' dir='ltr'>quibus</span> <span class='ocrx_word' id='word_1_105' title='bbox 888 1097 984 1135; x_wconf 85' lang='lat' dir='ltr'>datis</span> <span class='ocrx_word' id='word_1_106' title='bbox 1014 1112 1057 1136; x_wconf 91' lang='lat' dir='ltr'>ac</span> <span class='ocrx_word' id='word_1_107' title='bbox 1087 1099 1280 1136; x_wconf 85' lang='lat' dir='ltr'>concessis</span> <span class='ocrx_word' id='word_1_108' title='bbox 1310 1095 1346 1134; x_wconf 87' lang='lat' dir='ltr'>id</span> <span class='ocrx_word' id='word_1_109' title='bbox 1376 1104 1516 1142; x_wconf 89' lang='lat' dir='ltr'>tamen,</span> <span class='ocrx_word' id='word_1_110' title='bbox 1546 1094 1643 1147; x_wconf 85' lang='lat' dir='ltr'>quod</span> 
     </span>
     <span class='ocr_line' id='line_1_16' title="bbox 200 1150 1641 1204; baseline -0.001 -14"><span class='ocrx_word' id='word_1_111' title='bbox 200 1154 359 1204; x_wconf 78' lang='lat' dir='ltr'>piobtre</span> <span class='ocrx_word' id='word_1_112' title='bbox 391 1154 626 1199; x_wconf 82' lang='lat' dir='ltr'>institueiat,</span> <span class='ocrx_word' id='word_1_113' title='bbox 672 1167 742 1190; x_wconf 90' lang='lat' dir='ltr'>non</span> <span class='ocrx_word' id='word_1_114' title='bbox 775 1152 1074 1191; x_wconf 87' lang='lat' dir='ltr'>concluderetur.</span> <span class='ocrx_word' id='word_1_115' title='bbox 1135 1153 1254 1200; x_wconf 81' lang='lat' dir='ltr'>Quale</span> <span class='ocrx_word' id='word_1_116' title='bbox 1286 1158 1365 1198; x_wconf 86' lang='lat' dir='ltr'>est,</span> <span class='ocrx_word' id='word_1_117' title='bbox 1409 1150 1526 1202; x_wconf 88' lang='lat' dir='ltr'>quod,</span> <span class='ocrx_word' id='word_1_118' title='bbox 1559 1164 1641 1189; x_wconf 85' lang='lat' dir='ltr'>cum</span> 
     </span>
     <span class='ocr_line' id='line_1_17' title="bbox 201 1206 1641 1270; baseline -0.001 -25"><span class='ocrx_word' id='word_1_119' title='bbox 201 1208 338 1270; x_wconf 68' lang='lat' dir='ltr'>docere</span> <span class='ocrx_word' id='word_1_120' title='bbox 366 1209 500 1253; x_wconf 76' lang='lat' dir='ltr'>vellet,</span> <span class='ocrx_word' id='word_1_121' title='bbox 547 1216 702 1245; x_wconf 69' lang='lat' dir='ltr'>montem</span> <span class='ocrx_word' id='word_1_122' title='bbox 743 1209 831 1246; x_wconf 90' lang='lat' dir='ltr'>nihil</span> <span class='ocrx_word' id='word_1_123' title='bbox 868 1207 914 1246; x_wconf 88' lang='lat' dir='ltr'>ad</span> <span class='ocrx_word' id='word_1_124' title='bbox 945 1223 1009 1246; x_wconf 91' lang='lat' dir='ltr'>nos</span> <span class='ocrx_word' id='word_1_125' title='bbox 1050 1210 1263 1260; x_wconf 87' lang='lat' dir='ltr'>pertinere,</span> <span class='ocrx_word' id='word_1_126' title='bbox 1301 1208 1352 1244; x_wconf 88' lang='lat' dir='ltr'>ita</span> <span class='ocrx_word' id='word_1_127' title='bbox 1391 1206 1641 1244; x_wconf 87' lang='lat' dir='ltr'>ratiocinaba-</span> 
     </span>
     <span class='ocr_line' id='line_1_18' title="bbox 200 1258 1642 1317; baseline 0.001 -17"><span class='ocrx_word' id='word_1_128' title='bbox 200 1269 287 1300; x_wconf 82' lang='lat' dir='ltr'>tut·</span> <span class='ocrx_word' id='word_1_129' title='bbox 280 1261 370 1308; x_wconf 64' lang='lat'>“=&gt;„=):</span> <span class='ocrx_word' id='word_1_130' title='bbox 413 1260 434 1302; x_wconf 80' lang='grc' dir='ltr'><em>ὅ</em></span> <span class='ocrx_word' id='word_1_131' title='bbox 463 1260 632 1309; x_wconf 76' lang='grc' dir='ltr'><em>θάνατος</em></span> <span class='ocrx_word' id='word_1_132' title='bbox 660 1260 747 1302; x_wconf 72' lang='grc' dir='ltr'>οὐδὲ</span> <span class='ocrx_word' id='word_1_133' title='bbox 737 1279 773 1302; x_wconf 87' lang='grc' dir='ltr'><em>ν</em></span> <span class='ocrx_word' id='word_1_134' title='bbox 800 1260 897 1315; x_wconf 78' lang='grc' dir='ltr'><em>πρὸς</em></span> <span class='ocrx_word' id='word_1_135' title='bbox 921 1261 1033 1314; x_wconf 68' lang='grc' dir='ltr'>ἡμᾶς.</span> <span class='ocrx_word' id='word_1_136' title='bbox 1072 1261 1114 1303; x_wconf 84' lang='grc' dir='ltr'>τὸ</span> <span class='ocrx_word' id='word_1_137' title='bbox 1141 1280 1212 1317; x_wconf 78' lang='grc' dir='ltr'>γαρ</span> <span class='ocrx_word' id='word_1_138' title='bbox 1242 1259 1427 1301; x_wconf 72' lang='grc' dir='ltr'><em>διαλυθὲν</em></span> <span class='ocrx_word' id='word_1_139' title='bbox 1454 1258 1642 1313; x_wconf 65' lang='grc' dir='ltr'><em>ἀναισθη-</em></span> 
     </span>
     <span class='ocr_line' id='line_1_19' title="bbox 198 1315 1639 1370; baseline -0.001 -13"><span class='ocrx_word' id='word_1_140' title='bbox 198 1322 273 1358; x_wconf 85' lang='grc' dir='ltr'><strong><em>τεῖ</em></strong></span> <span class='ocrx_word' id='word_1_141' title='bbox 302 1315 344 1358; x_wconf 85' lang='grc' dir='ltr'>τὸ</span> <span class='ocrx_word' id='word_1_142' title='bbox 372 1316 412 1357; x_wconf 78' lang='grc' dir='ltr'>δὲ</span> <span class='ocrx_word' id='word_1_143' title='bbox 443 1315 706 1369; x_wconf 66' lang='grc' dir='ltr'><em>ἀναισθητοῦν</em></span> <span class='ocrx_word' id='word_1_144' title='bbox 736 1315 848 1357; x_wconf 73' lang='grc' dir='ltr'><em>οὐδὲν</em></span> <span class='ocrx_word' id='word_1_145' title='bbox 874 1316 970 1370; x_wconf 76' lang='grc' dir='ltr'><strong><em>πρὸς</em></strong></span> <span class='ocrx_word' id='word_1_146' title='bbox 997 1316 1110 1370; x_wconf 68' lang='grc' dir='ltr'>ἧμας.</span> <span class='ocrx_word' id='word_1_147' title='bbox 1160 1319 1295 1369; x_wconf 85' lang='lat' dir='ltr'>Neque</span> <span class='ocrx_word' id='word_1_148' title='bbox 1325 1317 1422 1356; x_wconf 89' lang='lat' dir='ltr'>enim</span> <span class='ocrx_word' id='word_1_149' title='bbox 1457 1318 1639 1368; x_wconf 88' lang='lat' dir='ltr'>sequitur,</span> 
     </span>
     <span class='ocr_line' id='line_1_20' title="bbox 200 1373 1641 1439; baseline -0.001 -28"><span class='ocrx_word' id='word_1_150' title='bbox 200 1375 233 1411; x_wconf 88' lang='lat' dir='ltr'>si</span> <span class='ocrx_word' id='word_1_151' title='bbox 265 1373 322 1419; x_wconf 75' lang='lat' dir='ltr'>id,</span> <span class='ocrx_word' id='word_1_152' title='bbox 364 1373 460 1424; x_wconf 87' lang='lat' dir='ltr'>quod</span> <span class='ocrx_word' id='word_1_153' title='bbox 491 1374 707 1411; x_wconf 87' lang='lat' dir='ltr'>dissolutum</span> <span class='ocrx_word' id='word_1_154' title='bbox 742 1381 822 1421; x_wconf 87' lang='lat' dir='ltr'>cst,</span> <span class='ocrx_word' id='word_1_155' title='bbox 863 1388 977 1412; x_wconf 87' lang='lat' dir='ltr'>sensu</span> <span class='ocrx_word' id='word_1_156' title='bbox 1009 1381 1138 1417; x_wconf 77' lang='lat' dir='ltr'>vacat,</span> <span class='ocrx_word' id='word_1_157' title='bbox 1180 1373 1318 1411; x_wconf 86' lang='lat' dir='ltr'>idcirco</span> <span class='ocrx_word' id='word_1_158' title='bbox 1349 1374 1464 1439; x_wconf 80' lang='lat' dir='ltr'>ipsam</span> <span class='ocrx_word' id='word_1_159' title='bbox 1496 1385 1641 1423; x_wconf 88' lang='lat' dir='ltr'>quoque</span> 
     </span>
     <span class='ocr_line' id='line_1_21' title="bbox 200 1424 1641 1479; baseline 0.001 -14"><span class='ocrx_word' id='word_1_160' title='bbox 200 1428 478 1466; x_wconf 84' lang='lat' dir='ltr'>dissolutionem</span> <span class='ocrx_word' id='word_1_161' title='bbox 508 1442 580 1466; x_wconf 89' lang='lat' dir='ltr'>non</span> <span class='ocrx_word' id='word_1_162' title='bbox 619 1430 767 1466; x_wconf 85' lang='lat' dir='ltr'>sentiri.</span> <span class='ocrx_word' id='word_1_163' title='bbox 826 1428 958 1479; x_wconf 86' lang='lat' dir='ltr'>Neque</span> <span class='ocrx_word' id='word_1_164' title='bbox 998 1442 1095 1466; x_wconf 86' lang='lat' dir='ltr'>mers</span> <span class='ocrx_word' id='word_1_165' title='bbox 1133 1436 1190 1466; x_wconf 87' lang='lat' dir='ltr'>est</span> <span class='ocrx_word' id='word_1_166' title='bbox 1225 1426 1267 1467; x_wconf 81' lang='grc' dir='ltr'>τὸ</span> <span class='ocrx_word' id='word_1_167' title='bbox 1308 1424 1510 1477; x_wconf 74' lang='grc' dir='ltr'><em>διαλυθὲν,</em></span> <span class='ocrx_word' id='word_1_168' title='bbox 1546 1424 1641 1466; x_wconf 70' lang='grc' dir='ltr'>ἀλλὰ</span> 
     </span>
     <span class='ocr_line' id='line_1_22' title="bbox 200 1480 1640 1534; baseline -0.001 -12"><span class='ocrx_word' id='word_1_169' title='bbox 200 1480 296 1534; x_wconf 74' lang='grc' dir='ltr'>αὐτὴ</span> <span class='ocrx_word' id='word_1_170' title='bbox 325 1480 352 1534; x_wconf 75' lang='grc' dir='ltr'><em>ἦ</em></span> <span class='ocrx_word' id='word_1_171' title='bbox 378 1480 558 1529; x_wconf 74' lang='grc' dir='ltr'><em>διάλυσις.</em></span> <span class='ocrx_word' id='word_1_172' title='bbox 615 1483 831 1534; x_wconf 76' lang='lat' dir='ltr'>Meritoque</span> <span class='ocrx_word' id='word_1_173' title='bbox 862 1484 1084 1521; x_wconf 85' lang='lat' dir='ltr'>Plutarchus</span> <span class='ocrx_word' id='word_1_174' title='bbox 1123 1483 1284 1521; x_wconf 87' lang='lat' dir='ltr'>secundo</span> <span class='ocrx_word' id='word_1_175' title='bbox 1314 1483 1518 1528; x_wconf 87' lang='lat' dir='ltr'>librorum,</span> <span class='ocrx_word' id='word_1_176' title='bbox 1549 1496 1640 1533; x_wconf 91' lang='lat' dir='ltr'>quos</span> 
     </span>
     <span class='ocr_line' id='line_1_23' title="bbox 201 1538 1641 1589; baseline -0.001 -13"><span class='ocrx_word' id='word_1_177' title='bbox 201 1539 247 1576; x_wconf 90' lang='lat' dir='ltr'>de</span> <span class='ocrx_word' id='word_1_178' title='bbox 266 1539 435 1576; x_wconf 84' lang='lat' dir='ltr'>Homero</span> <span class='ocrx_word' id='word_1_179' title='bbox 465 1539 687 1589; x_wconf 85' lang='lat' dir='ltr'>composuit,</span> <span class='ocrx_word' id='word_1_180' title='bbox 715 1539 935 1588; x_wconf 83' lang='lat' dir='ltr'>imperfecte</span> <span class='ocrx_word' id='word_1_181' title='bbox 965 1546 1074 1588; x_wconf 85' lang='lat' dir='ltr'>atque</span> <span class='ocrx_word' id='word_1_182' title='bbox 1103 1545 1343 1589; x_wconf 85' lang='lat' dir='ltr'>praepostere</span> <span class='ocrx_word' id='word_1_183' title='bbox 1371 1544 1480 1588; x_wconf 83' lang='lat' dir='ltr'>atque</span> <span class='ocrx_word' id='word_1_184' title='bbox 1506 1538 1641 1575; x_wconf 86' lang='lat' dir='ltr'>inscite</span> 
     </span>
     <span class='ocr_line' id='line_1_24' title="bbox 201 1591 1643 1659; baseline -0.001 -29"><span class='ocrx_word' id='word_1_185' title='bbox 201 1594 321 1645; x_wconf 46' lang='lat' dir='ltr'>syllog</span> <span class='ocrx_word' id='word_1_186' title='bbox 317 1595 417 1630; x_wconf 83' lang='lat' dir='ltr'>ismo</span> <span class='ocrx_word' id='word_1_187' title='bbox 441 1607 543 1631; x_wconf 91' lang='lat' dir='ltr'>usum</span> <span class='ocrx_word' id='word_1_188' title='bbox 566 1607 651 1631; x_wconf 87' lang='lat' dir='ltr'>esse</span> <span class='ocrx_word' id='word_1_189' title='bbox 678 1607 759 1630; x_wconf 89' lang='lat' dir='ltr'>eum</span> <span class='ocrx_word' id='word_1_190' title='bbox 775 1591 874 1644; x_wconf 41' lang='lat' dir='ltr'>efer)</span> <span class='ocrx_word' id='word_1_191' title='bbox 908 1593 1073 1631; x_wconf 79' lang='lat' dir='ltr'>dixerat:</span> <span class='ocrx_word' id='word_1_192' title='bbox 1108 1607 1179 1630; x_wconf 92' lang='lat' dir='ltr'>non</span> <span class='ocrx_word' id='word_1_193' title='bbox 1206 1592 1301 1659; x_wconf 91' lang='lat' dir='ltr'>quod</span> <span class='ocrx_word' id='word_1_194' title='bbox 1326 1593 1643 1643; x_wconf 85' lang='lat' dir='ltr'>praetermisisset</span> 
     </span>
     <span class='ocr_line' id='line_1_25' title="bbox 200 1644 1641 1700; baseline -0.003 -12"><span class='ocrx_word' id='word_1_195' title='bbox 200 1649 289 1688; x_wconf 84' lang='lat' dir='ltr'>illud</span> <span class='ocrx_word' id='word_1_196' title='bbox 328 1652 403 1700; x_wconf 78' lang='grc' dir='ltr'>λημ</span> <span class='ocrx_word' id='word_1_197' title='bbox 393 1665 477 1700; x_wconf 80' lang='grc' dir='ltr'>μα,</span> <span class='ocrx_word' id='word_1_198' title='bbox 517 1646 540 1688; x_wconf 82' lang='grc' dir='ltr'>ὁ</span> <span class='ocrx_word' id='word_1_199' title='bbox 566 1645 736 1695; x_wconf 71' lang='grc' dir='ltr'><em>θάνατος</em></span> <span class='ocrx_word' id='word_1_200' title='bbox 763 1652 893 1700; x_wconf 76' lang='grc' dir='ltr'><strong><em>ψυχῆς</em></strong></span> <span class='ocrx_word' id='word_1_201' title='bbox 929 1648 994 1688; x_wconf 78' lang='grc' dir='ltr'>καὶ</span> <span class='ocrx_word' id='word_1_202' title='bbox 1029 1645 1200 1699; x_wconf 75' lang='grc' dir='ltr'>σώματος</span> <span class='ocrx_word' id='word_1_203' title='bbox 1237 1644 1431 1694; x_wconf 70' lang='grc' dir='ltr'><em>διαλυσιςε</em></span> <span class='ocrx_word' id='word_1_204' title='bbox 1474 1661 1545 1698; x_wconf 90' lang='lat' dir='ltr'>quo</span> <span class='ocrx_word' id='word_1_205' title='bbox 1574 1647 1641 1685; x_wconf 90' lang='lat' dir='ltr'>ad-</span> 
     </span>
     <span class='ocr_line' id='line_1_26' title="bbox 200 1703 1640 1755; baseline 0 -13"><span class='ocrx_word' id='word_1_206' title='bbox 200 1704 275 1742; x_wconf 91' lang='lat' dir='ltr'>dito</span> <span class='ocrx_word' id='word_1_207' title='bbox 306 1705 419 1741; x_wconf 84' lang='lat' dir='ltr'>nihilo</span> <span class='ocrx_word' id='word_1_208' title='bbox 450 1705 566 1755; x_wconf 84' lang='lat' dir='ltr'>magis</span> <span class='ocrx_word' id='word_1_209' title='bbox 598 1705 794 1750; x_wconf 80' lang='lat' dir='ltr'>efficietur,</span> <span class='ocrx_word' id='word_1_210' title='bbox 825 1703 919 1755; x_wconf 86' lang='lat' dir='ltr'>quod</span> <span class='ocrx_word' id='word_1_211' title='bbox 952 1706 1030 1755; x_wconf 85' lang='lat' dir='ltr'>ipse</span> <span class='ocrx_word' id='word_1_212' title='bbox 1051 1705 1182 1742; x_wconf 87' lang='lat' dir='ltr'>voluit:</span> <span class='ocrx_word' id='word_1_213' title='bbox 1218 1703 1283 1742; x_wconf 89' lang='lat' dir='ltr'>sed</span> <span class='ocrx_word' id='word_1_214' title='bbox 1306 1703 1400 1754; x_wconf 90' lang='lat' dir='ltr'>quod</span> <span class='ocrx_word' id='word_1_215' title='bbox 1425 1703 1640 1753; x_wconf 84' lang='lat' dir='ltr'>stupiditate</span> 
     </span>
     <span class='ocr_line' id='line_1_27' title="bbox 200 1757 1637 1811; baseline -0.001 -15"><span class='ocrx_word' id='word_1_216' title='bbox 200 1759 354 1811; x_wconf 80' lang='lat' dir='ltr'>quadam</span> <span class='ocrx_word' id='word_1_217' title='bbox 384 1767 421 1797; x_wconf 90' lang='lat' dir='ltr'>et</span> <span class='ocrx_word' id='word_1_218' title='bbox 452 1759 698 1798; x_wconf 74' lang='lat' dir='ltr'>crassitudine</span> <span class='ocrx_word' id='word_1_219' title='bbox 724 1760 864 1809; x_wconf 83' lang='lat' dir='ltr'>ingenii</span> <span class='ocrx_word' id='word_1_220' title='bbox 895 1774 966 1797; x_wconf 88' lang='lat' dir='ltr'>non</span> <span class='ocrx_word' id='word_1_221' title='bbox 993 1759 1231 1810; x_wconf 87' lang='lat' dir='ltr'>pervidisset,</span> <span class='ocrx_word' id='word_1_222' title='bbox 1262 1766 1435 1810; x_wconf 88' lang='lat' dir='ltr'>quantum</span> <span class='ocrx_word' id='word_1_223' title='bbox 1462 1759 1562 1796; x_wconf 89' lang='lat' dir='ltr'>inter</span> <span class='ocrx_word' id='word_1_224' title='bbox 1585 1757 1637 1805; x_wconf 91' lang='lat' dir='ltr'>id,</span> 
     </span>
     <span class='ocr_line' id='line_1_28' title="bbox 201 1813 1640 1867; baseline 0 -15"><span class='ocrx_word' id='word_1_225' title='bbox 201 1815 296 1867; x_wconf 86' lang='lat' dir='ltr'>quod</span> <span class='ocrx_word' id='word_1_226' title='bbox 327 1815 544 1853; x_wconf 88' lang='lat' dir='ltr'>dissolutum</span> <span class='ocrx_word' id='word_1_227' title='bbox 577 1822 655 1860; x_wconf 89' lang='lat' dir='ltr'>est,</span> <span class='ocrx_word' id='word_1_228' title='bbox 697 1823 735 1852; x_wconf 86' lang='lat' dir='ltr'>et</span> <span class='ocrx_word' id='word_1_229' title='bbox 766 1816 882 1866; x_wconf 82' lang='lat' dir='ltr'>ipsam</span> <span class='ocrx_word' id='word_1_230' title='bbox 915 1815 1192 1852; x_wconf 82' lang='lat' dir='ltr'>dissolutionem</span> <span class='ocrx_word' id='word_1_231' title='bbox 1223 1816 1438 1851; x_wconf 88' lang='lat' dir='ltr'>interesset.</span> <span class='ocrx_word' id='word_1_232' title='bbox 1496 1813 1640 1852; x_wconf 91' lang='lat' dir='ltr'>Nactus</span> 
     </span>
     <span class='ocr_line' id='line_1_29' title="bbox 201 1868 1636 1921; baseline -0.001 -13"><span class='ocrx_word' id='word_1_233' title='bbox 201 1878 322 1908; x_wconf 80' lang='lat' dir='ltr'>autem</span> <span class='ocrx_word' id='word_1_234' title='bbox 359 1878 417 1908; x_wconf 88' lang='lat' dir='ltr'>est</span> <span class='ocrx_word' id='word_1_235' title='bbox 455 1878 645 1920; x_wconf 85' lang='lat' dir='ltr'>patronum</span> <span class='ocrx_word' id='word_1_236' title='bbox 683 1871 746 1907; x_wconf 84' lang='lat' dir='ltr'>tali</span> <span class='ocrx_word' id='word_1_237' title='bbox 783 1883 935 1921; x_wconf 85' lang='lat' dir='ltr'>prorsus</span> <span class='ocrx_word' id='word_1_238' title='bbox 975 1870 1113 1907; x_wconf 86' lang='lat' dir='ltr'>cliente</span> <span class='ocrx_word' id='word_1_239' title='bbox 1154 1869 1327 1919; x_wconf 84' lang='lat' dir='ltr'>dignum,</span> <span class='ocrx_word' id='word_1_240' title='bbox 1379 1868 1540 1907; x_wconf 89' lang='lat' dir='ltr'>Gellium</span> <span class='ocrx_word' id='word_1_241' title='bbox 1557 1868 1636 1921; x_wconf 77' lang='lat'>†);</span> 
     </span>
     <span class='ocr_line' id='line_1_30' title="bbox 110 1924 1639 1976; baseline -0.001 -13"><span class='ocrx_word' id='word_1_242' title='bbox 110 1934 172 1963; x_wconf 80' lang='lat'>268</span> <span class='ocrx_word' id='word_1_243' title='bbox 201 1927 261 1976; x_wconf 87' lang='lat' dir='ltr'>qui</span> <span class='ocrx_word' id='word_1_244' title='bbox 299 1926 382 1963; x_wconf 90' lang='lat' dir='ltr'>‹lum</span> <span class='ocrx_word' id='word_1_245' title='bbox 420 1927 576 1963; x_wconf 88' lang='lat' dir='ltr'>alienam</span> <span class='ocrx_word' id='word_1_246' title='bbox 616 1926 805 1963; x_wconf 82' lang='lat' dir='ltr'>stultitiam</span> <span class='ocrx_word' id='word_1_247' title='bbox 846 1933 976 1975; x_wconf 80' lang='lat' dir='ltr'>tegere</span> <span class='ocrx_word' id='word_1_248' title='bbox 1014 1926 1114 1970; x_wconf 83' lang='lat' dir='ltr'>vult,</span> <span class='ocrx_word' id='word_1_249' title='bbox 1149 1924 1270 1976; x_wconf 87' lang='lat' dir='ltr'>prodit</span> <span class='ocrx_word' id='word_1_250' title='bbox 1304 1937 1420 1962; x_wconf 84' lang='lat' dir='ltr'>suam.</span> <span class='ocrx_word' id='word_1_251' title='bbox 1479 1924 1639 1962; x_wconf 89' lang='lat' dir='ltr'>Tantum</span> 
     </span>
     <span class='ocr_line' id='line_1_31' title="bbox 200 1979 1637 2031; baseline -0.001 -13"><span class='ocrx_word' id='word_1_252' title='bbox 200 1982 297 2019; x_wconf 88' lang='lat' dir='ltr'>enim</span> <span class='ocrx_word' id='word_1_253' title='bbox 329 1981 436 2018; x_wconf 89' lang='lat' dir='ltr'>abest</span> <span class='ocrx_word' id='word_1_254' title='bbox 465 1982 510 2018; x_wconf 90' lang='lat' dir='ltr'>ab</span> <span class='ocrx_word' id='word_1_255' title='bbox 535 1995 579 2018; x_wconf 90' lang='lat' dir='ltr'>eo</span> <span class='ocrx_word' id='word_1_256' title='bbox 603 1980 852 2027; x_wconf 86' lang='lat' dir='ltr'>defendendo,</span> <span class='ocrx_word' id='word_1_257' title='bbox 881 1987 920 2017; x_wconf 88' lang='lat' dir='ltr'>ut</span> <span class='ocrx_word' id='word_1_258' title='bbox 950 1994 995 2018; x_wconf 90' lang='lat' dir='ltr'>ne</span> <span class='ocrx_word' id='word_1_259' title='bbox 1023 1981 1252 2018; x_wconf 77' lang='lat' dir='ltr'>intellexisse</span> <span class='ocrx_word' id='word_1_260' title='bbox 1279 1979 1426 2031; x_wconf 88' lang='lat' dir='ltr'>quidem</span> <span class='ocrx_word' id='word_1_261' title='bbox 1451 1979 1637 2027; x_wconf 84' lang='lat' dir='ltr'>videatur,</span> 
     </span>
     <span class='ocr_line' id='line_1_32' title="bbox 200 2035 1636 2087; baseline -0.001 -14"><span class='ocrx_word' id='word_1_262' title='bbox 200 2036 285 2087; x_wconf 86' lang='lat' dir='ltr'>quid</span> <span class='ocrx_word' id='word_1_263' title='bbox 317 2037 353 2073; x_wconf 91' lang='lat' dir='ltr'>in</span> <span class='ocrx_word' id='word_1_264' title='bbox 385 2048 429 2073; x_wconf 88' lang='lat' dir='ltr'>eo</span> <span class='ocrx_word' id='word_1_265' title='bbox 460 2037 814 2086; x_wconf 80' lang='lat' dir='ltr'>reprehenderetur.</span> <span class='ocrx_word' id='word_1_266' title='bbox 874 2035 1007 2086; x_wconf 83' lang='lat' dir='ltr'>Neque</span> <span class='ocrx_word' id='word_1_267' title='bbox 1037 2037 1132 2073; x_wconf 88' lang='lat' dir='ltr'>enim</span> <span class='ocrx_word' id='word_1_268' title='bbox 1163 2035 1311 2072; x_wconf 84' lang='lat' dir='ltr'>difficile</span> <span class='ocrx_word' id='word_1_269' title='bbox 1342 2042 1401 2072; x_wconf 89' lang='lat' dir='ltr'>est</span> <span class='ocrx_word' id='word_1_270' title='bbox 1429 2035 1636 2081; x_wconf 86' lang='lat' dir='ltr'>coniicere,</span> 
     </span>
     <span class='ocr_line' id='line_1_33' title="bbox 199 2089 1638 2142; baseline -0.002 -13"><span class='ocrx_word' id='word_1_271' title='bbox 199 2093 249 2129; x_wconf 86' lang='lat' dir='ltr'>ita</span> <span class='ocrx_word' id='word_1_272' title='bbox 282 2105 363 2129; x_wconf 85' lang='lat' dir='ltr'>eum</span> <span class='ocrx_word' id='word_1_273' title='bbox 395 2104 415 2127; x_wconf 83' lang='lat' dir='ltr'>a</span> <span class='ocrx_word' id='word_1_274' title='bbox 444 2091 646 2128; x_wconf 83' lang='lat' dir='ltr'>Plutarcho</span> <span class='ocrx_word' id='word_1_275' title='bbox 675 2091 967 2142; x_wconf 83' lang='lat' dir='ltr'>reprehensum,</span> <span class='ocrx_word' id='word_1_276' title='bbox 1000 2098 1039 2128; x_wconf 83' lang='lat' dir='ltr'>ut</span> <span class='ocrx_word' id='word_1_277' title='bbox 1067 2098 1106 2128; x_wconf 84' lang='lat' dir='ltr'>et</span> <span class='ocrx_word' id='word_1_278' title='bbox 1133 2090 1178 2127; x_wconf 88' lang='lat' dir='ltr'>ab</span> <span class='ocrx_word' id='word_1_279' title='bbox 1208 2089 1460 2127; x_wconf 88' lang='lat' dir='ltr'>eruditissimo</span> <span class='ocrx_word' id='word_1_280' title='bbox 1489 2089 1638 2127; x_wconf 85' lang='lat' dir='ltr'>Aristo-</span> 
     </span>
     <span class='ocr_line' id='line_1_34' title="bbox 199 2143 1637 2197; baseline -0.001 -13"><span class='ocrx_word' id='word_1_281' title='bbox 199 2147 286 2184; x_wconf 87' lang='lat' dir='ltr'>telis</span> <span class='ocrx_word' id='word_1_282' title='bbox 319 2148 546 2196; x_wconf 81' lang='lat' dir='ltr'>interprete,</span> <span class='ocrx_word' id='word_1_283' title='bbox 583 2146 799 2183; x_wconf 79' lang='lat' dir='ltr'>Alexandro</span> <span class='ocrx_word' id='word_1_284' title='bbox 830 2145 1142 2197; x_wconf 85' lang='lat' dir='ltr'>Aphrodisiensi,</span> <span class='ocrx_word' id='word_1_285' title='bbox 1182 2143 1491 2195; x_wconf 88' lang='lat' dir='ltr'>reprehenditur:</span> <span class='ocrx_word' id='word_1_286' title='bbox 1532 2144 1637 2182; x_wconf 89' lang='lat' dir='ltr'>cuius</span> 
     </span>
     <span class='ocr_line' id='line_1_35' title="bbox 199 2198 1632 2252; baseline -0.001 -13"><span class='ocrx_word' id='word_1_287' title='bbox 199 2202 292 2240; x_wconf 89' lang='lat' dir='ltr'>baec</span> <span class='ocrx_word' id='word_1_288' title='bbox 323 2209 407 2239; x_wconf 88' lang='lat' dir='ltr'>sunt</span> <span class='ocrx_word' id='word_1_289' title='bbox 437 2214 484 2239; x_wconf 86' lang='lat' dir='ltr'>ex</span> <span class='ocrx_word' id='word_1_290' title='bbox 513 2202 778 2238; x_wconf 80' lang='lat' dir='ltr'>commentaiio</span> <span class='ocrx_word' id='word_1_291' title='bbox 809 2202 844 2237; x_wconf 91' lang='lat' dir='ltr'>in</span> <span class='ocrx_word' id='word_1_292' title='bbox 879 2202 1033 2250; x_wconf 81' lang='lat' dir='ltr'>primum</span> <span class='ocrx_word' id='word_1_293' title='bbox 1062 2198 1412 2263; x_wconf 73' lang='lat' dir='ltr'>Topicorun1†T):</span> <span class='ocrx_word' id='word_1_294' title='bbox 1457 2202 1632 2246; x_wconf 84' lang='grc' dir='ltr'><em>τοιοῦτος</em></span> 
     </span>
     <span class='ocr_line' id='line_1_36' title="bbox 199 2251 1636 2321; baseline -0.002 -26"><span class='ocrx_word' id='word_1_295' title='bbox 199 2256 264 2296; x_wconf 69' lang='grc' dir='ltr'>καὶ</span> <span class='ocrx_word' id='word_1_296' title='bbox 293 2253 315 2296; x_wconf 83' lang='grc' dir='ltr'>ὁ</span> <span class='ocrx_word' id='word_1_297' title='bbox 342 2255 428 2308; x_wconf 77' lang='grc' dir='ltr'><strong>περὶ</strong></span> <span class='ocrx_word' id='word_1_298' title='bbox 454 2259 524 2295; x_wconf 82' lang='grc' dir='ltr'>τοῦ</span> <span class='ocrx_word' id='word_1_299' title='bbox 551 2253 725 2295; x_wconf 74' lang='grc' dir='ltr'><em>θανάτου</em></span> <span class='ocrx_word' id='word_1_300' title='bbox 754 2252 830 2294; x_wconf 74' lang='grc' dir='ltr'>ὑπὸ</span> <span class='ocrx_word' id='word_1_301' title='bbox 854 2252 1087 2321; x_wconf 68' lang='grc' dir='ltr'><em>Ἐπικούρου</em></span> <span class='ocrx_word' id='word_1_302' title='bbox 1114 2252 1225 2321; x_wconf 80' lang='grc' dir='ltr'><em>λόγος</em></span> <span class='ocrx_word' id='word_1_303' title='bbox 1253 2253 1456 2321; x_wconf 81' lang='grc' dir='ltr'>εἰοημένος.</span> <span class='ocrx_word' id='word_1_304' title='bbox 1494 2251 1540 2293; x_wconf 84' lang='grc' dir='ltr'>οὐ</span> <span class='ocrx_word' id='word_1_305' title='bbox 1563 2251 1636 2308; x_wconf 79' lang='grc' dir='ltr'>γὰρ</span> 
     </span>
     <span class='ocr_line' id='line_1_37' title="bbox 199 2305 1636 2378; baseline -0.002 -27"><span class='ocrx_word' id='word_1_306' title='bbox 199 2311 242 2351; x_wconf 76' lang='grc' dir='ltr'>ἐκ</span> <span class='ocrx_word' id='word_1_307' title='bbox 270 2315 345 2351; x_wconf 80' lang='grc' dir='ltr'>τῶν</span> <span class='ocrx_word' id='word_1_308' title='bbox 373 2315 410 2350; x_wconf 75' lang='grc' dir='ltr'>λε</span> <span class='ocrx_word' id='word_1_309' title='bbox 397 2315 563 2378; x_wconf 70' lang='lat' dir='ltr'>cyovocfiv</span> <span class='ocrx_word' id='word_1_310' title='bbox 588 2308 806 2359; x_wconf 80' lang='grc' dir='ltr'><em>ποοτάσεων</em></span> <span class='ocrx_word' id='word_1_311' title='bbox 832 2307 874 2350; x_wconf 80' lang='grc' dir='ltr'>τὸ</span> <span class='ocrx_word' id='word_1_312' title='bbox 905 2308 1089 2349; x_wconf 75' lang='grc' dir='ltr'><em>διαλυθὲν</em></span> <span class='ocrx_word' id='word_1_313' title='bbox 1114 2307 1351 2360; x_wconf 70' lang='grc' dir='ltr'><em>ἀναισθητεῖ,</em></span> <span class='ocrx_word' id='word_1_314' title='bbox 1380 2305 1422 2348; x_wconf 88' lang='grc' dir='ltr'>τὸ</span> <span class='ocrx_word' id='word_1_315' title='bbox 1449 2306 1636 2360; x_wconf 75' lang='grc' dir='ltr'><em>ἀναισθη-</em></span> 
     </span>
     <span class='ocr_line' id='line_1_38' title="bbox 198 2361 1638 2433; baseline -0.002 -27"><span class='ocrx_word' id='word_1_316' title='bbox 198 2371 291 2406; x_wconf 85' lang='grc' dir='ltr'><em>τοῦν</em></span> <span class='ocrx_word' id='word_1_317' title='bbox 331 2364 442 2406; x_wconf 76' lang='grc' dir='ltr'><em>οὐδὲν</em></span> <span class='ocrx_word' id='word_1_318' title='bbox 479 2364 576 2417; x_wconf 73' lang='grc' dir='ltr'><em>πρὸς</em></span> <span class='ocrx_word' id='word_1_319' title='bbox 595 2382 733 2433; x_wconf 75' lang='grc' dir='ltr'>ημας,</span> <span class='ocrx_word' id='word_1_320' title='bbox 780 2362 980 2433; x_wconf 75' lang='grc' dir='ltr'><em>συνάγεται</em></span> <span class='ocrx_word' id='word_1_321' title='bbox 1014 2362 1077 2413; x_wconf 82' lang='grc' dir='ltr'>τὸ,</span> <span class='ocrx_word' id='word_1_322' title='bbox 1125 2381 1145 2404; x_wconf 96' lang='lat' dir='ltr'>o</span> <span class='ocrx_word' id='word_1_323' title='bbox 1185 2362 1357 2411; x_wconf 55' lang='lat' dir='ltr'>&amp;avaros</span> <span class='ocrx_word' id='word_1_324' title='bbox 1391 2361 1505 2404; x_wconf 76' lang='grc' dir='ltr'><em>οὐδὲν</em></span> <span class='ocrx_word' id='word_1_325' title='bbox 1540 2361 1638 2417; x_wconf 83' lang='grc' dir='ltr'><em>ποὸς</em></span> 
     </span>
     <span class='ocr_line' id='line_1_39' title="bbox 198 2416 1636 2491; baseline -0.003 -29"><span class='ocrx_word' id='word_1_326' title='bbox 198 2419 319 2491; x_wconf 56' lang='grc' dir='ltr'><em>ζῑμᾶς,</em></span> <span class='ocrx_word' id='word_1_327' title='bbox 359 2438 411 2469; x_wconf 84' lang='grc' dir='ltr'>ως</span> <span class='ocrx_word' id='word_1_328' title='bbox 439 2419 555 2468; x_wconf 74' lang='grc' dir='ltr'><em>αὐτὸς</em></span> <span class='ocrx_word' id='word_1_329' title='bbox 580 2418 744 2489; x_wconf 75' lang='grc' dir='ltr'><em>ηγεῖται,</em></span> <span class='ocrx_word' id='word_1_330' title='bbox 775 2418 854 2460; x_wconf 70' lang='grc' dir='ltr'>ἀλλ’</span> <span class='ocrx_word' id='word_1_331' title='bbox 888 2419 945 2460; x_wconf 84' lang='grc' dir='ltr'>ότι</span> <span class='ocrx_word' id='word_1_332' title='bbox 973 2417 1015 2460; x_wconf 81' lang='grc' dir='ltr'>τὸ</span> <span class='ocrx_word' id='word_1_333' title='bbox 1045 2418 1229 2459; x_wconf 76' lang='grc' dir='ltr'><em>διαλυθὲν</em></span> <span class='ocrx_word' id='word_1_334' title='bbox 1259 2416 1371 2459; x_wconf 78' lang='grc' dir='ltr'><em>οὐδὲν</em></span> <span class='ocrx_word' id='word_1_335' title='bbox 1398 2418 1495 2487; x_wconf 84' lang='grc' dir='ltr'><strong><em>πρὸς</em></strong></span> <span class='ocrx_word' id='word_1_336' title='bbox 1522 2417 1636 2470; x_wconf 72' lang='grc' dir='ltr'>ἡμᾶς,</span> 
     </span>
     <span class='ocr_line' id='line_1_40' title="bbox 199 2472 1635 2528; baseline -0.001 -11"><span class='ocrx_word' id='word_1_337' title='bbox 199 2475 279 2517; x_wconf 72' lang='grc' dir='ltr'>ἀλλ’</span> <span class='ocrx_word' id='word_1_338' title='bbox 302 2474 391 2517; x_wconf 72' lang='grc' dir='ltr'><em>οὐδὲ</em></span> <span class='ocrx_word' id='word_1_339' title='bbox 416 2474 439 2517; x_wconf 84' lang='grc' dir='ltr'>ὁ</span> <span class='ocrx_word' id='word_1_340' title='bbox 458 2475 629 2525; x_wconf 75' lang='grc' dir='ltr'><em>θάνατος</em></span> <span class='ocrx_word' id='word_1_341' title='bbox 651 2473 694 2517; x_wconf 77' lang='grc' dir='ltr'>τὸ</span> <span class='ocrx_word' id='word_1_342' title='bbox 716 2475 901 2516; x_wconf 75' lang='grc' dir='ltr'><em>διαλυθέν</em></span> <span class='ocrx_word' id='word_1_343' title='bbox 921 2475 1033 2524; x_wconf 78' lang='grc' dir='ltr'><em>ἐστιν,</em></span> <span class='ocrx_word' id='word_1_344' title='bbox 1063 2473 1141 2516; x_wconf 72' lang='grc' dir='ltr'>ἀλλ’</span> <span class='ocrx_word' id='word_1_345' title='bbox 1166 2493 1191 2528; x_wconf 77' lang='grc' dir='ltr'><em>η</em></span> <span class='ocrx_word' id='word_1_346' title='bbox 1219 2472 1400 2522; x_wconf 78' lang='grc' dir='ltr'><em>διάλυσις.</em></span> <span class='ocrx_word' id='word_1_347' title='bbox 1422 2472 1496 2516; x_wconf 80' lang='grc' dir='ltr'>οὔκ</span> <span class='ocrx_word' id='word_1_348' title='bbox 1519 2475 1635 2516; x_wconf 74' lang='grc' dir='ltr'><em>ἔδωκε</em></span> 
     </span>
    </p>
   </div>
   <div class='ocr_carea' id='block_1_8' title="bbox 273 2585 1012 2624">
    <p class='ocr_par' dir='ltr' id='par_1_8' title="bbox 273 2585 1012 2624">
     <span class='ocr_line' id='line_1_41' title="bbox 273 2585 1012 2624; baseline -0.003 -8"><span class='ocrx_word' id='word_1_349' title='bbox 273 2587 315 2624; x_wconf 68' lang='lat' dir='ltr'>*J</span> <span class='ocrx_word' id='word_1_350' title='bbox 336 2590 387 2616; x_wconf 81' lang='lat' dir='ltr'>Ex</span> <span class='ocrx_word' id='word_1_351' title='bbox 407 2587 471 2617; x_wconf 84' lang='lat' dir='ltr'>Cic.</span> <span class='ocrx_word' id='word_1_352' title='bbox 492 2588 531 2615; x_wconf 83' lang='lat' dir='ltr'>de</span> <span class='ocrx_word' id='word_1_353' title='bbox 551 2587 619 2616; x_wconf 83' lang='lat' dir='ltr'>Fin</span> <span class='ocrx_word' id='word_1_354' title='bbox 638 2586 691 2615; x_wconf 88' lang='lat' dir='ltr'>lib.</span> <span class='ocrx_word' id='word_1_355' title='bbox 711 2588 750 2615; x_wconf 91' lang='lat'>11</span> <span class='ocrx_word' id='word_1_356' title='bbox 771 2593 840 2621; x_wconf 84' lang='lat' dir='ltr'>cap</span> <span class='ocrx_word' id='word_1_357' title='bbox 860 2586 889 2615; x_wconf 84' lang='grc'>6.</span> <span class='ocrx_word' id='word_1_358' title='bbox 910 2585 941 2621; x_wconf 72' lang='lat'>§-</span> <span class='ocrx_word' id='word_1_359' title='bbox 965 2586 1012 2614; x_wconf 84' lang='grc'>18.</span> 
     </span>
    </p>
   </div>
   <div class='ocr_carea' id='block_1_9' title="bbox 194 2631 1634 2750">
    <p class='ocr_par' dir='ltr' id='par_1_9' title="bbox 194 2631 1634 2750">
     <span class='ocr_line' id='line_1_42' title="bbox 271 2631 1634 2671; baseline -0.002 -9"><span class='ocrx_word' id='word_1_360' title='bbox 271 2638 310 2662; x_wconf 66' lang='lat' dir='ltr'>«tt-³¹.</span> <span class='ocrx_word' id='word_1_361' title='bbox 310 2636 339 2671; x_wconf 85' lang='grc'>)</span> <span class='ocrx_word' id='word_1_362' title='bbox 369 2638 419 2664; x_wconf 85' lang='lat' dir='ltr'>Ex</span> <span class='ocrx_word' id='word_1_363' title='bbox 448 2636 538 2670; x_wconf 82' lang='lat' dir='ltr'>niog.</span> <span class='ocrx_word' id='word_1_364' title='bbox 564 2636 674 2663; x_wconf 84' lang='lat' dir='ltr'>Laert.</span> <span class='ocrx_word' id='word_1_365' title='bbox 697 2634 750 2662; x_wconf 84' lang='lat' dir='ltr'>lib.</span> <span class='ocrx_word' id='word_1_366' title='bbox 777 2635 815 2662; x_wconf 88' lang='lat' dir='ltr'>X.</span> <span class='ocrx_word' id='word_1_367' title='bbox 843 2635 875 2668; x_wconf 49' lang='grc' dir='ltr'>ᾗ.</span> <span class='ocrx_word' id='word_1_368' title='bbox 905 2634 973 2662; x_wconf 70' lang='grc'><strong>139.</strong></span> <span class='ocrx_word' id='word_1_369' title='bbox 1030 2633 1101 2662; x_wconf 80' lang='lat' dir='ltr'>Vid.</span> <span class='ocrx_word' id='word_1_370' title='bbox 1131 2632 1226 2661; x_wconf 84' lang='lat' dir='ltr'>etiam</span> <span class='ocrx_word' id='word_1_371' title='bbox 1255 2633 1344 2661; x_wconf 81' lang='lat' dir='ltr'>stob.</span> <span class='ocrx_word' id='word_1_372' title='bbox 1378 2631 1634 2661; x_wconf 84' lang='lat' dir='ltr'>Serm.CXV11.</span> 
     </span>
     <span class='ocr_line' id='line_1_43' title="bbox 194 2670 1634 2750; baseline -0.004 -47"><span class='ocrx_word' id='word_1_373' title='bbox 194 2671 1103 2750; x_wconf 37' lang='lat' dir='ltr'>pagbgessdessssffls15⁴9.(al.Tit.118.pag.600..)</span> <span class='ocrx_word' id='word_1_374' title='bbox 1143 2672 1235 2700; x_wconf 85' lang='lat' dir='ltr'>Sext.</span> <span class='ocrx_word' id='word_1_375' title='bbox 1254 2670 1371 2706; x_wconf 81' lang='lat' dir='ltr'>Empir.</span> <span class='ocrx_word' id='word_1_376' title='bbox 1392 2671 1465 2700; x_wconf 79' lang='lat' dir='ltr'>adv.</span> <span class='ocrx_word' id='word_1_377' title='bbox 1485 2671 1634 2699; x_wconf 80' lang='lat' dir='ltr'>Matuem.</span> 
     </span>
    </p>
   </div>
   <div class='ocr_carea' id='block_1_10' title="bbox 269 2755 1413 2894">
    <p class='ocr_par' dir='ltr' id='par_1_10' title="bbox 269 2755 1413 2894">
     <span class='ocr_line' id='line_1_44' title="bbox 269 2755 960 2794; baseline -0.006 -5"><span class='ocrx_word' id='word_1_378' title='bbox 269 2759 362 2794; x_wconf 51' lang='grc' dir='ltr'>’Σὲ-ῑὶῑ-ὲὲ)</span> <span class='ocrx_word' id='word_1_379' title='bbox 383 2758 510 2788; x_wconf 80' lang='lat' dir='ltr'>Excidit</span> <span class='ocrx_word' id='word_1_380' title='bbox 530 2765 701 2793; x_wconf 81' lang='lat' dir='ltr'>pronomen</span> <span class='ocrx_word' id='word_1_381' title='bbox 722 2756 754 2786; x_wconf 86' lang='lat' dir='ltr'>in</span> <span class='ocrx_word' id='word_1_382' title='bbox 773 2757 821 2786; x_wconf 87' lang='lat' dir='ltr'>ed.</span> <span class='ocrx_word' id='word_1_383' title='bbox 841 2756 887 2784; x_wconf 80' lang='lat' dir='ltr'><strong>W</strong></span> <span class='ocrx_word' id='word_1_384' title='bbox 889 2755 960 2785; x_wconf 74' lang='lat' dir='ltr'>ollii.</span> 
     </span>
     <span class='ocr_line' id='line_1_45' title="bbox 270 2803 1404 2845; baseline -0.003 -9"><span class='ocrx_word' id='word_1_385' title='bbox 270 2806 316 2845; x_wconf 63' lang='grc' dir='ltr'>-Η</span> <span class='ocrx_word' id='word_1_386' title='bbox 335 2809 425 2837; x_wconf 86' lang='lat' dir='ltr'>Noet.</span> <span class='ocrx_word' id='word_1_387' title='bbox 444 2809 512 2837; x_wconf 88' lang='lat' dir='ltr'>Att.</span> <span class='ocrx_word' id='word_1_388' title='bbox 532 2807 586 2835; x_wconf 87' lang='lat' dir='ltr'>lib.</span> <span class='ocrx_word' id='word_1_389' title='bbox 606 2807 643 2835; x_wconf 91' lang='lat'>11.</span> <span class='ocrx_word' id='word_1_390' title='bbox 663 2813 733 2841; x_wconf 84' lang='lat' dir='ltr'>cap.</span> <span class='ocrx_word' id='word_1_391' title='bbox 752 2806 783 2834; x_wconf 84' lang='grc'>8.</span> <span class='ocrx_word' id='word_1_392' title='bbox 822 2803 869 2833; x_wconf 79' lang='lat' dir='ltr'>cf.</span> <span class='ocrx_word' id='word_1_393' title='bbox 889 2806 970 2833; x_wconf 79' lang='lat' dir='ltr'>Mur.</span> <span class='ocrx_word' id='word_1_394' title='bbox 991 2804 1070 2838; x_wconf 75' lang='lat' dir='ltr'>Opp.</span> <span class='ocrx_word' id='word_1_395' title='bbox 1091 2804 1177 2832; x_wconf 81' lang='lat' dir='ltr'>Tom.</span> <span class='ocrx_word' id='word_1_396' title='bbox 1198 2805 1221 2832; x_wconf 89' lang='grc' dir='ltr'>Ι.</span> <span class='ocrx_word' id='word_1_397' title='bbox 1242 2810 1313 2839; x_wconf 83' lang='lat' dir='ltr'>pag.</span> <span class='ocrx_word' id='word_1_398' title='bbox 1333 2804 1404 2833; x_wconf 82' lang='grc'><strong>316.</strong></span> 
     </span>
     <span class='ocr_line' id='line_1_46' title="bbox 269 2852 1413 2894; baseline -0.003 -9"><span class='ocrx_word' id='word_1_399' title='bbox 269 2854 341 2894; x_wconf 56' lang='grc' dir='ltr'>ἨΟ</span> <span class='ocrx_word' id='word_1_400' title='bbox 362 2856 420 2886; x_wconf 69' lang='lat' dir='ltr'>sub</span> <span class='ocrx_word' id='word_1_401' title='bbox 440 2856 507 2885; x_wconf 86' lang='lat' dir='ltr'>init.</span> <span class='ocrx_word' id='word_1_402' title='bbox 548 2854 596 2886; x_wconf 81' lang='lat' dir='ltr'>Cf.</span> <span class='ocrx_word' id='word_1_403' title='bbox 617 2856 725 2884; x_wconf 74' lang='lat' dir='ltr'>schol.</span> <span class='ocrx_word' id='word_1_404' title='bbox 744 2853 776 2883; x_wconf 87' lang='lat' dir='ltr'>in</span> <span class='ocrx_word' id='word_1_405' title='bbox 796 2852 860 2883; x_wconf 86' lang='lat' dir='ltr'>Cic.</span> <span class='ocrx_word' id='word_1_406' title='bbox 881 2852 948 2881; x_wconf 79' lang='lat' dir='ltr'>Fin.</span> <span class='ocrx_word' id='word_1_407' title='bbox 971 2852 1048 2888; x_wconf 82' lang='lat' dir='ltr'>Opp.</span> <span class='ocrx_word' id='word_1_408' title='bbox 1070 2853 1158 2881; x_wconf 82' lang='lat' dir='ltr'>Tem.</span> <span class='ocrx_word' id='word_1_409' title='bbox 1175 2853 1229 2881; x_wconf 86' lang='lat'>111.</span> <span class='ocrx_word' id='word_1_410' title='bbox 1249 2859 1321 2888; x_wconf 82' lang='lat' dir='ltr'>pag.</span> <span class='ocrx_word' id='word_1_411' title='bbox 1340 2852 1413 2881; x_wconf 64' lang='lat'>845.</span> 
     </span>
    </p>
   </div>
  </div>
 </body>
</html>
