1778 3096
172 800 230 831 401

261 144 343 188 382
515 175 532 188 2
823 144 951 186 VAR.
983 145 1137 188 LECT.

262 257 324 297 Ex
355 271 425 310 quo
457 256 635 295 Horatius
652 252 723 306 ἧς

485 347 533 354 —-
566 324 749 371 insignem
780 326 953 360 ¹attenuat
980 323 1082 360 Dens

484 374 654 416 Obscura‘
678 390 879 427 promens.-
912 379 999 416 ltine
1029 379 1174 428 apicem
1204 391 1350 431 rapaoe'

481 434 654 471 Fortuna
681 445 761 470 eum
791 434 957 470 stridore
987 441 1098 471 acuto

481 489 669 533 Sustulit,
703 489 765 526 lu'e
788 490 962 539 posuisse
989 489 1158 538 gaudet.-

260 560 298 592 et
326 552 414 592 alibi
444 553 496 591 ait
511 550 584 606 aas)
617 567 697 592 eam
730 567 816 592 esse
848 561 1056 605 potentem,

536 642 591 649 -—
619 621 680 658 vel
707 622 779 658 imo
809 622 939 658 tollere
969 622 1014 658 (le
1041 621 1172 671 gradu

537 677 705 714 Mortale
732 689 892 725 eorpus,
924 678 986 714 vel
1010 677 1193 726 superbos

541 732 702 768 Vertere
718 731 929 782 funeribus
958 733 1181 781 triumphos.

260 793 454 846 Aesopum
490 795 600 833 eliam
630 796 823 848 Phrygem
853 797 1147 847 interrogatum,
1181 795 1266 848 quid
1293 804 1424 848 ageret
1451 798 1616 849 Iupiter,
1649 810 1710 836 rc-

260 851 458 900 spondisse
489 851 592 888 aiunt
607 848 732 903 maxe),
764 848 810 891 τὰ
837 849 906 903 μὲν
935 852 1167 903 οἰκοδομεῖν,
1196 849 1243 892 τὰ
1270 851 1311 892 δὲ
1338 851 1598 907 καταβάλλειν.
1655 852 1709 893 Et

259 905 463 958 Euripides
489 907 685 957 praeclare
702 906 770 959 †),

542 971 702 1023 Θνητῶν
732 970 774 1011 ὁὲ
802 969 950 1024 θνητὸς
978 969 1104 1025 ὄλβος,

259 1045 318 1085 et,
350 1038 422 1076 nisi
451 1050 510 1076 me
539 1039 720 1076 memoria
751 1039 868 1086 fallit,
903 1039 1117 1077 Menander
1131 1037 1234 1092 ††),

485 1100 570 1145 Οὐκ
598 1104 698 1144 ἔστιν
728 1105 849 1145 εἰπεῖν
877 1102 1021 1159 ἄνδρα,
1050 1102 1153 1145 τοῦτ’
1186 1102 1232 1145 οὗ
1262 1105 1451 1157 πείσομαι.

259 1169 395 1207 Omnia
433 1170 529 1208 enim
561 1179 600 1208 ut
631 1184 809 1221 sperare,
852 1172 903 1209 ita
934 1180 972 1210 et
1002 1179 1169 1209 metuere
1200 1172 1369 1210 homines
1399 1176 1567 1223 possunt.
1625 1169 1712 1208 Me-

258 1226 403 1276 ritoque
436 1226 592 1276 Apelles
607 1226 747 1279 †††)‚
782 1241 849 1265 cur
878 1235 1030 1279 praeter
1059 1235 1271 1265 ceterorum
1301 1229 1481 1278 pictorum
1512 1233 1712 1264 eonsuetu-

258 1280 383 1318 dinem
424 1280 630 1319 Fortunam
675 1282 867 1320 sedentem
915 1283 1117 1333 pinxisset,
1171 1283 1452 1332 interrogatus‚
1510 1283 1709 1332 Quoniam,

257 1337 398 1387 inquit,
430 1343 536 1374 sture
565 1351 638 1375 non
664 1345 803 1388 potest.
865 1338 980 1374 Immo
1011 1350 1100 1374 vero
1126 1350 1207 1374 cum
1240 1339 1399 1374 maxime
1430 1338 1595 1381 arridet,
1635 1343 1710 1374 tum

257 1393 418 1429 maxime
448 1391 647 1429 metuenda
679 1399 751 1429 est.
811 1392 864 1429 Ut
891 1394 989 1430 enim
1022 1394 1073 1429 ait
1104 1392 1355 1443 Hippocrates
1369 1390 1416 1445 ἦ)
1454 1389 1523 1439 τὰς
1551 1389 1710 1440 εὐεξίας,

258 1460 341 1485 cum
371 1445 417 1483 ad
449 1459 628 1484 summum
661 1449 928 1497 pervenerint,
961 1448 1301 1498 periculosissimas
1333 1460 1440 1486 esse.-
1483 1449 1535 1485 ita
1565 1449 1712 1499 pericu-

258 1502 449 1539 losissima
488 1509 546 1539 est
586 1515 714 1539 eorum
757 1502 945 1548 conditio,
996 1503 1128 1552 quibus
1168 1503 1315 1539 fortuna
1353 1501 1550 1540 immodice
1592 1503 1707 1540 favet.

256 1557 453 1607 Recteque
484 1556 575 1594 Bias
590 1555 688 1608 ἕψῃ
732 1558 906 1595 Fortuna
938 1559 1059 1594 vitrea
1091 1564 1170 1595 est.-
1213 1570 1294 1594 eum
1321 1558 1514 1608 splendet,
1548 1557 1712 1609 frangi·

258 1620 336 1652 tur.
397 1611 507 1659 Quod
537 1613 595 1650 vel
634 1613 792 1650 maxime
822 1612 981 1663 intelligi
1012 1619 1136 1663 potest
1165 1625 1211 1650 ex
1242 1613 1312 1658 iis,
1351 1625 1445 1663 quae
1483 1612 1529 1650 de
1561 1612 1709 1659 Amasi,

256 1681 348 1719 rege
387 1668 577 1719 Aegypti,
624 1675 662 1706 et
700 1669 910 1706 Samiorum
954 1676 1115 1719 tyranno
1152 1667 1355 1719 Polycrate
1400 1666 1495 1719 apud
1536 1668 1712 1706 Herodo-

254 1721 448 1775 tun1***)
480 1724 669 1774 leguntur.
725 1724 835 1762 Hanc
859 1723 1101 1761 humanarum
1130 1736 1254 1761 rerum
1285 1724 1538 1762 infirmitatem
1560 1737 1603 1762 ac
1632 1724 1710 1762 fra-

255 1780 437 1830 gilitatem
468 1779 540 1817 iam
572 1778 714 1830 pridem
746 1779 981 1817 indicaverat
1007 1779 1198 1817 Homerus
1229 1779 1291 1816 illo
1321 1792 1435 1817 versu
1448 1777 1519 1832 †),

426 1845 501 1897 Οἴη
535 1860 605 1898 περ
634 1842 743 1899 γενεὴ
776 1842 949 1896 φύλλων,
976 1841 1105 1897 τοιήδε
1133 1843 1200 1884 καὶ
1225 1841 1391 1899 ἀνδρῶν.

255 1943 349 1979 ‘Pria
373 1945 418 1978 δέ
436 1944 462 1976 τ’
493 1945 611 1978 ἰθύνει
636 1943 786 1978 σκολιὸν
815 1944 877 1977 καὶ
903 1939 1066 1989 ἀγήνορα
1102 1942 1251 1989 κάρφει.
1299 1949 1363 1978 Sed
1391 1949 1502 1978 eodem
1528 1949 1620 1979 modo
1647 1950 1707 1978 hos

255 1997 372 2018 versus
393 1989 483 2018 affert
502 1992 645 2017 Muretus
664 1990 834 2018 Comment.
856 1990 887 2017 in
904 1990 967 2018 Cre.
986 1989 1079 2017 Catil.
1103 1990 1183 2023 Ορρ.
1199 1990 1286 2016 Tom.
1303 1989 1340 2015 11.
1364 1995 1434 2023 pag.
1450 1989 1523 2018 555.
1549 1989 1582 2017 in
1596 1989 1708 2018 Horat.

257 2029 336 2064 Opp.
357 2029 446 2056 Tom.
466 2029 504 2056 11.
527 2035 599 2062 pag.
620 2027 691 2055 953.
721 2028 754 2055 in
775 2029 887 2055 Senec.
910 2027 988 2061 Ορρ.
1010 2028 1097 2055 Tum.
1119 2029 1171 2055 111.
1193 2033 1265 2061 pag.
1285 2026 1353 2054 126.

331 2071 375 2106 ἥε)
398 2072 454 2099 Od.
475 2073 498 2100 Ι.
519 2071 570 2105 34,
596 2072 634 2099 13
654 2078 722 2105 sqq.
746 2071 799 2100 ubi
819 2071 938 2099 similia
958 2070 1119 2100 contendit
1138 2069 1419 2099 Mitscherlichius.

332 2112 379 2135 ατε-εκ-
424 2109 479 2137 Od.
500 2110 523 2137 1.
544 2110 585 2136 35
619 2109 638 2135 2
658 2116 686 2135 s(
721 2131 726 2136 .

331 2109 424 2181 ³:22³-ss)
446 2146 516 2175 vm.
538 2130 625 2174 suin.
647 2116 747 2173 se¹i¹m.
770 2147 849 2175 cm.
871 2146 930 2181 (ai.
949 2145 1034 2180 cv.)
1056 2152 1127 2180 pag.
1144 2144 1217 2173 554.
1239 2146 1271 2174 et
1291 2144 1383 2179 mog.
1405 2145 1512 2173 Laert.
1533 2143 1588 2173 nb.
1609 2145 1633 2173 1.
1653 2144 1704 2174 69.

256 2185 372 2222 quibus
392 2192 435 2212 ex
454 2183 532 2212 locis
555 2183 672 2211 Mureti
693 2185 793 2211 verba.
821 2183 969 2212 videntur
989 2181 1122 2212 conflata
1153 2190 1237 2211 esse.
1278 2182 1323 2211 Cf.
1347 2183 1520 2211 comment.
1542 2182 1573 2209 in
1595 2184 1706 2210 Senec.

257 2225 336 2258 opp.
358 2224 446 2250 Tom.
466 2223 518 2249 111.
540 2227 613 2255 pag,
635 2221 704 2248 126.
742 2221 773 2248 in
795 2221 894 2249 Tacit.
917 2222 995 2254 Opp.
1026 2222 1114 2249 Tom.
1135 2221 1187 2249 IV.
1210 2227 1281 2255 pag.
1304 2220 1374 2248 124.
1409 2219 1635 2248 Mitscnerlicu.
1664 2221 1706 2248 ad

254 2262 330 2291 Hor.
353 2260 408 2288 Od.
430 2261 453 2288 1.
474 2259 527 2294 34,
552 2260 599 2287 15.
622 2259 708 2286 Tom.
730 2259 751 2286 l.
774 2265 845 2292 pag,
866 2258 929 2286 310
949 2265 996 2293 sq.

333 2302 378 2341 †)
408 2304 534 2336 Fragm.
565 2307 616 2335 ap.
648 2301 734 2329 Stob.
763 2302 863 2328 serm.
885 2300 965 2328 CIII.
993 2306 1064 2333 pag.
1085 2298 1158 2327 560,
1199 2298 1230 2325 in
1258 2299 1348 2327 Poet.
1379 2300 1470 2327 seen.
1498 2300 1550 2327 Gr.
1579 2300 1706 2334 Fragm.

254 2348 330 2377 pag.
353 2341 422 2369 121.
443 2348 472 2369 n.
495 2339 604 2367 XLIII.
625 2345 657 2367 v.
678 2339 706 2366 5.
734 2338 783 2366 ed.
805 2337 947 2366 Diridorf.
987 2337 1034 2367 Cf.
1057 2338 1167 2365 Senec.
1188 2336 1288 2371 Epist.
1309 2337 1360 2365 98.
1388 2340 1420 2365 et
1443 2338 1523 2365 Mur.
1546 2338 1652 2366 Schol.
1674 2338 1706 2365 in

256 2382 367 2409 Senec.
390 2378 468 2412 Opp.
490 2378 578 2405 Tom.
599 2377 651 2404 lIl.
672 2382 744 2410 pag.
766 2376 815 2404 76.

332 2420 405 2459 ††)
427 2422 487 2454 Ap.
510 2419 597 2447 stou.
620 2420 720 2446 Serm.
737 2417 799 2446 CX.
822 2422 894 2451 pag.
910 2415 982 2443 579.
1011 2416 1078 2444 Ecl.
1099 2416 1199 2449 Phys.
1218 2414 1292 2443 Vol.
1312 2416 1336 2444 1.
1357 2421 1429 2449 pag.
1447 2414 1518 2443 2¹6.
1541 2416 1589 2445 ed.
1609 2417 1704 2446 Heer.

255 2465 421 2496 Plutarch.
453 2463 492 2490 de
521 2460 618 2489 animi
648 2463 750 2494 tranq.
779 2466 850 2494 pag.
879 2458 950 2487 476.
973 2459 1011 2485 D.
1053 2457 1116 2485 Sed
1144 2457 1307 2485 scribitur:
1341 2451 1418 2486 οὐδ’
1453 2452 1552 2487 ἔστιν
1586 2455 1705 2489 εἰπεῖν

257 2507 372 2543 ζῶντα
395 2500 492 2536 ταῦτ’
520 2498 562 2534 οὐ
588 2502 777 2544 πείσομαι.
822 2502 893 2532 Vid.
918 2502 1082 2531 Menandri
1115 2505 1147 2529 et
1177 2502 1312 2530 philem.
1342 2502 1466 2536 Reliqq.
1495 2503 1543 2531 ed.
1565 2504 1703 2533 Meinek.

254 2542 329 2586 pag.
351 2549 412 2578 124
428 2555 475 2581 sq.
507 2545 652 2581 Euripidi
671 2546 753 2573 hunc
774 2550 901 2572 versum
922 2542 1030 2571 tribuit
1046 2544 1190 2570 Muretus
1211 2543 1282 2571 Not.
1302 2542 1334 2570 in
1350 2543 1494 2577 xenoph.
1514 2543 1593 2579 Opp.
1614 2545 1704 2574 Tom.

255 2591 309 2619 111.
331 2593 404 2622 pag-
424 2585 495 2613 35⁷-

332 2623 433 2663 †††)
452 2622 524 2651 Vid.
546 2621 632 2649 Stoh.
658 2622 758 2648 Serm.
781 2619 861 2648 (3111.
882 2624 954 2653 pag.
974 2617 1046 2646 561.

330 2668 373 2701 ³1³)
395 2665 576 2700 Annorism.
596 2663 649 2690 lib.
672 2664 695 2691 1.
717 2663 749 2696 5.
770 2663 799 2689 3.
822 2667 891 2694 pag,
912 2660 1002 2688 1242.
1025 2661 1062 2687 H.
1084 2659 1133 2688 ed.
1154 2660 1248 2688 FoeS.
1287 2658 1365 2688 Eius
1385 2658 1485 2687 verba
1504 2659 1700 2697 memoriter,

254 2708 289 2735 ut
309 2705 453 2741 videtur,
481 2709 584 2736 neque
604 2700 772 2729 admodum
801 2698 934 2727 fideliter
960 2698 1129 2725 laudantur
1149 2697 1268 2726 Comm.
1289 2697 1320 2724 in
1341 2698 1415 2725 Tae.
1439 2697 1516 2731 Opp.
1537 2699 1625 2728 Tom.
1646 2700 1701 2729 IV.

255 2751 328 2779 pag.
351 2742 421 2772 124.
463 2739 510 2769 Cf.
533 2740 651 2768 comm.
674 2738 706 2765 in
726 2736 863 2765 Aristot.
885 2735 983 2764 Ethic.
1007 2735 1083 2769 Opp.
1106 2736 1194 2763 Tom.
1215 2736 1268 2763 ΙΙΙ.
1289 2741 1359 2769 pag.
1381 2733 1452 2763 357.
1492 2736 1605 2766 FAzsr.

329 2785 398 2819 *elz-3
421 2786 485 2812 Imo
506 2785 542 2812 P.
565 2784 664 2816 Syrus
686 2780 801 2809 mimus
821 2787 852 2808 v.
874 2780 945 2808 242.
968 2779 1016 2808 ed.
1039 2780 1135 2808 Orell.
1175 2778 1243 2808 Alii
1262 2779 1346 2807 dum
1365 2779 1515 2814 splendet.

330 2823 423 2857 *xz-³2³)
444 2822 497 2854 lib,
519 2822 571 2848 111.
592 2827 659 2853 cap.
679 2819 813 2848 39—43
834 2819 866 2845 et
887 2818 957 2845 125.
1270 2849 1278 2861 ,

331 2865 377 2904 ἢ»)
405 2864 495 2895 Iliad.
516 2865 568 2894 Vl.
590 2862 661 2892 146.
691 2861 745 2891 ubi
764 2862 860 2896 vulgo
881 2860 1014 2895 legitur:
1052 2854 1108 2897 οἴη
1132 2864 1199 2900 περ
1227 2854 1378 2900 φυλλων
1399 2852 1508 2899 γενεὴ
1528 2862 1590 2891 cet.
