1726 3106
121 543 178 573 ⁸⁷⁰
463 534 544 590 Μ.
598 531 972 591 ANTONII
1020 532 1381 590 MURETI

877 643 965 678 AD

201 732 972 807 HIPPOLYTUM
1041 732 1640 806 ESTENSEM

478 860 512 885 S.
551 859 592 885 R.
632 859 671 884 Ε.
713 856 980 884 CARDINALEM
1019 858 1367 886 ILLUSTRISSIMUM

369 978 853 1026 VARIARUM
916 977 1467 1028 LEGTIONUM

537 1081 807 1120 121ssssss
872 1081 1302 1124 OCTAVUS.

723 1298 1010 1363 CAVPUT
1077 1301 1110 1340 Ι.

260 1379 462 1416 Poetarum
494 1383 532 1415 et
556 1390 665 1429 apum
693 1380 940 1427 comparatio.
1001 1380 1219 1416 Illuslratus
1246 1380 1402 1417 Horatii
1423 1391 1574 1417 versus:

603 1434 720 1471 Necte
748 1446 828 1470 meo
856 1435 1012 1471 Lamiae
1041 1447 1234 1472 eoronam.

193 1523 425 1581 LlBEN’rER
456 1557 499 1581 ao
533 1556 649 1595 saepe
682 1544 824 1581 faciunt
850 1547 1007 1594 poetae,
1051 1552 1090 1582 ut
1119 1557 1158 1583 se
1193 1544 1340 1595 quidem
1369 1544 1524 1596 apibus,
1562 1551 1638 1582 stu-

194 1598 293 1636 dium
325 1606 446 1637 autem
480 1612 584 1636 suum
619 1599 808 1636 mellilicio
842 1599 985 1636 cuidam
1019 1608 1248 1650 comparent.
1307 1599 1461 1650 Neque,
1494 1600 1525 1637 si
1554 1601 1636 1651 quis

194 1653 394 1705 diligenter
421 1655 614 1705 inspiciat,
656 1668 782 1704 parum
824 1655 936 1692 multa
966 1656 1132 1706 utrisque
1163 1657 1261 1693 inter
1290 1668 1330 1693 se
1366 1656 1499 1693 similia
1528 1668 1638 1706 repe-

194 1710 353 1747 rientur.
412 1709 517 1760 Apes
557 1711 595 1747 in
636 1710 826 1747 struendis
867 1711 1042 1760 operibus
1083 1712 1160 1748 suis
1197 1718 1364 1749 naturam
1394 1718 1532 1748 tantum
1562 1723 1636 1748 ma-

193 1765 347 1815 gistram
378 1772 605 1816 sequuntur:
648 1772 766 1803 artem
797 1779 869 1803 non
911 1765 1103 1803 adhibent.
1163 1765 1229 1804 Sic
1263 1773 1300 1804 et
1336 1769 1467 1816 poetae
1505 1773 1636 1803 natura

194 1826 333 1857 tantum
363 1821 510 1858 valent:
554 1828 636 1857 arte
666 1821 697 1857 si
727 1821 788 1871 qui
816 1834 856 1858 se
890 1824 1081 1870 poetarum
1119 1834 1253 1859 nomen
1283 1823 1377 1858 tueri
1409 1835 1520 1872 posse
1547 1835 1636 1859 con-

193 1875 334 1922 fidunt,
364 1888 430 1913 eos
460 1876 703 1926 gravissimus
731 1882 861 1913 auctor
888 1875 994 1913 Plato
1009 1875 1053 1927 *)
1087 1877 1327 1927 pronunciat,
1360 1877 1449 1914 nihil
1479 1890 1636 1927 unquam

193 1931 386 1980 egregium
417 1945 460 1969 ae
489 1931 730 1969 memorabile
761 1931 972 1969 effecturos.
1029 1931 1158 1982 ltaque
1183 1931 1375 1979 Pindarus
1407 1945 1452 1970 eo
1483 1945 1524 1970 se
1555 1932 1636 1982 glo-

193 1986 312 2024 riatur
342 1985 568 2025 adversariis
609 1987 709 2032 suis,
755 1986 989 2038 Bacchylide
1020 1988 1191 2024 nimirum
1225 1995 1262 2025 et
1288 1986 1504 2033 Simonide,
1547 1999 1634 2025 esse

195 2041 450 2090 superiorem:
493 2040 589 2092 quod
619 2043 700 2091 ipse
731 2048 862 2092 nemra
898 2044 1006 2092 poe'ta
1036 2043 1106 2087 sit,
1145 2043 1198 2079 illi
1228 2049 1350 2079 autem
1382 2042 1583 2080 didicerint
1613 2055 1635 2079 a

195 2095 406 2144 magistris:
439 2097 476 2132 in
506 2109 577 2145 quo
608 2103 747 2133 tantum
779 2109 865 2134 esse
896 2097 985 2140 vult,
1016 2104 1055 2133 ut
1083 2110 1128 2134 eo
1157 2098 1384 2146 potissimum
1415 2099 1563 2135 nomine
1593 2109 1635 2135 se

195 2150 365 2202 aquilae,
395 2152 477 2189 illos
509 2163 703 2188 corvorum
735 2152 874 2189 similes
905 2163 990 2189 esse
1020 2151 1219 2204 dicatfflfr).

524 2223 664 2277 σοφὸς,
693 2228 834 2278 inquit,
866 2243 887 2267 o
916 2230 1006 2266 πολ-

524 2279 571 2321 λὰ
598 2279 708 2329 ειδώς
736 2285 837 2337 φυᾷ·

526 2334 717 2388 μαθόντες
745 2336 805 2387 δὲ,
835 2333 969 2403 λάβροι

523 2392 788 2459 παγγλωσσίᾳ,
819 2390 981 2444 κόρακες
1010 2407 1073 2439 ως,

528 2445 722 2515 ἄκραντα
725 2446 909 2515 γαρύετον

529 2505 625 2550 Διος
653 2500 751 2557 πρὸς
779 2500 909 2556 ὄρνιχα
937 2506 1059 2543 θεῖον.

116 2591 174 2620 171
201 2579 323 2632 Apes,
351 2581 424 2617 nisi
454 2581 664 2628 irritentur,
693 2582 875 2618 innocuae
905 2587 1010 2617 sunt.
1044 2579 1213 2616 irritatae
1243 2579 1357 2630 figunt
1384 2581 1523 2619 aculeis
1552 2595 1633 2628 eoS,

201 2650 222 2674 a
244 2636 377 2688 quibus
407 2636 532 2674 laesae
561 2643 661 2683 sunt,
694 2643 732 2674 et
753 2636 1014 2674 acerbissimos
1044 2635 1098 2673 eis
1120 2633 1268 2672 dolores
1296 2636 1478 2687 infligunt.
1532 2636 1634 2675 Idem

222 2799 240 2822 a
277 2755 421 2822 3⁴kgmlone
451 2763 523 2791 pag.
541 2757 612 2786 534.
633 2757 669 2786 C.
698 2757 844 2785 Phaedro
873 2762 945 2792 pag.
965 2755 1037 2784 3⁴5.
1057 2755 1097 2784 A.
1119 2756 1164 2784 St.
1205 2755 1275 2785 Vid.
1296 2757 1483 2786 Stallbaum.
1510 2757 1549 2785 ad
1570 2759 1634 2787 lon.

200 2800 219 2830 P
243 2801 272 2828 g.
357 2815 364 2823 -

277 2846 343 2881 ἐξῆ
365 2848 488 2882 Olymp.
509 2849 547 2876 11.
569 2854 599 2877 v.
622 2847 681 2877 154
701 2854 748 2883 sq.
774 2847 827 2877 ubi
848 2854 926 2876 corr.
946 2838 1095 2886 κόρακες
1119 2838 1177 2878 ὥς.
