1778 3096
537 139 635 179 [ΑΒ.
667 140 762 180 XV.
823 139 940 179 CAP.
973 140 1004 179 1.
1411 138 1493 180 329

60 265 148 292 esse
178 258 379 298 constaret,
409 257 551 289 temere
580 250 818 301 pronuntiare
848 249 1040 288 auderem.
1098 248 1213 288 Certe
1243 248 1339 286 euim
1370 261 1491 300 neque

61 310 249 359 quisquam
288 319 442 356 unquam
480 313 647 343 veterum
686 318 749 343 eos
778 305 874 342 male
905 305 1041 343 Latine
1080 304 1221 342 locutos
1256 316 1342 341 esse
1373 303 1489 342 dixit:

60 376 180 414 neque
207 375 298 408 nos,
330 368 402 398 tam
432 361 542 410 longo
572 360 785 406 intervallo,
817 359 923 398 valde
952 361 1037 398 boni
1068 361 1147 397 eius
1179 359 1234 397 rei
1264 359 1493 397 existimato-

61 431 122 456 res
153 429 290 455 sumus,
350 415 402 453 At
440 417 551 453 multa
582 416 760 465 simplicia
797 415 993 460 vocabula,
1039 416 1149 452 multa
1177 415 1285 452 etiam
1318 413 1494 464 loquendi

61 485 200 523 genera
228 472 264 508 in
305 484 430 508 eorum
467 471 570 508 libris
600 471 794 520 leguntur,
834 483 926 519 quae
956 468 1052 520 apud
1081 469 1304 507 Ciceronem
1345 476 1382 506 ct
1411 470 1493 506 eius

60 527 232 578 aequales
263 539 438 576 nusquam
470 526 649 577 reperias.
702 524 866 562 Primum
895 525 975 575 quis
1006 524 1074 561 hoc
1108 532 1299 575 praestare
1329 523 1494 562 audeat?

61 581 257 619 Ciceronis
306 582 527 631 scriptorum
574 582 635 618 vix
677 579 856 618 decimam
895 586 1037 630 partem
1080 580 1257 630 reliquam
1299 579 1492 625 habemus,

60 649 213 686 eamque
245 636 366 673 multis
405 637 569 686 partibus
599 648 763 673 mancam
802 648 845 673 ac
877 635 1062 680 mutilam,
1107 635 1229 671 multis
1262 634 1492 680 vulneribus,

60 692 183 729 multis
221 692 457 729 cicatricibus
493 691 759 729 deformatam:
804 690 969 729 Sallustii
998 691 1060 727 vix
1092 690 1355 735 centesimam,
1396 689 1496 728 Var-

60 747 162 784 ronis
192 746 430 792 tantundem,
473 745 628 783 Catonis
659 760 680 784 e
708 753 778 784 tam
812 746 934 783 multis
962 745 1206 783 voluminibus
1235 757 1344 782 unum
1376 743 1422 782 de
1453 757 1495 782 re

60 802 200 840 rustica
230 802 593 839 commentariolum:
638 808 692 838 tot
720 801 1041 852 philosophorum,
1079 807 1133 836 tot
1168 806 1355 837 oratorum
1393 807 1496 837 vete-

61 870 158 902 rum,
191 863 244 894 tot
273 859 479 908 po'e'tarum,
510 864 563 894 tot
593 856 870 902 historicorum,
899 862 952 892 tot
981 855 1327 893 iurisconsultorum
1358 855 1496 905 scripta

60 912 274 963 perierunt,
315 919 352 949 et
382 924 428 949 ex
458 912 530 949 illis
565 912 695 949 fractis
732 925 774 949 at:
804 912 960 956 laeeriS,
1001 923 1094 961 quae
1124 909 1170 948 ad
1204 924 1270 947 nos
1309 922 1497 961 pervene-

61 974 166 1013 runt,
208 967 369 1004 Romani
399 968 579 1005 sermonis
616 968 782 1018 reliquiis
812 966 1007 1004 adfirmare
1042 965 1243 1010 audemus,
1285 966 1315 1002 si
1343 964 1429 1015 quid
1458 965 1496 1002 in

62 1023 118 1059 cis
144 1036 215 1059 non
244 1023 473 1073 reperiatur,
502 1021 538 1059 id
567 1022 661 1072 apud
693 1030 840 1060 veteres
873 1023 909 1058 iu
938 1034 1006 1058 usu
1036 1035 1107 1057 non
1140 1020 1289 1057 fuisse?
1346 1021 1497 1068 Quanto

63 1076 277 1115 credibilius
306 1085 386 1123 est,
419 1091 511 1115 nova
544 1078 653 1115 multa
683 1085 790 1128 atque
821 1077 994 1114 inusitata
1024 1076 1130 1113 nobis
1161 1075 1300 1121 videri,
1343 1087 1437 1126 quac
1465 1075 1498 1112 si

63 1144 188 1169 eorum
228 1133 312 1169 libri
343 1139 554 1179 exstarent,
596 1133 640 1174 in,
670 1133 969 1183 frequentissimo
1006 1144 1073 1168 usu
1103 1132 1222 1182 posita
1263 1131 1378 1167 fuisse
1410 1144 1500 1167 con-

63 1187 206 1224 staret?
261 1188 319 1224 Illi
349 1195 492 1233 autem,
526 1201 616 1238 quos
646 1188 755 1225 stulte
787 1195 825 1225 et
852 1194 1093 1236 arroganter,
1128 1193 1165 1222 ut
1195 1186 1315 1222 minus
1346 1186 1500 1235 elegan-

62 1249 121 1279 ter
159 1242 323 1288 loeutos,
367 1242 562 1292 despicere
594 1243 794 1288 audemus,
840 1255 921 1279 cum
961 1248 998 1278 et
1033 1240 1276 1277 bibliothecas
1317 1239 1500 1277 habereut

62 1297 161 1334 omni
190 1310 330 1346 genere
361 1297 534 1334 librorum
567 1298 894 1339 instructissimas,
935 1303 973 1333 et
1005 1308 1069 1332 eas
1099 1294 1382 1344 diligentissime
1414 1308 1499 1345 per-

62 1352 291 1398 volutarent,
326 1359 364 1389 et
391 1353 574 1390 acerrimo
605 1351 743 1388 iudicio
773 1350 931 1402 praediti
962 1356 1110 1397 essent3
1144 1351 1223 1399 quis
1251 1351 1346 1395 scit,
1379 1363 1421 1387 an
1454 1363 1499 1387 ea

62 1407 143 1457 ipsa
171 1420 217 1444 ex
244 1408 508 1444 vetustioribus
537 1408 782 1458 sumpserint,
815 1419 907 1457 quae
935 1406 1073 1443 frustra
1099 1405 1204 1442 nobis
1235 1412 1296 1443 aut
1324 1405 1497 1442 novitatis

63 1469 126 1499 aut
152 1463 430 1512 peregrinitatis
463 1463 610 1499 nomine
641 1469 811 1512 suspecta
844 1461 957 1499 sunt‘?
1014 1460 1106 1498 Cum
1138 1473 1249 1510 saepe
1278 1461 1499 1510 contingere

63 1515 267 1563 videamus,
293 1525 333 1554 ut
362 1518 493 1554 multae
518 1530 631 1554 voces
660 1517 720 1554 diu
741 1517 787 1554 ab
812 1518 894 1554 istis
912 1515 959 1569 ᾗ)
992 1522 1217 1553 censeantur
1246 1517 1345 1552 inter
1367 1528 1498 1561 novem,

65 1584 158 1623 quae
188 1580 317 1622 postea
342 1585 456 1623 usque
483 1572 528 1609 ab
559 1573 684 1609 ultima
712 1573 929 1622 antiquitate
959 1584 979 1607 a
1011 1571 1252 1608 nobilissimis
1285 1569 1501 1608 auctoribus

64 1626 235 1678 proditae
274 1640 316 1664 ac
357 1634 580 1678 propagatae
617 1628 869 1677 reperiuntur.
931 1624 1050 1673 Quid,
1090 1625 1186 1676 quod
1216 1626 1253 1663 in
1289 1626 1369 1662 istis
1406 1625 1499 1676 ipsis

65 1682 262 1719 Ciceronis
302 1683 469 1733 reliquiis
506 1682 640 1719 multae
681 1690 787 1728 sunt,
831 1694 924 1732 quae
964 1679 1078 1718 semel
1117 1687 1256 1717 tantum
1296 1679 1501 1730 leguntur?

63 1735 169 1787 Ergo
200 1738 230 1774 si
261 1738 416 1787 paullum
448 1737 598 1775 chartae
628 1743 690 1774 aut
720 1750 798 1774 mus
827 1743 889 1774 aut
918 1737 1018 1773 tinea
1046 1734 1276 1781 adrosisset‚
1315 1742 1378 1773 aut
1407 1736 1499 1773 situs

64 1799 102 1830 et
132 1793 252 1830 caries
280 1794 528 1843 corrupisset,
569 1799 631 1830 aut
669 1792 827 1829 scintilla
858 1804 878 1829 e
908 1792 1060 1828 lucerna
1092 1792 1127 1828 in
1166 1799 1305 1828 certam
1342 1791 1501 1841 aliquam

65 1847 150 1885 libri
186 1855 329 1898 partem
374 1847 593 1893 incidisset,
639 1846 750 1885 hodie
788 1847 979 1898 pz'gr’andi
1013 1853 1050 1883 et
1094 1846 1407 1884 controversandi
1425 1843 1498 1897 Ηζ)

64 1903 180 1941 verba
210 1903 391 1953 multaque
422 1903 495 1941 alia
524 1903 606 1940 istis
630 1902 798 1940 delicatis
828 1902 988 1940 barbara
1019 1908 1168 1940 essent:
1201 1914 1293 1952 quae
1326 1913 1421 1938 nunc
1448 1901 1501 1938 ita

65 1971 138 1996 non
170 1959 380 2008 refugiunt,
424 1965 464 1996 ut
493 1958 693 1995 inculcent.
754 1957 806 1994 Et
834 1964 873 1995 ut
911 1958 1028 2008 magis
1058 1958 1244 2007 intelligas
1284 1963 1399 1993 totum
1429 1955 1501 1994 hoc

66 2026 87 2051 e
117 2014 225 2051 stulta
265 2012 418 2064 quadam
458 2014 634 2064 opinione
663 2012 853 2063 pendere,
896 2013 991 2050 scito
1024 2012 1157 2049 multos
1187 2025 1234 2049 ex
1262 2012 1343 2049 istis
1376 2012 1501 2062 inepte

66 2068 283 2114 fastidiosis,
309 2069 439 2118 quibus
467 2069 526 2119 qui
557 2067 642 2119 quid
671 2067 810 2114 dicunt,
840 2067 937 2120 quod
959 2067 1154 2106 Ciceronis
1186 2080 1258 2104 non
1291 2067 1352 2112 sit,
1378 2079 1501 2104 meros

65 2123 208 2174 lapides
233 2121 445 2174 loqui***)
474 2123 658 2168 videntur,
684 2124 832 2174 quibus,
858 2131 898 2160 ut
918 2123 1004 2160 olim
1027 2123 1172 2160 athletis
1194 2123 1230 2159 in
1256 2135 1405 2159 arenam
1437 2121 1503 2158 de-

67 2179 343 2224 scendentibuS‚
375 2178 660 2216 circumdandae
691 2185 817 2216 essent
845 2177 1076 2229 amphotides
1092 2177 1164 2230 †),
1195 2178 1340 2229 quoties
1369 2177 1405 2214 in
1436 2190 1502 2227 pu-

66 2234 198 2271 blicum
231 2233 429 2284 prodeunt,
464 2248 509 2271 ne
541 2234 721 2271 delicatae
755 2234 917 2284 ipsorum
948 2246 1058 2271 aures
1086 2247 1216 2271 vocum
1243 2246 1315 2270 non
1346 2231 1504 2269 Cicero-

67 2290 257 2326 nianarum
296 2290 429 2326 ictibus
465 2289 804 2334 contunderentur,
845 2302 957 2340 saepe
986 2302 1071 2326 esse
1104 2302 1125 2326 a
1157 2301 1215 2325 me
1246 2300 1380 2337 magna
1419 2300 1501 2324 cum

66 2344 254 2394 voluptate
295 2343 455 2381 delusos.
516 2345 611 2381 Nam
643 2357 723 2381 eum
760 2357 873 2382 voces
911 2344 1083 2395 quasdam
1121 2343 1402 2388 observassem,
1439 2341 1505 2379 Ci-

69 2400 215 2436 ceronis
246 2399 389 2448 quidem
420 2399 517 2445 illas,
546 2399 611 2437 sed
634 2400 754 2437 minus
776 2400 954 2438 contritas
971 2399 1077 2452 ἦῆ),
1112 2411 1232 2450 neque
1254 2411 1275 2436 a
1295 2397 1444 2437 Nizolio
1467 2398 1504 2436 in

143 2501 186 2533 τὲ)
209 2500 314 2528 u'oifii
337 2500 408 2527 edit.
430 2500 468 2527 ab
488 2499 600 2533 ipsis.

143 2538 210 2573 zzz-25³)
237 2538 315 2566 Illud
336 2537 450 2571 legitur
476 2536 506 2564 in
528 2539 605 2571 Epp.
626 2537 666 2565 ad
684 2538 752 2567 Att.
773 2539 855 2568 XIV.
876 2539 903 2567 1.
932 2539 992 2566 hoe
1019 2537 1053 2565 in
1070 2539 1246 2572 Protagora
1273 2544 1324 2573 ap.
1350 2537 1505 2568 Priscian.

68 2577 141 2606 Vol.
164 2578 185 2603 1.
208 2582 277 2608 pag.
297 2576 367 2603 386.
390 2575 437 2602 ed.
458 2575 566 2602 Krehl.
589 2574 672 2608 (Cic.
695 2576 772 2610 Opp.
793 2577 840 2605 ed.
863 2577 959 2604 Orell.
979 2577 1050 2605 Vol.
1071 2577 1123 2604 lv.
1145 2578 1180 2605 Ρ.
1195 2578 1233 2604 11.
1254 2582 1325 2611 pag.
1348 2577 1419 2613 477,
1441 2576 1503 2611 3.).

142 2613 235 2646 εῑε-ῑὶε-εῑε)
256 2614 397 2640 sumtum
416 2613 476 2639 hoc
496 2619 538 2640 ex
558 2613 665 2640 Plauti
685 2615 795 2642 Aulul.
815 2616 854 2643 11.
877 2616 903 2649 1,
927 2613 976 2642 29.

143 2655 188 2693 †)
215 2657 407 2684 Vocabulum
435 2657 484 2683 est
508 2662 627 2683 merum
648 2657 799 2685 Graecum
828 2650 1006 2696 ἇμφωτίς.
1043 2656 1161 2685 Eadem
1189 2654 1398 2684 similitudine
1425 2662 1504 2685 usus

68 2697 119 2725 est
139 2697 287 2724 Clemens
307 2694 545 2723 Alexandrinus
565 2695 703 2730 Paedag.
724 2697 777 2724 lib.
794 2698 832 2725 ΙΙ.
852 2704 921 2731 cap.
941 2697 970 2725 6.
991 2696 1023 2731 §-
1044 2696 1093 2725 49.
1115 2702 1185 2730 pag.
1210 2696 1279 2724 198.
1301 2695 1348 2722 ed.
1370 2696 1453 2723 Pott.

143 2732 215 2771 ††)
237 2735 352 2766 Magna
371 2735 476 2760 tamen
496 2732 527 2760 in
546 2734 606 2759 hoe
621 2739 736 2765 genere
757 2734 860 2762 cautio
881 2734 1067 2769 adhibenda,
1087 2736 1121 2761 ut
1142 2734 1232 2761 docet
1250 2731 1455 2761 Ruhnloenius
1472 2731 1505 2761 in

67 2775 174 2801 annot.
195 2770 236 2798 ad
257 2771 344 2798 Tom.
366 2771 387 2797 1.
409 2776 480 2803 pag.
495 2771 564 2798 112.
586 2770 755 2804 adscripta.
791 2771 972 2806 Aliquoties
993 2771 1074 2798 enim
1091 2773 1233 2799 Muretus
1253 2776 1377 2804 quoque
1397 2770 1506 2798 verbis

67 2811 100 2838 et
118 2807 266 2843 loquendi
287 2806 454 2842 generibus
475 2814 516 2835 ex
533 2808 727 2838 orationibus
745 2809 864 2844 spuriis
879 2808 1033 2838 desumus
1054 2815 1131 2838 usus
1148 2811 1208 2845 est,
1230 2810 1262 2837 ut
1279 2807 1361 2836 xlll.
1376 2808 1407 2837 8.
1423 2810 1505 2839 extr.

67 2846 118 2877 lx.
139 2848 187 2876 18.
208 2852 294 2882 supr.
314 2845 395 2874 med.
433 2846 546 2875 Fansn

1520 641 1583 672 343
