<?xml version="1.0" encoding="UTF-8"?>
<!DOCTYPE html PUBLIC "-//W3C//DTD XHTML 1.0 Transitional//EN"
    "http://www.w3.org/TR/xhtml1/DTD/xhtml1-transitional.dtd">
<html xmlns="http://www.w3.org/1999/xhtml" xml:lang="en" lang="en">
 <head>
  <title>
</title>
<meta http-equiv="Content-Type" content="text/html;charset=utf-8" />
  <meta name='ocr-system' content='tesseract 3.04.00' />
  <meta name='ocr-capabilities' content='ocr_page ocr_carea ocr_par ocr_line ocrx_word'/>
</head>
<body>
  <div class='ocr_page' id='page_1' title='image "./operaomniaexmssa03mureuoft/operaomniaexmssa03mureuoft_0035.png"; bbox 0 0 1726 3106; ppageno 0'>
   <div class='ocr_carea' id='block_1_1' title="bbox 587 118 1519 270">
    <p class='ocr_par' dir='ltr' id='par_1_1' title="bbox 587 118 1519 270">
     <span class='ocr_line' id='line_1_1' title="bbox 587 118 1519 160; baseline -0.002 0"><span class='ocrx_word' id='word_1_1' title='bbox 587 120 687 160; x_wconf 83' lang='lat' dir='ltr'><strong>LIB.</strong></span> <span class='ocrx_word' id='word_1_2' title='bbox 719 121 750 159; x_wconf 89' lang='lat'><strong>1.</strong></span> <span class='ocrx_word' id='word_1_3' title='bbox 812 119 928 158; x_wconf 89' lang='lat' dir='ltr'><strong>CAP.</strong></span> <span class='ocrx_word' id='word_1_4' title='bbox 962 119 1013 157; x_wconf 91' lang='lat' dir='ltr'><strong>X.</strong></span> <span class='ocrx_word' id='word_1_5' title='bbox 1469 118 1519 158; x_wconf 77' lang='lat'><strong>15</strong></span> 
     </span>
     <span class='ocr_line' id='line_1_2' title="bbox 588 229 1008 270; baseline -0.007 0"><span class='ocrx_word' id='word_1_6' title='bbox 588 231 619 270; x_wconf 93' lang='lat' dir='ltr'>C</span> <span class='ocrx_word' id='word_1_7' title='bbox 650 231 687 270; x_wconf 86' lang='grc' dir='ltr'>Α</span> <span class='ocrx_word' id='word_1_8' title='bbox 713 232 746 270; x_wconf 90' lang='grc' dir='ltr'>Ρ</span> <span class='ocrx_word' id='word_1_9' title='bbox 772 230 808 269; x_wconf 90' lang='lat' dir='ltr'><strong>U</strong></span> <span class='ocrx_word' id='word_1_10' title='bbox 835 230 870 269; x_wconf 92' lang='lat' dir='ltr'>T</span> <span class='ocrx_word' id='word_1_11' title='bbox 926 229 1008 269; x_wconf 90' lang='lat' dir='ltr'><strong>IX.</strong></span> 
     </span>
    </p>
   </div>
   <div class='ocr_carea' id='block_1_2' title="bbox 81 307 1518 471">
    <p class='ocr_par' dir='ltr' id='par_1_2' title="bbox 81 307 1518 471">
     <span class='ocr_line' id='line_1_3' title="bbox 81 307 1518 362; baseline -0.007 -10"><span class='ocrx_word' id='word_1_12' title='bbox 81 314 280 352; x_wconf 75' lang='lat' dir='ltr'><em>Sententia</em></span> <span class='ocrx_word' id='word_1_13' title='bbox 310 312 493 362; x_wconf 79' lang='lat' dir='ltr'><em>quaedam</em></span> <span class='ocrx_word' id='word_1_14' title='bbox 529 311 752 349; x_wconf 72' lang='lat' dir='ltr'><strong>Terentiana</strong></span> <span class='ocrx_word' id='word_1_15' title='bbox 782 308 830 346; x_wconf 80' lang='lat' dir='ltr'><strong>ab</strong></span> <span class='ocrx_word' id='word_1_16' title='bbox 859 308 1051 357; x_wconf 77' lang='lat' dir='ltr'><strong>Aeschylo</strong></span> <span class='ocrx_word' id='word_1_17' title='bbox 1080 307 1191 344; x_wconf 76' lang='lat' dir='ltr'><strong>etiam</strong></span> <span class='ocrx_word' id='word_1_18' title='bbox 1215 308 1371 356; x_wconf 79' lang='lat' dir='ltr'><strong>prolata</strong></span> <span class='ocrx_word' id='word_1_19' title='bbox 1399 312 1518 344; x_wconf 78' lang='lat' dir='ltr'><strong>osten-</strong></span> 
     </span>
     <span class='ocr_line' id='line_1_4' title="bbox 255 363 1347 416; baseline -0.006 -11"><span class='ocrx_word' id='word_1_20' title='bbox 255 369 386 405; x_wconf 81' lang='lat' dir='ltr'><strong>ditur.-</strong></span> <span class='ocrx_word' id='word_1_21' title='bbox 419 374 482 411; x_wconf 83' lang='lat' dir='ltr'><strong>et,</strong></span> <span class='ocrx_word' id='word_1_22' title='bbox 516 368 585 416; x_wconf 78' lang='lat' dir='ltr'><strong>qm·</strong></span> <span class='ocrx_word' id='word_1_23' title='bbox 609 366 760 403; x_wconf 79' lang='lat' dir='ltr'><strong>eandem</strong></span> <span class='ocrx_word' id='word_1_24' title='bbox 789 364 976 408; x_wconf 77' lang='lat' dir='ltr'><strong>eontinet,</strong></span> <span class='ocrx_word' id='word_1_25' title='bbox 1012 364 1179 400; x_wconf 73' lang='lat' dir='ltr'><strong>Graecus</strong></span> <span class='ocrx_word' id='word_1_26' title='bbox 1204 363 1347 399; x_wconf 60' lang='lat' dir='ltr'><strong>heeerti</strong></span> 
     </span>
     <span class='ocr_line' id='line_1_5' title="bbox 463 418 1131 471; baseline -0.009 -12"><span class='ocrx_word' id='word_1_27' title='bbox 463 422 662 471; x_wconf 69' lang='lat' dir='ltr'><strong>semptoris</strong></span> <span class='ocrx_word' id='word_1_28' title='bbox 687 419 895 457; x_wconf 75' lang='lat' dir='ltr'><em>versiculus</em></span> <span class='ocrx_word' id='word_1_29' title='bbox 924 418 1131 455; x_wconf 80' lang='lat' dir='ltr'><strong>indicatur.</strong></span> 
     </span>
    </p>
   </div>
   <div class='ocr_carea' id='block_1_3' title="bbox 78 494 1460 637">
    <p class='ocr_par' dir='ltr' id='par_1_3' title="bbox 78 494 1460 637">
     <span class='ocr_line' id='line_1_6' title="bbox 78 494 1454 566; baseline -0.006 -13"><span class='ocrx_word' id='word_1_30' title='bbox 78 494 212 560; x_wconf 78' lang='lat' dir='ltr'><strong>Qum&gt;</strong></span> <span class='ocrx_word' id='word_1_31' title='bbox 239 513 335 566; x_wconf 85' lang='lat' dir='ltr'><strong>apud</strong></span> <span class='ocrx_word' id='word_1_32' title='bbox 364 510 640 566; x_wconf 60' lang='lat' dir='ltr'><strong>Terentium*)</strong></span> <span class='ocrx_word' id='word_1_33' title='bbox 670 511 889 550; x_wconf 85' lang='lat' dir='ltr'><strong>adolescens</strong></span> <span class='ocrx_word' id='word_1_34' title='bbox 919 522 1047 548; x_wconf 86' lang='lat' dir='ltr'><strong>amore</strong></span> <span class='ocrx_word' id='word_1_35' title='bbox 1078 510 1225 547; x_wconf 81' lang='lat' dir='ltr'><strong>saucius</strong></span> <span class='ocrx_word' id='word_1_36' title='bbox 1241 506 1314 562; x_wconf 48' lang='lat' dir='ltr'><strong>iat*)</strong></span> <span class='ocrx_word' id='word_1_37' title='bbox 1346 507 1454 555; x_wconf 73' lang='lat' dir='ltr'><strong>dixit,</strong></span> 
     </span>
     <span class='ocr_line' id='line_1_7' title="bbox 133 587 1460 637; baseline -0.006 -5"><span class='ocrx_word' id='word_1_38' title='bbox 133 594 264 632; x_wconf 84' lang='lat' dir='ltr'><strong>Facile</strong></span> <span class='ocrx_word' id='word_1_39' title='bbox 292 604 419 630; x_wconf 82' lang='lat' dir='ltr'><strong>omnes</strong></span> <span class='ocrx_word' id='word_1_40' title='bbox 447 603 529 628; x_wconf 76' lang='lat' dir='ltr'><strong>eum</strong></span> <span class='ocrx_word' id='word_1_41' title='bbox 558 592 743 635; x_wconf 77' lang='lat' dir='ltr'><strong>valemus,</strong></span> <span class='ocrx_word' id='word_1_42' title='bbox 775 595 884 626; x_wconf 84' lang='lat' dir='ltr'><strong>reeta</strong></span> <span class='ocrx_word' id='word_1_43' title='bbox 914 589 1072 626; x_wconf 76' lang='lat' dir='ltr'><strong>consilia</strong></span> <span class='ocrx_word' id='word_1_44' title='bbox 1102 589 1272 637; x_wconf 73' lang='lat' dir='ltr'><strong>aegrotis</strong></span> <span class='ocrx_word' id='word_1_45' title='bbox 1301 587 1460 625; x_wconf 84' lang='lat' dir='ltr'><strong>damus.-</strong></span> 
     </span>
    </p>
   </div>
   <div class='ocr_carea' id='block_1_4' title="bbox 77 662 1519 998">
    <p class='ocr_par' dir='ltr' id='par_1_4' title="bbox 77 662 1519 998">
     <span class='ocr_line' id='line_1_8' title="bbox 79 662 1519 718; baseline -0.006 -10"><span class='ocrx_word' id='word_1_46' title='bbox 79 672 160 709; x_wconf 90' lang='lat' dir='ltr'><strong>eius</strong></span> <span class='ocrx_word' id='word_1_47' title='bbox 190 683 263 708; x_wconf 91' lang='lat' dir='ltr'><strong>non</strong></span> <span class='ocrx_word' id='word_1_48' title='bbox 289 668 471 706; x_wconf 83' lang='lat' dir='ltr'><strong>dissimile</strong></span> <span class='ocrx_word' id='word_1_49' title='bbox 495 666 664 718; x_wconf 85' lang='lat' dir='ltr'><strong>quiddam</strong></span> <span class='ocrx_word' id='word_1_50' title='bbox 684 664 948 704; x_wconf 82' lang='lat' dir='ltr'><strong>Prometheum</strong></span> <span class='ocrx_word' id='word_1_51' title='bbox 974 663 1160 701; x_wconf 85' lang='lat' dir='ltr'><strong>dicentem</strong></span> <span class='ocrx_word' id='word_1_52' title='bbox 1183 664 1326 702; x_wconf 82' lang='lat' dir='ltr'><strong>fecerat</strong></span> <span class='ocrx_word' id='word_1_53' title='bbox 1344 662 1519 715; x_wconf 77' lang='lat' dir='ltr'><strong>Aeschy-</strong></span> 
     </span>
     <span class='ocr_line' id='line_1_9' title="bbox 79 719 1518 770; baseline -0.006 -6"><span class='ocrx_word' id='word_1_54' title='bbox 79 727 150 764; x_wconf 87' lang='lat' dir='ltr'><strong>lus.</strong></span> <span class='ocrx_word' id='word_1_55' title='bbox 210 725 306 762; x_wconf 90' lang='lat' dir='ltr'><strong>Cum</strong></span> <span class='ocrx_word' id='word_1_56' title='bbox 346 724 443 761; x_wconf 90' lang='lat' dir='ltr'><strong>enim</strong></span> <span class='ocrx_word' id='word_1_57' title='bbox 482 724 657 760; x_wconf 86' lang='lat' dir='ltr'><strong>miserum</strong></span> <span class='ocrx_word' id='word_1_58' title='bbox 692 722 793 759; x_wconf 89' lang='lat' dir='ltr'><strong>illum</strong></span> <span class='ocrx_word' id='word_1_59' title='bbox 831 726 868 758; x_wconf 85' lang='lat' dir='ltr'><strong>et</strong></span> <span class='ocrx_word' id='word_1_60' title='bbox 899 732 1159 757; x_wconf 85' lang='lat' dir='ltr'><strong>aerumnosum</strong></span> <span class='ocrx_word' id='word_1_61' title='bbox 1194 720 1304 756; x_wconf 88' lang='lat' dir='ltr'><strong>deum</strong></span> <span class='ocrx_word' id='word_1_62' title='bbox 1332 719 1518 770; x_wconf 81' lang='lat' dir='ltr'>nymphae</span> 
     </span>
     <span class='ocr_line' id='line_1_10' title="bbox 77 774 1518 829; baseline -0.006 -10"><span class='ocrx_word' id='word_1_63' title='bbox 77 779 322 819; x_wconf 83' lang='lat' dir='ltr'><strong>Oceanitides</strong></span> <span class='ocrx_word' id='word_1_64' title='bbox 361 777 709 829; x_wconf 81' lang='lat' dir='ltr'><strong>reprehenderent,</strong></span> <span class='ocrx_word' id='word_1_65' title='bbox 751 774 847 827; x_wconf 89' lang='lat' dir='ltr'><strong>quod</strong></span> <span class='ocrx_word' id='word_1_66' title='bbox 887 781 1107 825; x_wconf 82' lang='lat' dir='ltr'><strong>peccasset:</strong></span> <span class='ocrx_word' id='word_1_67' title='bbox 1147 775 1197 812; x_wconf 89' lang='lat' dir='ltr'><strong>ita</strong></span> <span class='ocrx_word' id='word_1_68' title='bbox 1237 787 1320 812; x_wconf 90' lang='lat' dir='ltr'><strong>cum</strong></span> <span class='ocrx_word' id='word_1_69' title='bbox 1364 788 1518 824; x_wconf 87' lang='lat' dir='ltr'><strong>respon-</strong></span> 
     </span>
     <span class='ocr_line' id='line_1_11' title="bbox 77 828 1518 883; baseline -0.006 -9"><span class='ocrx_word' id='word_1_70' title='bbox 77 836 223 883; x_wconf 84' lang='lat' dir='ltr'><strong>dentem</strong></span> <span class='ocrx_word' id='word_1_71' title='bbox 255 834 419 872; x_wconf 83' lang='lat' dir='ltr'><strong>induxit:</strong></span> <span class='ocrx_word' id='word_1_72' title='bbox 453 834 563 871; x_wconf 82' lang='lat' dir='ltr'><strong>faeile</strong></span> <span class='ocrx_word' id='word_1_73' title='bbox 593 846 679 870; x_wconf 90' lang='lat' dir='ltr'><strong>esse</strong></span> <span class='ocrx_word' id='word_1_74' title='bbox 708 833 779 878; x_wconf 79' lang='lat' dir='ltr'><strong>iis,</strong></span> <span class='ocrx_word' id='word_1_75' title='bbox 812 830 874 881; x_wconf 89' lang='lat' dir='ltr'><strong>qui</strong></span> <span class='ocrx_word' id='word_1_76' title='bbox 905 830 1009 866; x_wconf 87' lang='lat' dir='ltr'><strong>malis</strong></span> <span class='ocrx_word' id='word_1_77' title='bbox 1042 830 1151 868; x_wconf 88' lang='lat' dir='ltr'><strong>soluti</strong></span> <span class='ocrx_word' id='word_1_78' title='bbox 1180 837 1287 875; x_wconf 79' lang='lat' dir='ltr'><strong>suut,</strong></span> <span class='ocrx_word' id='word_1_79' title='bbox 1316 828 1518 867; x_wconf 83' lang='lat' dir='ltr'><strong>admonere</strong></span> 
     </span>
     <span class='ocr_line' id='line_1_12' title="bbox 78 884 1516 941; baseline -0.006 -11"><span class='ocrx_word' id='word_1_80' title='bbox 78 905 121 930; x_wconf 86' lang='lat' dir='ltr'><strong>ae</strong></span> <span class='ocrx_word' id='word_1_81' title='bbox 144 891 337 941; x_wconf 83' lang='lat' dir='ltr'><strong>corripere</strong></span> <span class='ocrx_word' id='word_1_82' title='bbox 364 902 446 934; x_wconf 71' lang='grc' dir='ltr'><strong>θος,</strong></span> <span class='ocrx_word' id='word_1_83' title='bbox 472 889 532 939; x_wconf 85' lang='lat' dir='ltr'><strong>qui</strong></span> <span class='ocrx_word' id='word_1_84' title='bbox 555 887 725 926; x_wconf 80' lang='lat' dir='ltr'><strong>adversis</strong></span> <span class='ocrx_word' id='word_1_85' title='bbox 746 884 857 924; x_wconf 84' lang='lat' dir='ltr'><strong>rebus</strong></span> <span class='ocrx_word' id='word_1_86' title='bbox 878 891 1106 937; x_wconf 87' lang='lat' dir='ltr'><strong>premuntur.</strong></span> <span class='ocrx_word' id='word_1_87' title='bbox 1153 885 1296 924; x_wconf 90' lang='lat' dir='ltr'><strong>Versus</strong></span> <span class='ocrx_word' id='word_1_88' title='bbox 1317 885 1516 936; x_wconf 71' lang='lat' dir='ltr'><strong>Aeschyli,</strong></span> 
     </span>
     <span class='ocr_line' id='line_1_13' title="bbox 78 939 846 998; baseline -0.009 -13"><span class='ocrx_word' id='word_1_89' title='bbox 78 948 111 984; x_wconf 88' lang='lat' dir='ltr'><strong>si</strong></span> <span class='ocrx_word' id='word_1_90' title='bbox 143 947 225 998; x_wconf 89' lang='lat' dir='ltr'><strong>quis</strong></span> <span class='ocrx_word' id='word_1_91' title='bbox 249 958 315 984; x_wconf 89' lang='lat' dir='ltr'><strong>eos</strong></span> <span class='ocrx_word' id='word_1_92' title='bbox 345 944 526 995; x_wconf 87' lang='lat' dir='ltr'><strong>requirit,</strong></span> <span class='ocrx_word' id='word_1_93' title='bbox 557 943 594 980; x_wconf 91' lang='lat' dir='ltr'><strong>hi</strong></span> <span class='ocrx_word' id='word_1_94' title='bbox 624 949 709 980; x_wconf 85' lang='lat' dir='ltr'><strong>sunt</strong></span> <span class='ocrx_word' id='word_1_95' title='bbox 722 939 846 990; x_wconf 53' lang='lat'>***):</span> 
     </span>
    </p>
   </div>
   <div class='ocr_carea' id='block_1_5' title="bbox 79 1013 1209 1227">
    <p class='ocr_par' dir='ltr' id='par_1_5' title="bbox 285 1013 1209 1183">
     <span class='ocr_line' id='line_1_14' title="bbox 292 1013 1080 1073; baseline -0.006 -13"><span class='ocrx_word' id='word_1_96' title='bbox 292 1017 509 1073; x_wconf 77' lang='grc' dir='ltr'><em>Ἐλαφρὸν,</em></span> <span class='ocrx_word' id='word_1_97' title='bbox 539 1017 640 1066; x_wconf 79' lang='grc' dir='ltr'><strong>ὅςτις</strong></span> <span class='ocrx_word' id='word_1_98' title='bbox 667 1015 852 1069; x_wconf 73' lang='grc' dir='ltr'><em>πημάτων</em></span> <span class='ocrx_word' id='word_1_99' title='bbox 881 1016 950 1065; x_wconf 70' lang='grc' dir='ltr'><strong>ἔξω</strong></span> <span class='ocrx_word' id='word_1_100' title='bbox 979 1013 1080 1056; x_wconf 79' lang='grc' dir='ltr'><em>πόδα</em></span> 
     </span>
     <span class='ocr_line' id='line_1_15' title="bbox 285 1069 1209 1127; baseline -0.004 -13"><span class='ocrx_word' id='word_1_101' title='bbox 285 1073 415 1126; x_wconf 76' lang='grc' dir='ltr'><strong><em>’Ἐχει,</em></strong></span> <span class='ocrx_word' id='word_1_102' title='bbox 442 1079 642 1127; x_wconf 80' lang='grc' dir='ltr'><em>παραινεῖν</em></span> <span class='ocrx_word' id='word_1_103' title='bbox 668 1077 869 1114; x_wconf 78' lang='grc' dir='ltr'><em>νουθετεῖν</em></span> <span class='ocrx_word' id='word_1_104' title='bbox 895 1087 934 1111; x_wconf 82' lang='grc' dir='ltr'><strong>τε</strong></span> <span class='ocrx_word' id='word_1_105' title='bbox 963 1069 1053 1119; x_wconf 82' lang='grc' dir='ltr'><strong><em>τοὺς</em></strong></span> <span class='ocrx_word' id='word_1_106' title='bbox 1082 1074 1209 1119; x_wconf 80' lang='grc' dir='ltr'><strong><em>κακῶς</em></strong></span> 
     </span>
     <span class='ocr_line' id='line_1_16' title="bbox 300 1127 560 1183; baseline 0 -14"><span class='ocrx_word' id='word_1_107' title='bbox 300 1127 560 1183; x_wconf 76' lang='grc' dir='ltr'><em>Πράσσοντας.</em></span> 
     </span>
    </p>

    <p class='ocr_par' dir='ltr' id='par_1_6' title="bbox 79 1187 236 1227">
     <span class='ocr_line' id='line_1_17' title="bbox 79 1187 236 1227; baseline -0.019 0"><span class='ocrx_word' id='word_1_108' title='bbox 79 1187 120 1227; x_wconf 85' lang='lat' dir='ltr'><strong>ld</strong></span> <span class='ocrx_word' id='word_1_109' title='bbox 153 1194 236 1226; x_wconf 78' lang='lat' dir='ltr'><strong>cst:</strong></span> 
     </span>
    </p>
   </div>
   <div class='ocr_carea' id='block_1_6' title="bbox 79 1247 1516 1534">
    <p class='ocr_par' dir='ltr' id='par_1_7' title="bbox 79 1247 1516 1534">
     <span class='ocr_line' id='line_1_18' title="bbox 241 1247 1338 1302; baseline -0.005 -11"><span class='ocrx_word' id='word_1_110' title='bbox 241 1252 354 1292; x_wconf 75' lang='lat' dir='ltr'><em>Hand</em></span> <span class='ocrx_word' id='word_1_111' title='bbox 379 1251 528 1302; x_wconf 74' lang='lat' dir='ltr'><strong>dffcile</strong></span> <span class='ocrx_word' id='word_1_112' title='bbox 557 1257 635 1296; x_wconf 77' lang='lat' dir='ltr'><strong>esc,</strong></span> <span class='ocrx_word' id='word_1_113' title='bbox 663 1262 758 1300; x_wconf 78' lang='lat' dir='ltr'><strong>pars</strong></span> <span class='ocrx_word' id='word_1_114' title='bbox 786 1249 890 1287; x_wconf 82' lang='lat' dir='ltr'><em>nulla</em></span> <span class='ocrx_word' id='word_1_115' title='bbox 918 1261 1024 1298; x_wconf 83' lang='lat' dir='ltr'><strong>quem</strong></span> <span class='ocrx_word' id='word_1_116' title='bbox 1054 1249 1211 1298; x_wconf 77' lang='lat' dir='ltr'><strong>attingit</strong></span> <span class='ocrx_word' id='word_1_117' title='bbox 1231 1247 1338 1293; x_wconf 83' lang='lat' dir='ltr'><strong>mali,</strong></span> 
     </span>
     <span class='ocr_line' id='line_1_19' title="bbox 243 1305 1121 1356; baseline -0.005 -11"><span class='ocrx_word' id='word_1_118' title='bbox 243 1311 399 1346; x_wconf 69' lang='lat' dir='ltr'><strong>Monere</strong></span> <span class='ocrx_word' id='word_1_119' title='bbox 427 1320 514 1354; x_wconf 83' lang='lat' dir='ltr'><strong>eos,</strong></span> <span class='ocrx_word' id='word_1_120' title='bbox 546 1319 593 1344; x_wconf 86' lang='lat' dir='ltr'><strong>ae</strong></span> <span class='ocrx_word' id='word_1_121' title='bbox 618 1306 841 1356; x_wconf 77' lang='lat' dir='ltr'><strong>corripere,</strong></span> <span class='ocrx_word' id='word_1_122' title='bbox 874 1305 941 1355; x_wconf 82' lang='lat' dir='ltr'><strong>qui</strong></span> <span class='ocrx_word' id='word_1_123' title='bbox 960 1305 1121 1342; x_wconf 69' lang='lat' dir='ltr'><strong>miseriis</strong></span> 
     </span>
     <span class='ocr_line' id='line_1_20' title="bbox 246 1365 452 1413; baseline -0.01 -11"><span class='ocrx_word' id='word_1_124' title='bbox 246 1365 452 1413; x_wconf 63' lang='lat' dir='ltr'><strong>agentur.</strong></span> 
     </span>
     <span class='ocr_line' id='line_1_21' title="bbox 79 1421 1516 1479; baseline -0.003 -13"><span class='ocrx_word' id='word_1_125' title='bbox 79 1428 172 1467; x_wconf 84' lang='lat' dir='ltr'><strong>Tale</strong></span> <span class='ocrx_word' id='word_1_126' title='bbox 210 1429 324 1479; x_wconf 80' lang='lat' dir='ltr'><strong>igitur</strong></span> <span class='ocrx_word' id='word_1_127' title='bbox 358 1426 494 1478; x_wconf 86' lang='lat' dir='ltr'><strong>aliquid</strong></span> <span class='ocrx_word' id='word_1_128' title='bbox 528 1439 573 1464; x_wconf 88' lang='lat' dir='ltr'><strong>eo</strong></span> <span class='ocrx_word' id='word_1_129' title='bbox 605 1426 686 1464; x_wconf 90' lang='lat' dir='ltr'><strong>loco</strong></span> <span class='ocrx_word' id='word_1_130' title='bbox 717 1424 866 1464; x_wconf 81' lang='lat' dir='ltr'><strong>dixerat</strong></span> <span class='ocrx_word' id='word_1_131' title='bbox 895 1430 933 1463; x_wconf 87' lang='lat' dir='ltr'><strong>et</strong></span> <span class='ocrx_word' id='word_1_132' title='bbox 958 1422 1186 1462; x_wconf 84' lang='lat' dir='ltr'><strong>Menander.</strong></span> <span class='ocrx_word' id='word_1_133' title='bbox 1247 1421 1324 1463; x_wconf 88' lang='lat' dir='ltr'><strong>Sed</strong></span> <span class='ocrx_word' id='word_1_134' title='bbox 1352 1429 1390 1462; x_wconf 91' lang='lat' dir='ltr'><strong>et</strong></span> <span class='ocrx_word' id='word_1_135' title='bbox 1419 1422 1516 1461; x_wconf 87' lang='lat' dir='ltr'><strong>hunc</strong></span> 
     </span>
     <span class='ocr_line' id='line_1_22' title="bbox 79 1482 757 1534; baseline -0.007 -11"><span class='ocrx_word' id='word_1_136' title='bbox 79 1497 228 1523; x_wconf 87' lang='lat' dir='ltr'><strong>versum</strong></span> <span class='ocrx_word' id='word_1_137' title='bbox 257 1484 393 1522; x_wconf 88' lang='lat' dir='ltr'><strong>alieubi</strong></span> <span class='ocrx_word' id='word_1_138' title='bbox 423 1484 550 1534; x_wconf 86' lang='lat' dir='ltr'><strong>legere</strong></span> <span class='ocrx_word' id='word_1_139' title='bbox 582 1482 757 1519; x_wconf 89' lang='lat' dir='ltr'><strong>memini:</strong></span> 
     </span>
    </p>
   </div>
   <div class='ocr_carea' id='block_1_7' title="bbox 326 1545 1221 1603">
    <p class='ocr_par' dir='ltr' id='par_1_8' title="bbox 326 1545 1221 1603">
     <span class='ocr_line' id='line_1_23' title="bbox 326 1545 1221 1603; baseline -0.003 -16"><span class='ocrx_word' id='word_1_140' title='bbox 326 1545 454 1602; x_wconf 72' lang='grc' dir='ltr'><strong><em>Ὗγιὴς</em></strong></span> <span class='ocrx_word' id='word_1_141' title='bbox 480 1550 667 1587; x_wconf 78' lang='grc' dir='ltr'>νοσοῦντα</span> <span class='ocrx_word' id='word_1_142' title='bbox 700 1546 821 1602; x_wconf 72' lang='grc' dir='ltr'><em>ῥᾷστα</em></span> <span class='ocrx_word' id='word_1_143' title='bbox 849 1547 926 1594; x_wconf 82' lang='grc' dir='ltr'><strong>πᾶς</strong></span> <span class='ocrx_word' id='word_1_144' title='bbox 953 1560 1009 1593; x_wconf 84' lang='grc' dir='ltr'><strong>τις</strong></span> <span class='ocrx_word' id='word_1_145' title='bbox 1036 1548 1221 1603; x_wconf 59' lang='grc' dir='ltr'><strong><em>νουθετεῖ.</em></strong></span> 
     </span>
    </p>
   </div>
   <div class='ocr_carea' id='block_1_8' title="bbox 602 1666 991 1708">
    <p class='ocr_par' dir='ltr' id='par_1_9' title="bbox 602 1666 991 1708">
     <span class='ocr_line' id='line_1_24' title="bbox 602 1666 991 1708; baseline -0.008 0"><span class='ocrx_word' id='word_1_146' title='bbox 602 1666 883 1708; x_wconf 91' lang='lat' dir='ltr'>CAPUT</span> <span class='ocrx_word' id='word_1_147' title='bbox 937 1667 991 1705; x_wconf 93' lang='lat' dir='ltr'><strong>X.</strong></span> 
     </span>
    </p>
   </div>
   <div class='ocr_carea' id='block_1_9' title="bbox 137 1743 1462 1854">
    <p class='ocr_par' dir='ltr' id='par_1_10' title="bbox 137 1743 1462 1854">
     <span class='ocr_line' id='line_1_25' title="bbox 137 1743 1462 1799; baseline -0.005 -13"><span class='ocrx_word' id='word_1_148' title='bbox 137 1748 345 1799; x_wconf 76' lang='lat' dir='ltr'><em>Equitandi</em></span> <span class='ocrx_word' id='word_1_149' title='bbox 376 1747 527 1785; x_wconf 78' lang='lat' dir='ltr'><strong>verbum</strong></span> <span class='ocrx_word' id='word_1_150' title='bbox 566 1747 665 1798; x_wconf 80' lang='lat' dir='ltr'><strong>quod</strong></span> <span class='ocrx_word' id='word_1_151' title='bbox 693 1748 797 1785; x_wconf 76' lang='lat' dir='ltr'><strong>Euro</strong></span> <span class='ocrx_word' id='word_1_152' title='bbox 834 1745 968 1784; x_wconf 79' lang='lat' dir='ltr'><strong>tribuit</strong></span> <span class='ocrx_word' id='word_1_153' title='bbox 998 1745 1204 1790; x_wconf 74' lang='lat' dir='ltr'><strong>Horatius,</strong></span> <span class='ocrx_word' id='word_1_154' title='bbox 1245 1743 1462 1795; x_wconf 78' lang='lat' dir='ltr'><strong>Euripidem</strong></span> 
     </span>
     <span class='ocr_line' id='line_1_26' title="bbox 423 1802 1173 1854; baseline -0.007 -13"><span class='ocrx_word' id='word_1_155' title='bbox 423 1816 566 1854; x_wconf 77' lang='lat' dir='ltr'><strong>quoque</strong></span> <span class='ocrx_word' id='word_1_156' title='bbox 597 1803 724 1840; x_wconf 81' lang='lat' dir='ltr'><strong>eodem</strong></span> <span class='ocrx_word' id='word_1_157' title='bbox 755 1802 861 1840; x_wconf 83' lang='lat' dir='ltr'><strong>modo</strong></span> <span class='ocrx_word' id='word_1_158' title='bbox 891 1802 1051 1839; x_wconf 82' lang='lat' dir='ltr'><strong>locutum</strong></span> <span class='ocrx_word' id='word_1_159' title='bbox 1081 1812 1173 1837; x_wconf 83' lang='lat' dir='ltr'><strong>esse.</strong></span> 
     </span>
    </p>
   </div>
   <div class='ocr_carea' id='block_1_10' title="bbox 82 1882 1516 2009">
    <p class='ocr_par' dir='ltr' id='par_1_11' title="bbox 82 1882 1516 2009">
     <span class='ocr_line' id='line_1_27' title="bbox 82 1882 1516 1951; baseline -0.004 -11"><span class='ocrx_word' id='word_1_160' title='bbox 82 1882 259 1940; x_wconf 73' lang='lat' dir='ltr'><strong>AUDAGI</strong></span> <span class='ocrx_word' id='word_1_161' title='bbox 288 1914 377 1939; x_wconf 85' lang='lat' dir='ltr'><strong>sane</strong></span> <span class='ocrx_word' id='word_1_162' title='bbox 407 1900 621 1951; x_wconf 75' lang='lat' dir='ltr'><strong>metaphora</strong></span> <span class='ocrx_word' id='word_1_163' title='bbox 653 1914 742 1939; x_wconf 90' lang='lat' dir='ltr'><strong>usus</strong></span> <span class='ocrx_word' id='word_1_164' title='bbox 772 1900 920 1939; x_wconf 87' lang='lat' dir='ltr'><strong>videtur</strong></span> <span class='ocrx_word' id='word_1_165' title='bbox 944 1898 1138 1944; x_wconf 79' lang='lat' dir='ltr'><strong>Horatius,</strong></span> <span class='ocrx_word' id='word_1_166' title='bbox 1171 1910 1252 1935; x_wconf 89' lang='lat' dir='ltr'><strong>cum</strong></span> <span class='ocrx_word' id='word_1_167' title='bbox 1273 1895 1377 1934; x_wconf 88' lang='lat' dir='ltr'><strong>Euro</strong></span> <span class='ocrx_word' id='word_1_168' title='bbox 1406 1903 1516 1937; x_wconf 83' lang='lat' dir='ltr'><strong>vento</strong></span> 
     </span>
     <span class='ocr_line' id='line_1_28' title="bbox 83 1951 1417 2009; baseline -0.005 -13"><span class='ocrx_word' id='word_1_169' title='bbox 83 1956 272 2009; x_wconf 87' lang='lat' dir='ltr'><strong>equitandi</strong></span> <span class='ocrx_word' id='word_1_170' title='bbox 299 1957 449 1996; x_wconf 87' lang='lat' dir='ltr'><strong>verbum</strong></span> <span class='ocrx_word' id='word_1_171' title='bbox 478 1956 619 1994; x_wconf 85' lang='lat' dir='ltr'><strong>tribuit.</strong></span> <span class='ocrx_word' id='word_1_172' title='bbox 679 1957 800 1994; x_wconf 85' lang='lat' dir='ltr'><strong>Notus</strong></span> <span class='ocrx_word' id='word_1_173' title='bbox 830 1963 889 1994; x_wconf 89' lang='lat' dir='ltr'><strong>est</strong></span> <span class='ocrx_word' id='word_1_174' title='bbox 915 1955 1010 1992; x_wconf 88' lang='lat' dir='ltr'><strong>enim</strong></span> <span class='ocrx_word' id='word_1_175' title='bbox 1040 1953 1102 1991; x_wconf 90' lang='lat' dir='ltr'><strong>ille</strong></span> <span class='ocrx_word' id='word_1_176' title='bbox 1130 1953 1335 1992; x_wconf 84' lang='lat' dir='ltr'><strong>versiculus</strong></span> <span class='ocrx_word' id='word_1_177' title='bbox 1348 1951 1417 2005; x_wconf 75' lang='lat'><strong>†)‚</strong></span> 
     </span>
    </p>
   </div>
   <div class='ocr_carea' id='block_1_11' title="bbox 465 2020 1087 2073">
    <p class='ocr_par' dir='ltr' id='par_1_12' title="bbox 465 2020 1087 2073">
     <span class='ocr_line' id='line_1_29' title="bbox 465 2020 1087 2073; baseline -0.008 -12"><span class='ocrx_word' id='word_1_178' title='bbox 465 2025 540 2061; x_wconf 78' lang='lat' dir='ltr'><strong>Per</strong></span> <span class='ocrx_word' id='word_1_179' title='bbox 568 2024 716 2062; x_wconf 82' lang='lat' dir='ltr'><strong>Siculas</strong></span> <span class='ocrx_word' id='word_1_180' title='bbox 746 2023 927 2073; x_wconf 72' lang='lat' dir='ltr'><strong>equitavit</strong></span> <span class='ocrx_word' id='word_1_181' title='bbox 952 2020 1087 2058; x_wconf 81' lang='lat' dir='ltr'><strong>undas.</strong></span> 
     </span>
    </p>
   </div>
   <div class='ocr_carea' id='block_1_12' title="bbox 83 2085 1518 2472">
    <p class='ocr_par' dir='ltr' id='par_1_13' title="bbox 83 2085 1518 2472">
     <span class='ocr_line' id='line_1_30' title="bbox 83 2085 1514 2139; baseline -0.003 -14"><span class='ocrx_word' id='word_1_182' title='bbox 83 2087 217 2138; x_wconf 89' lang='lat' dir='ltr'><strong>Neque</strong></span> <span class='ocrx_word' id='word_1_183' title='bbox 246 2101 404 2139; x_wconf 90' lang='lat' dir='ltr'><strong>unquam</strong></span> <span class='ocrx_word' id='word_1_184' title='bbox 434 2087 488 2133; x_wconf 86' lang='lat' dir='ltr'><strong>id,</strong></span> <span class='ocrx_word' id='word_1_185' title='bbox 518 2095 557 2126; x_wconf 88' lang='lat' dir='ltr'><strong>ut</strong></span> <span class='ocrx_word' id='word_1_186' title='bbox 584 2090 730 2139; x_wconf 82' lang='lat' dir='ltr'><strong>opinor,</strong></span> <span class='ocrx_word' id='word_1_187' title='bbox 763 2089 844 2125; x_wconf 89' lang='lat' dir='ltr'><strong>sine</strong></span> <span class='ocrx_word' id='word_1_188' title='bbox 873 2094 1041 2125; x_wconf 82' lang='lat' dir='ltr'><strong>veterum</strong></span> <span class='ocrx_word' id='word_1_189' title='bbox 1072 2085 1240 2136; x_wconf 76' lang='lat' dir='ltr'><strong>exemplo</strong></span> <span class='ocrx_word' id='word_1_190' title='bbox 1262 2097 1375 2123; x_wconf 88' lang='lat' dir='ltr'><strong>ausus</strong></span> <span class='ocrx_word' id='word_1_191' title='bbox 1398 2091 1514 2122; x_wconf 82' lang='lat' dir='ltr'><strong>esset.</strong></span> 
     </span>
     <span class='ocr_line' id='line_1_31' title="bbox 84 2139 1515 2195; baseline -0.003 -14"><span class='ocrx_word' id='word_1_192' title='bbox 84 2142 161 2181; x_wconf 91' lang='lat' dir='ltr'><strong>Sed</strong></span> <span class='ocrx_word' id='word_1_193' title='bbox 187 2145 418 2189; x_wconf 82' lang='lat' dir='ltr'><strong>meminerat,</strong></span> <span class='ocrx_word' id='word_1_194' title='bbox 452 2143 668 2194; x_wconf 87' lang='lat' dir='ltr'><strong>Euripidem</strong></span> <span class='ocrx_word' id='word_1_195' title='bbox 699 2156 842 2195; x_wconf 88' lang='lat' dir='ltr'><strong>quoque</strong></span> <span class='ocrx_word' id='word_1_196' title='bbox 871 2141 1002 2181; x_wconf 89' lang='lat' dir='ltr'><strong>eodem</strong></span> <span class='ocrx_word' id='word_1_197' title='bbox 1034 2141 1140 2179; x_wconf 90' lang='lat' dir='ltr'><strong>modo</strong></span> <span class='ocrx_word' id='word_1_198' title='bbox 1169 2141 1328 2178; x_wconf 89' lang='lat' dir='ltr'><strong>locutum</strong></span> <span class='ocrx_word' id='word_1_199' title='bbox 1359 2153 1444 2178; x_wconf 87' lang='lat' dir='ltr'><strong>esse</strong></span> <span class='ocrx_word' id='word_1_200' title='bbox 1469 2139 1515 2177; x_wconf 88' lang='lat' dir='ltr'><strong>de</strong></span> 
     </span>
     <span class='ocr_line' id='line_1_32' title="bbox 84 2195 1515 2250; baseline -0.003 -14"><span class='ocrx_word' id='word_1_201' title='bbox 84 2198 277 2250; x_wconf 73' lang='lat' dir='ltr'><strong>Zephyro.</strong></span> <span class='ocrx_word' id='word_1_202' title='bbox 336 2199 464 2250; x_wconf 84' lang='lat' dir='ltr'><strong>Itaque</strong></span> <span class='ocrx_word' id='word_1_203' title='bbox 504 2199 594 2237; x_wconf 84' lang='lat' dir='ltr'><strong>feeit</strong></span> <span class='ocrx_word' id='word_1_204' title='bbox 622 2212 724 2237; x_wconf 90' lang='lat' dir='ltr'><strong>more</strong></span> <span class='ocrx_word' id='word_1_205' title='bbox 753 2212 843 2245; x_wconf 88' lang='lat' dir='ltr'><strong>suo,</strong></span> <span class='ocrx_word' id='word_1_206' title='bbox 882 2205 946 2244; x_wconf 85' lang='lat' dir='ltr'><strong>ut,</strong></span> <span class='ocrx_word' id='word_1_207' title='bbox 983 2195 1253 2248; x_wconf 87' lang='lat' dir='ltr'><strong>persequendis</strong></span> <span class='ocrx_word' id='word_1_208' title='bbox 1286 2196 1515 2233; x_wconf 88' lang='lat' dir='ltr'><strong>Graecorum</strong></span> 
     </span>
     <span class='ocr_line' id='line_1_33' title="bbox 84 2248 1516 2305; baseline -0.002 -15"><span class='ocrx_word' id='word_1_209' title='bbox 84 2254 277 2304; x_wconf 81' lang='lat' dir='ltr'><strong>vestigiiS,</strong></span> <span class='ocrx_word' id='word_1_210' title='bbox 313 2251 355 2293; x_wconf 86' lang='grc' dir='ltr'><strong>τὸ</strong></span> <span class='ocrx_word' id='word_1_211' title='bbox 386 2257 454 2305; x_wconf 81' lang='grc' dir='ltr'><strong>τῆς</strong></span> <span class='ocrx_word' id='word_1_212' title='bbox 481 2252 612 2301; x_wconf 80' lang='grc' dir='ltr'><em>λέξεως</em></span> <span class='ocrx_word' id='word_1_213' title='bbox 640 2251 776 2294; x_wconf 80' lang='grc' dir='ltr'><em>καινόν</em></span> <span class='ocrx_word' id='word_1_214' title='bbox 803 2268 841 2293; x_wconf 83' lang='grc' dir='ltr'><strong>τε</strong></span> <span class='ocrx_word' id='word_1_215' title='bbox 868 2252 934 2292; x_wconf 77' lang='grc' dir='ltr'><strong>καὶ</strong></span> <span class='ocrx_word' id='word_1_216' title='bbox 961 2248 1107 2300; x_wconf 78' lang='grc' dir='ltr'><strong><em>ξενικὸν</em></strong></span> <span class='ocrx_word' id='word_1_217' title='bbox 1135 2259 1359 2301; x_wconf 85' lang='lat' dir='ltr'><strong>quaereret,</strong></span> <span class='ocrx_word' id='word_1_218' title='bbox 1401 2263 1516 2301; x_wconf 87' lang='lat' dir='ltr'><strong>seque</strong></span> 
     </span>
     <span class='ocr_line' id='line_1_34' title="bbox 84 2305 1518 2361; baseline -0.001 -16"><span class='ocrx_word' id='word_1_219' title='bbox 84 2322 190 2360; x_wconf 83' lang='lat' dir='ltr'><strong>quam</strong></span> <span class='ocrx_word' id='word_1_220' title='bbox 232 2309 446 2359; x_wconf 84' lang='lat' dir='ltr'><strong>longissime</strong></span> <span class='ocrx_word' id='word_1_221' title='bbox 484 2322 505 2347; x_wconf 80' lang='lat' dir='ltr'><strong>a</strong></span> <span class='ocrx_word' id='word_1_222' title='bbox 541 2311 626 2347; x_wconf 83' lang='lat' dir='ltr'><strong>trita</strong></span> <span class='ocrx_word' id='word_1_223' title='bbox 664 2317 702 2348; x_wconf 92' lang='lat' dir='ltr'><strong>et</strong></span> <span class='ocrx_word' id='word_1_224' title='bbox 726 2309 871 2361; x_wconf 88' lang='lat' dir='ltr'><strong>plebeia</strong></span> <span class='ocrx_word' id='word_1_225' title='bbox 902 2307 1074 2359; x_wconf 90' lang='lat' dir='ltr'><strong>loquendi</strong></span> <span class='ocrx_word' id='word_1_226' title='bbox 1104 2305 1373 2344; x_wconf 87' lang='lat' dir='ltr'><strong>consuetudine</strong></span> <span class='ocrx_word' id='word_1_227' title='bbox 1402 2305 1518 2343; x_wconf 84' lang='lat' dir='ltr'><strong>abdu-</strong></span> 
     </span>
     <span class='ocr_line' id='line_1_35' title="bbox 85 2360 1516 2416; baseline -0.003 -14"><span class='ocrx_word' id='word_1_228' title='bbox 85 2371 203 2402; x_wconf 87' lang='lat' dir='ltr'><strong>ceret.</strong></span> <span class='ocrx_word' id='word_1_229' title='bbox 249 2364 334 2411; x_wconf 84' lang='lat' dir='ltr'><strong>Quo</strong></span> <span class='ocrx_word' id='word_1_230' title='bbox 364 2365 400 2401; x_wconf 89' lang='lat' dir='ltr'><strong>in</strong></span> <span class='ocrx_word' id='word_1_231' title='bbox 431 2377 571 2414; x_wconf 86' lang='lat' dir='ltr'><strong>genere</strong></span> <span class='ocrx_word' id='word_1_232' title='bbox 603 2364 712 2416; x_wconf 87' lang='lat' dir='ltr'><strong>plane</strong></span> <span class='ocrx_word' id='word_1_233' title='bbox 743 2364 945 2414; x_wconf 84' lang='lat' dir='ltr'><strong>singularis</strong></span> <span class='ocrx_word' id='word_1_234' title='bbox 968 2363 1061 2400; x_wconf 87' lang='lat' dir='ltr'><strong>fuit:</strong></span> <span class='ocrx_word' id='word_1_235' title='bbox 1091 2374 1228 2412; x_wconf 86' lang='lat' dir='ltr'><strong>neque,</strong></span> <span class='ocrx_word' id='word_1_236' title='bbox 1262 2375 1343 2399; x_wconf 88' lang='lat' dir='ltr'><strong>meo</strong></span> <span class='ocrx_word' id='word_1_237' title='bbox 1369 2360 1516 2412; x_wconf 85' lang='lat' dir='ltr'><strong>quidem</strong></span> 
     </span>
     <span class='ocr_line' id='line_1_36' title="bbox 86 2418 1517 2472; baseline -0.001 -16"><span class='ocrx_word' id='word_1_238' title='bbox 86 2418 247 2467; x_wconf 84' lang='lat' dir='ltr'><strong>iudicio,</strong></span> <span class='ocrx_word' id='word_1_239' title='bbox 291 2421 457 2457; x_wconf 83' lang='lat' dir='ltr'><strong>Graecas</strong></span> <span class='ocrx_word' id='word_1_240' title='bbox 485 2420 657 2472; x_wconf 88' lang='lat' dir='ltr'><strong>loquendi</strong></span> <span class='ocrx_word' id='word_1_241' title='bbox 686 2421 824 2458; x_wconf 84' lang='lat' dir='ltr'><strong>formas</strong></span> <span class='ocrx_word' id='word_1_242' title='bbox 851 2419 1069 2457; x_wconf 88' lang='lat' dir='ltr'><strong>Latinorum</strong></span> <span class='ocrx_word' id='word_1_243' title='bbox 1105 2421 1296 2471; x_wconf 72' lang='lat' dir='ltr'><strong>poetarum</strong></span> <span class='ocrx_word' id='word_1_244' title='bbox 1326 2418 1517 2468; x_wconf 85' lang='lat' dir='ltr'><strong>quisquam</strong></span> 
     </span>
    </p>
   </div>
   <div class='ocr_carea' id='block_1_13' title="bbox 85 2549 1515 2701">
    <p class='ocr_par' dir='ltr' id='par_1_14' title="bbox 85 2549 1515 2701">
     <span class='ocr_line' id='line_1_37' title="bbox 161 2549 1515 2594; baseline -0.004 -13"><span class='ocrx_word' id='word_1_245' title='bbox 161 2551 204 2594; x_wconf 58' lang='lat'><strong>5³)</strong></span> <span class='ocrx_word' id='word_1_246' title='bbox 224 2552 323 2581; x_wconf 75' lang='lat' dir='ltr'><strong>Andr.</strong></span> <span class='ocrx_word' id='word_1_247' title='bbox 343 2554 381 2581; x_wconf 89' lang='grc' dir='ltr'><strong>Π.</strong></span> <span class='ocrx_word' id='word_1_248' title='bbox 403 2553 417 2582; x_wconf 90' lang='grc'><strong>1</strong></span> <span class='ocrx_word' id='word_1_249' title='bbox 431 2573 438 2585; x_wconf 88' lang='grc'><em>,</em></span> <span class='ocrx_word' id='word_1_250' title='bbox 461 2554 510 2581; x_wconf 85' lang='grc'><strong>11.</strong></span> <span class='ocrx_word' id='word_1_251' title='bbox 550 2552 597 2582; x_wconf 82' lang='lat' dir='ltr'><strong>Cf.</strong></span> <span class='ocrx_word' id='word_1_252' title='bbox 619 2554 653 2582; x_wconf 86' lang='lat' dir='ltr'><strong>P.</strong></span> <span class='ocrx_word' id='word_1_253' title='bbox 675 2553 792 2582; x_wconf 79' lang='lat' dir='ltr'><strong>victor.</strong></span> <span class='ocrx_word' id='word_1_254' title='bbox 816 2553 909 2581; x_wconf 78' lang='lat' dir='ltr'><strong>Varr.</strong></span> <span class='ocrx_word' id='word_1_255' title='bbox 935 2553 1035 2580; x_wconf 83' lang='lat' dir='ltr'><strong>Leett.</strong></span> <span class='ocrx_word' id='word_1_256' title='bbox 1054 2551 1194 2580; x_wconf 83' lang='lat' dir='ltr'><strong>XXXVI.</strong></span> <span class='ocrx_word' id='word_1_257' title='bbox 1221 2551 1270 2579; x_wconf 80' lang='grc'><strong>23.</strong></span> <span class='ocrx_word' id='word_1_258' title='bbox 1296 2549 1349 2584; x_wconf 86' lang='lat' dir='ltr'><strong>qui</strong></span> <span class='ocrx_word' id='word_1_259' title='bbox 1377 2549 1416 2578; x_wconf 84' lang='lat' dir='ltr'><strong>ad</strong></span> <span class='ocrx_word' id='word_1_260' title='bbox 1443 2549 1473 2576; x_wconf 83' lang='lat'><strong>11.</strong></span> <span class='ocrx_word' id='word_1_261' title='bbox 1493 2549 1515 2577; x_wconf 86' lang='lat'><strong>1.</strong></span> 
     </span>
     <span class='ocr_line' id='line_1_38' title="bbox 86 2586 1515 2626; baseline -0.002 -10"><span class='ocrx_word' id='word_1_262' title='bbox 86 2595 244 2623; x_wconf 68' lang='lat' dir='ltr'><strong>respicere</strong></span> <span class='ocrx_word' id='word_1_263' title='bbox 264 2591 399 2626; x_wconf 70' lang='lat' dir='ltr'><strong>videtur,</strong></span> <span class='ocrx_word' id='word_1_264' title='bbox 424 2591 598 2619; x_wconf 87' lang='lat' dir='ltr'><strong>Philemon.</strong></span> <span class='ocrx_word' id='word_1_265' title='bbox 618 2597 668 2625; x_wconf 80' lang='lat' dir='ltr'><strong>ap.</strong></span> <span class='ocrx_word' id='word_1_266' title='bbox 690 2592 776 2619; x_wconf 78' lang='lat' dir='ltr'><strong>Stob.</strong></span> <span class='ocrx_word' id='word_1_267' title='bbox 799 2593 898 2619; x_wconf 86' lang='lat' dir='ltr'><strong>Serm.</strong></span> <span class='ocrx_word' id='word_1_268' title='bbox 920 2591 969 2618; x_wconf 87' lang='lat' dir='ltr'><strong>CI.</strong></span> <span class='ocrx_word' id='word_1_269' title='bbox 991 2590 1121 2624; x_wconf 79' lang='lat' dir='ltr'><strong>(Gnom.</strong></span> <span class='ocrx_word' id='word_1_270' title='bbox 1143 2590 1227 2623; x_wconf 82' lang='lat' dir='ltr'><strong>poet.</strong></span> <span class='ocrx_word' id='word_1_271' title='bbox 1249 2590 1299 2616; x_wconf 86' lang='lat' dir='ltr'><strong>Gr.</strong></span> <span class='ocrx_word' id='word_1_272' title='bbox 1321 2587 1368 2615; x_wconf 83' lang='lat' dir='ltr'><strong>ed.</strong></span> <span class='ocrx_word' id='word_1_273' title='bbox 1391 2586 1515 2615; x_wconf 80' lang='lat' dir='ltr'><strong>Schaes.</strong></span> 
     </span>
     <span class='ocr_line' id='line_1_39' title="bbox 86 2623 1514 2663; baseline 0 -10"><span class='ocrx_word' id='word_1_274' title='bbox 86 2633 158 2660; x_wconf 63' lang='lat' dir='ltr'><strong>pag.</strong></span> <span class='ocrx_word' id='word_1_275' title='bbox 175 2627 235 2655; x_wconf 79' lang='lat'><strong>270</strong></span> <span class='ocrx_word' id='word_1_276' title='bbox 250 2627 315 2662; x_wconf 77' lang='lat' dir='ltr'><strong>sq.)</strong></span> <span class='ocrx_word' id='word_1_277' title='bbox 346 2628 526 2661; x_wconf 72' lang='lat' dir='ltr'><strong>Philippum</strong></span> <span class='ocrx_word' id='word_1_278' title='bbox 542 2635 592 2662; x_wconf 81' lang='lat' dir='ltr'><strong>ap.</strong></span> <span class='ocrx_word' id='word_1_279' title='bbox 607 2630 690 2656; x_wconf 82' lang='lat' dir='ltr'><strong>Stob.</strong></span> <span class='ocrx_word' id='word_1_280' title='bbox 706 2632 806 2658; x_wconf 85' lang='lat' dir='ltr'><strong>Serm.</strong></span> <span class='ocrx_word' id='word_1_281' title='bbox 822 2629 905 2658; x_wconf 82' lang='lat' dir='ltr'><strong>exn</strong></span> <span class='ocrx_word' id='word_1_282' title='bbox 920 2630 1002 2657; x_wconf 80' lang='lat' dir='ltr'><strong>extr.</strong></span> <span class='ocrx_word' id='word_1_283' title='bbox 1023 2627 1153 2663; x_wconf 82' lang='lat' dir='ltr'><strong>(Gnom.</strong></span> <span class='ocrx_word' id='word_1_284' title='bbox 1169 2628 1252 2662; x_wconf 80' lang='lat' dir='ltr'><strong>poet.</strong></span> <span class='ocrx_word' id='word_1_285' title='bbox 1270 2627 1321 2654; x_wconf 86' lang='lat' dir='ltr'><strong>Gr.</strong></span> <span class='ocrx_word' id='word_1_286' title='bbox 1340 2631 1411 2659; x_wconf 84' lang='lat' dir='ltr'><strong>pag.</strong></span> <span class='ocrx_word' id='word_1_287' title='bbox 1423 2623 1514 2659; x_wconf 79' lang='lat'><strong>275.)</strong></span> 
     </span>
     <span class='ocr_line' id='line_1_40' title="bbox 85 2665 689 2701; baseline 0.003 -9"><span class='ocrx_word' id='word_1_288' title='bbox 85 2667 118 2692; x_wconf 84' lang='lat' dir='ltr'><strong>et</strong></span> <span class='ocrx_word' id='word_1_289' title='bbox 137 2665 225 2693; x_wconf 84' lang='lat' dir='ltr'><strong>Stob.</strong></span> <span class='ocrx_word' id='word_1_290' title='bbox 247 2667 345 2693; x_wconf 82' lang='lat' dir='ltr'><strong>serm.</strong></span> <span class='ocrx_word' id='word_1_291' title='bbox 366 2666 472 2693; x_wconf 85' lang='lat' dir='ltr'><strong>cxm.</strong></span> <span class='ocrx_word' id='word_1_292' title='bbox 493 2673 539 2701; x_wconf 79' lang='lat' dir='ltr'><strong>sq.</strong></span> <span class='ocrx_word' id='word_1_293' title='bbox 578 2667 689 2694; x_wconf 63' lang='lat' dir='ltr'><strong>FAEsn</strong></span> 
     </span>
    </p>
   </div>
   <div class='ocr_carea' id='block_1_14' title="bbox 85 2711 1513 2787">
    <p class='ocr_par' dir='ltr' id='par_1_15' title="bbox 85 2711 1513 2787">
     <span class='ocr_line' id='line_1_41' title="bbox 159 2711 1513 2750; baseline -0.001 -11"><span class='ocrx_word' id='word_1_294' title='bbox 159 2712 226 2748; x_wconf 53' lang='lat' dir='ltr'><strong>zm)</strong></span> <span class='ocrx_word' id='word_1_295' title='bbox 247 2713 390 2741; x_wconf 74' lang='lat' dir='ltr'><strong>Enniana</strong></span> <span class='ocrx_word' id='word_1_296' title='bbox 414 2714 493 2741; x_wconf 86' lang='lat' dir='ltr'><strong>haec</strong></span> <span class='ocrx_word' id='word_1_297' title='bbox 520 2716 610 2750; x_wconf 84' lang='lat' dir='ltr'><strong>sunt,</strong></span> <span class='ocrx_word' id='word_1_298' title='bbox 644 2713 707 2743; x_wconf 82' lang='lat' dir='ltr'><strong>vid.</strong></span> <span class='ocrx_word' id='word_1_299' title='bbox 729 2712 793 2744; x_wconf 85' lang='lat' dir='ltr'><strong>Cic.</strong></span> <span class='ocrx_word' id='word_1_300' title='bbox 814 2720 868 2749; x_wconf 79' lang='lat' dir='ltr'><strong>pro</strong></span> <span class='ocrx_word' id='word_1_301' title='bbox 888 2712 976 2743; x_wconf 82' lang='lat' dir='ltr'><strong>cael.</strong></span> <span class='ocrx_word' id='word_1_302' title='bbox 997 2719 1065 2749; x_wconf 81' lang='lat' dir='ltr'><strong>cap.</strong></span> <span class='ocrx_word' id='word_1_303' title='bbox 1086 2712 1115 2742; x_wconf 87' lang='lat' dir='ltr'><strong>S.</strong></span> <span class='ocrx_word' id='word_1_304' title='bbox 1136 2712 1166 2748; x_wconf 68' lang='lat' dir='ltr'><strong>g.</strong></span> <span class='ocrx_word' id='word_1_305' title='bbox 1189 2711 1238 2741; x_wconf 77' lang='lat'><strong>18.</strong></span> <span class='ocrx_word' id='word_1_306' title='bbox 1277 2711 1388 2740; x_wconf 83' lang='lat' dir='ltr'><strong>Medea</strong></span> <span class='ocrx_word' id='word_1_307' title='bbox 1412 2711 1513 2740; x_wconf 85' lang='lat' dir='ltr'><strong>animo</strong></span> 
     </span>
     <span class='ocr_line' id='line_1_42' title="bbox 85 2753 632 2787; baseline 0.002 -8"><span class='ocrx_word' id='word_1_308' title='bbox 85 2756 196 2787; x_wconf 58' lang='lat' dir='ltr'><strong>‘1897‘ssq</strong></span> <span class='ocrx_word' id='word_1_309' title='bbox 218 2758 352 2778; x_wconf 71' lang='lat' dir='ltr'><strong>amore</strong></span> <span class='ocrx_word' id='word_1_310' title='bbox 371 2758 462 2778; x_wconf 73' lang='lat' dir='ltr'><strong>saevo</strong></span> <span class='ocrx_word' id='word_1_311' title='bbox 482 2753 632 2780; x_wconf 75' lang='lat' dir='ltr'><strong>saucia.</strong></span> 
     </span>
    </p>
   </div>
   <div class='ocr_carea' id='block_1_15' title="bbox 158 2799 651 2885">
    <p class='ocr_par' dir='ltr' id='par_1_16' title="bbox 158 2799 651 2885">
     <span class='ocr_line' id='line_1_43' title="bbox 158 2799 651 2834; baseline 0.004 -10"><span class='ocrx_word' id='word_1_312' title='bbox 158 2799 251 2834; x_wconf 50' lang='lat' dir='ltr'><strong>›trax-:tq</strong></span> <span class='ocrx_word' id='word_1_313' title='bbox 272 2800 429 2828; x_wconf 79' lang='lat' dir='ltr'><strong>Prometh.</strong></span> <span class='ocrx_word' id='word_1_314' title='bbox 450 2806 480 2827; x_wconf 81' lang='lat' dir='ltr'><strong>v.</strong></span> <span class='ocrx_word' id='word_1_315' title='bbox 503 2799 563 2828; x_wconf 81' lang='lat'><strong>263</strong></span> <span class='ocrx_word' id='word_1_316' title='bbox 582 2805 651 2834; x_wconf 81' lang='lat' dir='ltr'><strong>sqq.</strong></span> 
     </span>
     <span class='ocr_line' id='line_1_44' title="bbox 158 2846 480 2885; baseline 0 -9"><span class='ocrx_word' id='word_1_317' title='bbox 158 2846 202 2885; x_wconf 75' lang='lat' dir='ltr'><strong>·¹s)</strong></span> <span class='ocrx_word' id='word_1_318' title='bbox 223 2847 279 2877; x_wconf 85' lang='lat' dir='ltr'><strong>Od.</strong></span> <span class='ocrx_word' id='word_1_319' title='bbox 298 2848 350 2877; x_wconf 76' lang='lat' dir='ltr'><strong>lv.</strong></span> <span class='ocrx_word' id='word_1_320' title='bbox 371 2847 407 2885; x_wconf 77' lang='lat'><strong>4,</strong></span> <span class='ocrx_word' id='word_1_321' title='bbox 430 2846 480 2876; x_wconf 74' lang='lat'><strong>44.</strong></span> 
     </span>
    </p>
   </div>
   <div class='ocr_carea' id='block_1_16' title="bbox 1544 235 1582 265">
    <p class='ocr_par' dir='ltr' id='par_1_17' title="bbox 1544 235 1582 265">
     <span class='ocr_line' id='line_1_45' title="bbox 1544 235 1582 265; baseline -0.053 0"><span class='ocrx_word' id='word_1_322' title='bbox 1544 235 1582 265; x_wconf 78' lang='lat' dir='ltr'><strong>Is</strong></span> 
     </span>
    </p>
   </div>
   <div class='ocr_carea' id='block_1_17' title="bbox 1541 2208 1580 2239">
    <p class='ocr_par' dir='ltr' id='par_1_18' title="bbox 1541 2208 1580 2239">
     <span class='ocr_line' id='line_1_46' title="bbox 1541 2208 1580 2239; baseline -0.026 0"><span class='ocrx_word' id='word_1_323' title='bbox 1541 2208 1580 2239; x_wconf 83' lang='lat'><strong>19</strong></span> 
     </span>
    </p>
   </div>
  </div>
 </body>
</html>
