1726 3106
205 167 286 215 148
770 169 898 210 VAR.
931 167 1086 211 LECT.

119 289 181 322 156
208 295 282 321 non
305 280 429 322 video.
489 280 610 320 Venit
640 278 729 317 mihi
759 278 907 332 quidem
936 280 973 316 in
1005 286 1164 318 mentem
1196 278 1355 331 aliquid:
1387 278 1453 318 scd
1484 279 1572 318 nihil
1591 295 1651 319 sa-

208 339 257 375 tis
286 338 398 378 firmi.
457 336 583 375 Nemo
622 342 768 380 autem,
807 336 868 386 qui
907 341 1072 386 praestat
1106 334 1202 387 quod
1231 343 1374 387 potest,
1415 335 1512 386 quod
1542 349 1654 388 quae·

209 392 293 431 dam
322 406 395 432 non
423 392 565 444 possit,
597 389 932 442 reprehendendus
962 396 1034 429 est.

707 521 995 561 CAPUT
1049 519 1155 560 XII.

499 598 563 637 Ex
590 598 715 637 eodem
743 599 865 638 libello
890 599 1084 637 emendate·
1108 597 1255 648 aliquot
1278 598 1364 637 loci.

211 677 318 737 NON
354 709 432 743 ,eos
473 695 608 744 modo,
652 697 722 748 qui'
750 703 947 748 corruptos
983 696 1248 749 praestantium
1287 697 1507 748 scriptorum
1549 698 1652 736 locos

214 750 439 800 emendant,
473 753 666 804 praeclare
696 765 847 803 operam
878 765 980 789 suam
1013 765 1153 803 ponere
1184 752 1370 789 arbitror:
1411 767 1535 791 verum
1569 754 1650 791 illos

214 820 385 862 quoque,
427 809 626 859 q11i,'eun1
656 806 752 845 aliud
783 808 873 845 nihil
905 813 1079 858 possunt,
1122 819 1187 844 eos
1218 806 1401 853 indicant3
1443 816 1653 859 proponunt

215 865 314 903 enim
355 863 566 901 hominibus
606 863 812 912 ingeniosis
855 869 893 900 et
928 862 1078 912 copiosa
1120 869 1284 899 veterum
1322 861 1490 900 codicum
1529 864 1653 914 supel-

214 919 339 957 lectile
374 919 826 967 instructisvmateriam,
871 918 907 955 in
940 930 1010 967 qua
1046 929 1086 954 se
1116 924 1340 955 exerceant:
1381 930 1519 968 eosque
1550 919 1652 956 exci-

214 981 295 1012 tant
320 972 367 1011 ad
396 971 535 1024 aliquid
565 972 864 1022 excogitandum.
925 971 1036 1020 Quod
1064 985 1161 1010 nunc
1191 973 1350 1009 faciam:
1384 973 1577 1024 locumque
1595 974 1652 1011 in-

217 1029 350 1067 dicabo
388 1041 434 1066 ex
468 1027 598 1066 eodem
638 1029 699 1065 iilo
737 1028 863 1066 libello
878 1026 951 1078 ᾗ),
993 1027 1054 1078 qui
1093 1028 1175 1064 sine
1214 1026 1324 1064 dubio
1353 1035 1546 1078 corruptus
1577 1035 1648 1066 est.

217 1082 412 1132 Quomodo
452 1084 591 1133 corrigi
632 1082 789 1128 debeat,
833 1082 1014 1120 divinabit
1047 1083 1216 1120 fortassis
1251 1082 1360 1119 alius.
1436 1085 1576 1121 Deinde
1612 1091 1654 1122 ut

218 1141 373 1191 quisque
403 1141 561 1190 optimus
590 1151 635 1176 ac
662 1139 822 1176 mum‘tne
852 1139 1089 1183 domesticus,
1123 1145 1166 1175 ut
1193 1139 1225 1175 z‘s
1242 1144 1353 1183 amet,
1386 1139 1539 1188 quisque
1548 1138 1652 1188 side-

218 1197 396 1233 le‘ssz'mmn
420 1207 499 1232 esse
534 1200 569 1232 te
598 1195 748 1245 cupiat,
781 1194 888 1231 valde
916 1194 1184 1231 elaborandum
1209 1199 1324 1243 puto.-
1357 1202 1434 1230 tum
1464 1200 1505 1231 ut
1534 1195 1653 1231 tribu-

219 1250 295 1296 les,
336 1256 381 1287 ut
406 1250 544 1295 vz‘ez'm',
585 1256 628 1287 ut
659 1250 838 1294 clientes,
882 1255 925 1286 ut
950 1250 1107 1299 denique
1141 1248 1284 1297 liberti,
1320 1254 1511 1298 postremo
1538 1250 1651 1287 etiam

217 1306 392 1343 servitus.
451 1304 573 1343 Huius
603 1303 744 1353 periodi
774 1304 894 1353 prima
922 1316 1008 1353 pars
1037 1305 1087 1340 ita
1117 1302 1324 1340 deformata
1356 1309 1436 1348 est,
1475 1310 1535 1350 ut,
1567 1303 1653 1354 quid

218 1360 291 1397 sibi
328 1360 441 1405 velit,
483 1359 666 1409 suspicari
706 1359 827 1409 potius
858 1371 962 1408 quam
992 1358 1201 1407 intelligere
1231 1358 1356 1396 liceat.
1415 1359 1455 1396 In
1488 1366 1653 1396 extremo

217 1421 365 1460 autem,
407 1414 469 1452 ubi
500 1421 558 1452 est
588 1415 774 1460 servitus,
811 1412 1004 1463 legendum
1033 1426 1170 1450 censeo
1196 1415 1299 1452 serm·
1325 1415 1394 1451 tui.
1455 1414 1651 1464 Sequitur:

216 1472 315 1508 Nam
331 1468 423 1519 sere
451 1470 569 1508 onmis
596 1482 717 1506 sermo
746 1469 799 1506 ad
814 1468 1009 1519 sorensem
1027 1468 1177 1520 samam
1208 1481 1230 1505 α
1264 1470 1474 1507 domesticis
1502 1475 1653 1508 emanat

216 1525 452 1563 auctoribus.
511 1524 618 1570 Quae
658 1523 772 1560 verba
801 1530 841 1560 ut
868 1524 1014 1572 integra
1044 1530 1082 1560 et
1111 1524 1323 1574 incorrupta
1352 1530 1459 1569 sunt,
1502 1524 1552 1560 ita
1586 1523 1650 1562 de-

217 1587 372 1631 pravata
402 1586 440 1616 et
470 1580 563 1616 male
593 1578 782 1623 distincta,
815 1591 908 1628 quae
932 1575 1238 1629 seqiluntur**),
1272 1579 1415 1616 Deinde
1434 1579 1658 1617 uestitu-endi

217 1641 307 1673 sunt
345 1636 597 1684 cuiuscunque
621 1635 777 1682 generis
806 1634 921 1670 αηιίεὶ
947 1634 1000 1670 ad
1026 1634 1184 1683 speciem
1214 1633 1373 1671 lzomz‘m's
1401 1635 1559 1672 illustres
1585 1635 1652 1672 lto-

216 1702 310 1728 nore
348 1702 394 1727 ae
428 1690 597 1727 nomine.-
637 1689 705 1738 qui
734 1689 846 1725 etlam
882 1689 920 1725 εἰ
942 1686 1191 1739 suffragandi
1219 1689 1345 1726 studia
1384 1702 1457 1727 non
1485 1696 1651 1735 novant,-

219 1751 341 1783 tamen
380 1743 549 1796 afferunt
578 1744 742 1794 petitori
772 1743 919 1793 aliquid
955 1744 1153 1792 degm'tatz's
1185 1744 1236 1780 ad
1270 1744 1450 1781 iuslz'tz’am
1486 1744 1654 1783 obtinen-

219 1800 321 1839 dam.
379 1800 659 1850 Magistratus,
697 1812 747 1835 εκ
777 1798 911 1849 quibus
946 1799 1108 1835 maxime
1137 1800 1329 1844 consules,
1369 1800 1502 1836 deinde
1533 1799 1652 1837 tribu-

217 1868 286 1893 nos
317 1855 442 1905 plebis
477 1855 528 1892 ad
562 1854 831 1905 corficz'eudum
860 1855 1053 1891 centurias
1080 1854 1246 1891 homines
1273 1855 1478 1891 excellenti
1498 1856 1648 1904 gratia,

219 1911 288 1960 quz‘
313 1910 479 1948 tribuent
506 1911 739 1954 centuriam,
772 1915 809 1946 et
836 1915 976 1946 cetera.
1037 1909 1174 1958 Spem,
1207 1921 1334 1946 omnes
1364 1909 1531 1946 homines
1561 1910 1653 1946 mihi

217 1976 463 2010 assensuros,
494 1964 630 2001 nullam
660 1964 809 2001 omnino
838 1962 1009 2000 idoneam
1037 1964 1257 2001 sententiam
1287 1977 1333 2001 ex
1360 1965 1405 2001 iis
1430 1965 1556 2002 verbis
1588 1978 1654 2002 ex—

217 2018 320 2056 tundi
357 2031 483 2069 posse.
542 2018 627 2069 Ego
668 2026 788 2056 autem
827 2025 915 2070 puto
951 2031 1034 2056 eum
1074 2020 1199 2056 facere
1236 2022 1306 2057 tria
1343 2032 1484 2069 genera
1512 2020 1651 2058 amico·

217 2086 325 2111 rum:
358 2086 495 2120 unum,
526 2073 573 2111 ad
603 2075 791 2124 speeiem:
829 2074 1012 2120 alterum,
1044 2073 1091 2111 ad
1119 2074 1295 2112 iustitiam
1326 2073 1584 2121 obtinendam,
1618 2075 1649 2112 si

217 2129 299 2178 quis
327 2128 424 2166 forte
454 2130 735 2179 competitorum
768 2129 871 2165 malis
895 2129 1035 2166 artibus
1054 2141 1136 2166 eum
1160 2128 1323 2168 deiicere
1344 2130 1537 2167 moliatur:
1571 2137 1650 2167 ter-

214 2184 329 2229 tium,
361 2182 407 2221 ad
437 2182 704 2221 conficiendum
733 2183 944 2228 centurias,
976 2195 1040 2228 ae,
1073 2196 1119 2220 ne
1149 2183 1297 2234 longum
1328 2184 1484 2230 faciam,
1515 2186 1566 2222 ita
1596 2185 1650 2222 le—

215 2237 375 2288 gendum
405 2251 569 2276 censeo:
600 2239 744 2275 Dez‘mle
772 2238 995 2275 instituendi
1018 2245 1107 2276 sunt
1136 2241 1313 2290 cuiusque
1339 2242 1491 2290 generis
1520 2241 1644 2278 amici.

213 2295 283 2332 Ad
307 2296 490 2344 speeiem,
525 2294 690 2331 homines
714 2294 880 2331 illustres
909 2293 1054 2330 honore
1092 2306 1136 2331 ae
1163 2296 1309 2332 nomine
1326 2311 1338 2332 .-
1381 2297 1449 2345 quz'
1474 2297 1584 2332 ete‘am
1614 2296 1653 2333 sz'

213 2348 466 2401 suffiugande'
498 2350 625 2387 studia
664 2361 739 2386 nou
767 2355 932 2393 navans,
972 2354 1092 2385 tamen
1120 2348 1292 2400 efferunt
1315 2351 1478 2400 petitori
1502 2351 1649 2401 aliquid

124 2411 186 2441 157
215 2406 426 2454 dignitatis.
494 2405 562 2442 Ad
598 2404 780 2442 iusticiam
822 2403 1081 2452 obtinendam,
1120 2406 1388 2455 magistratus.-
1425 2419 1475 2444 θα)
1512 2406 1646 2456 quibus

210 2553 286 2584 dicit
310 2554 479 2590 legendum
509 2554 571 2584 sibi
591 2549 707 2585 videri:
736 2557 932 2592 quamobrem
953 2555 1048 2591 (quid
1065 2558 1185 2587 inanius
1195 2557 1231 2594 ἓ)
1260 2559 1398 2587 umbram
1423 2564 1510 2586 suam
1529 2558 1643 2588 metuit.

210 2593 363 2622 Orellius:
395 2593 621 2627 Quamobrem?
650 2609 686 2615 —
722 2595 811 2628 Quod
835 2595 987 2622 Antonius
1013 2597 1151 2624 umbram
1177 2603 1264 2625 suam
1291 2597 1397 2625 meluit
1423 2600 1481 2625 etc.
1503 2596 1640 2625 addens:

209 2630 325 2660 Verum
347 2630 484 2659 fortasse
503 2634 666 2666 praestat:
689 2633 777 2666 Quod
795 2632 848 2660 ille
867 2632 1013 2660 umbram.

282 2678 326 2714 δῖε)
346 2685 414 2713 cap.
433 2679 462 2707 5.
484 2678 516 2714 ς.
537 2679 586 2707 17.
625 2680 714 2708 Nunc
733 2679 854 2707 editur:
884 2680 1016 2717 Deinde,
1048 2682 1082 2709 ut
1101 2682 1228 2716 quisque
1246 2682 1293 2710 est
1310 2682 1434 2710 intimus
1452 2689 1489 2710 ac
1508 2682 1641 2710 mamime

205 2715 409 2750 domesticus,
437 2718 471 2744 ut
489 2718 517 2744 z's
536 2718 616 2745 amet
634 2718 664 2744 et
682 2724 771 2751 quam
790 2717 1006 2750 amplissimum
1034 2726 1100 2747 esse
1118 2722 1149 2748 te
1167 2721 1289 2757 cupiat,
1316 2720 1405 2748 valde
1423 2720 1641 2748 elaborandum

203 2755 270 2781 est:
290 2755 353 2781 tum
372 2755 406 2782 ut
424 2754 552 2782 tribules
572 2775 579 2783 .
592 2775 617 2783 ..
637 2755 793 2788 postremo
812 2755 904 2782 etium
922 2757 1005 2783 servi
1023 2757 1078 2785 tui.

278 2799 344 2835 *³20
364 2802 534 2830 Ernestius
561 2803 595 2831 et
616 2801 755 2830 ofellius
781 2809 852 2830 cum
871 2804 997 2831 mureto
1024 2804 1160 2840 faciunt,
1192 2803 1254 2832 nisi
1283 2804 1364 2839 quod
1392 2805 1524 2838 uterque
1543 2803 1638 2838 legit:

201 2837 341 2872 Denique
369 2839 546 2867 instituendi
572 2841 644 2867 suut
668 2841 726 2869 cet.
748 2840 861 2868 deinde
879 2841 921 2867 ad
939 2841 987 2868 ius
1007 2844 1218 2876 obtinendum,
1246 2841 1279 2870 in
1298 2843 1357 2871 fine
1377 2843 1418 2869 ad
1436 2842 1640 2876 conficiendas

199 2876 368 2913 centurias,
389 2877 525 2906 nonanes
543 2877 707 2906 excellenti
723 2879 836 2913 qratia.
877 2878 935 2913 Qui
953 2879 1009 2907 abs
1027 2881 1057 2909 te
1075 2881 1187 2908 tribum
1205 2880 1260 2909 aut
1278 2880 1447 2909 centia-iam
1464 2881 1524 2909 cet.
