1778 3096
543 132 644 171 LIB.
679 131 791 170 XlX.
852 131 972 171 CAP.
1005 131 1115 172 XIX.
1466 131 1545 175 471

593 241 624 280 C
655 241 692 279 A
723 241 754 279 P
783 240 820 280 U
849 241 883 280 T
940 241 1064 280 XIX.

215 319 340 360 Adire
368 331 516 357 manum
544 320 674 358 alicui.
735 320 890 357 Plautus
917 318 1010 357 locis
1037 321 1183 371 aliquot
1208 319 1431 370 eoeplebatus.

108 398 180 456 U'r
218 419 291 456 alia
328 418 510 468 permulta
539 417 736 469 proverbia
773 417 869 455 male
900 417 1166 468 interpretatus
1202 425 1283 456 erat
1318 418 1350 456 is
1366 416 1440 470 ἦῆ),
1481 419 1543 468 qui

105 481 159 511 tot
185 487 310 510 eorum
343 474 455 511 millia
486 479 750 524 congesserat,
792 474 843 510 ita
874 472 943 510 hoc
972 486 1139 523 quoque,
1180 487 1252 525 quo
1284 486 1396 524 saepe
1428 474 1543 511 utitur

105 528 275 575 Plautus,
298 542 378 566 cum
410 531 550 567 adilam
579 541 725 566 manum
747 527 836 565 dicit
864 528 914 573 ei,
944 529 1020 578 qui,
1049 541 1130 565 cum
1161 529 1231 565 iam
1263 529 1331 566 sibi
1356 529 1541 580 quippiam

103 591 323 634 accepturus
355 584 562 629 videretur,
596 590 724 634 postea
755 584 892 619 frustra
922 582 1069 619 habitus
1100 597 1143 621 ac
1172 583 1322 620 delusus
1350 591 1421 622 est.
1480 584 1542 621 ld-

102 652 172 689 que
204 652 248 676 eo
280 640 482 677 mirabilius
511 646 591 684 est,
637 638 733 688 quod
764 637 963 687 diligenter
1003 637 1070 675 sub
1101 651 1174 675 uno
1212 638 1389 689 adspectu
1420 639 1543 689 posuit

102 707 190 739 cos,
225 701 263 731 ut
294 696 446 744 opinor,
485 706 614 731 omnes
644 694 773 739 locos,
809 694 846 729 in
877 693 1009 742 quibus
1041 705 1086 729 eo
1115 694 1313 743 proverbio
1344 707 1431 731 usus
1461 702 1542 732 erat

99 748 275 786 Plautus:
308 763 400 800 quae
426 749 484 787 vel
508 762 578 786 una
604 761 663 785 res
686 749 804 799 potuit
821 760 903 785 eum
924 747 970 785 ad
992 761 1116 785 veram
1141 749 1238 786 illius
1262 750 1540 801 intelligentiam

102 818 209 842 man-u
238 805 389 842 ducere.
449 803 526 842 Sed
564 804 635 840 hoc
663 803 865 840 condonari
898 803 1060 840 fortasse
1099 803 1209 841 facile
1240 811 1363 854 potest
1402 806 1539 843 homini

99 867 228 897 cetera
260 860 504 911 polyhistori,
548 866 586 896 et
614 860 730 909 magis
769 858 954 895 interdum
984 858 1188 904 laboranti,
1230 866 1268 896 ut
1299 860 1409 897 multa
1447 861 1540 897 scri—

99 915 230 959 beret,
272 928 377 964 quam
418 921 458 951 ut
495 920 670 952 accurate
709 914 909 952 scriberet.
969 913 1005 951 Is
1042 914 1157 963 igitur
1193 927 1238 951 eo
1279 914 1378 952 inter
1415 923 1541 953 cetera

99 970 224 1020 lapsus
265 977 344 1015 est,
388 968 484 1019 quod
524 970 662 1020 putavit
703 968 899 1019 legendum
940 981 1026 1006 esse
1066 970 1209 1006 addere
1251 983 1423 1016 777717777777,
1467 984 1539 1008 nou

99 1027 209 1062 adire
245 1038 406 1062 777777777771.
468 1024 561 1061 Cum
598 1025 657 1062 vel
694 1038 789 1062 unus
817 1024 943 1069 locus,
985 1037 1091 1074 quem
1132 1025 1212 1075 ipse
1252 1038 1396 1076 quoque
1433 1028 1538 1073 citat,

99 1093 145 1119 ex
174 1079 342 1118 Poenulo
358 1078 458 1132 ᾗῇ),
491 1080 600 1117 facile
631 1093 713 1118 eum
743 1078 946 1117 admonere
977 1081 1140 1131 potuerit
1168 1081 1310 1118 erroris
1337 1082 1419 1119 sui:

264 1159 343 1207 Quo
366 1164 482 1208 pacto
504 1158 665 1208 pulchre
693 1170 833 1195 avarae
864 1158 1009 1196 Venere·
1033 1157 1117 1195 adii
1140 1169 1303 1195 manum.

96 1233 256 1272 Fallitur
283 1235 393 1271 etiam
424 1235 459 1271 in
492 1247 560 1280 eo,
591 1233 687 1285 quod
719 1241 822 1285 putat
852 1234 1086 1284 proverbium
1116 1232 1262 1271 ductum
1294 1235 1340 1273 ab
1369 1236 1438 1281 iis,
1478 1238 1539 1287 qui

97 1290 133 1326 in
173 1290 255 1326 aliis
291 1288 492 1326 irridendis
533 1302 642 1326 manu
682 1290 728 1326 ad
768 1302 894 1327 aurem
933 1288 1079 1326 admota
1120 1290 1312 1327 imitantur
1352 1292 1538 1329 auriculas

96 1345 206 1382 asini.
267 1343 360 1381 Cum
394 1344 491 1382 enim
523 1351 690 1390 constet,
733 1344 808 1382 diei
840 1344 979 1382 debere
1018 1346 1126 1381 adire
1154 1357 1326 1391 777777777777,
1369 1360 1440 1384 non
1472 1349 1540 1384 ad-

96 1401 211 1438 dere:
251 1412 360 1437 nemo
404 1413 474 1437 non
513 1399 635 1445 videt,
679 1413 783 1445 eam,
835 1413 940 1450 quam
978 1399 1043 1436 ille
1079 1406 1182 1436 ratus
1224 1407 1304 1445 est,
1350 1403 1536 1451 proverbii

95 1455 278 1504 originem
318 1467 402 1492 esse
441 1468 512 1491 non
552 1467 680 1505 posse.
740 1454 818 1492 Sed
860 1456 970 1505 longe
1001 1455 1167 1492 (leterius
1200 1468 1315 1493 novus
1345 1457 1539 1495 Plautinus

94 1510 282 1561 interpres
297 1508 430 1561 ἢῆ),
464 1510 525 1559 qui
554 1523 600 1547 ne
631 1509 722 1547 vidit
749 1509 913 1561 quidem,
945 1509 1032 1560 quid
1064 1510 1261 1559 proverbio
1293 1511 1536 1552 indicaretur.

95 1564 190 1603 Cum
221 1565 319 1604 enim
350 1565 517 1603 venisset
543 1564 591 1602 ad
620 1565 720 1602 illum
751 1577 898 1602 versum
932 1578 980 1603 ex
1006 1564 1202 1603 Aulularia
1220 1564 1290 1618 †),

259 1633 321 1669 lca
348 1632 423 1669 illis
449 1632 607 1681 impetres
634 1631 805 1670 omnibns
833 1633 918 1669 adii
941 1644 1088 1669 manum
1101 1647 1113 1669 .-

96 1707 155 1745 his
184 1707 311 1745 verbis
351 1720 434 1746 eum
473 1708 743 1758 interpretatus
777 1707 956 1761 est††):
1003 1710 1066 1746 Ita
1109 1722 1190 1746 cum
1231 1710 1305 1747 illis
1341 1710 1538 1749 sceleratis

96 1776 325 1813 congressus
359 1776 439 1801 sum
454 1791 466 1807 ‚
509 1769 548 1801 et
579 1766 635 1801 ica
675 1764 723 1802 ab
759 1765 835 1802 illis
872 1765 1031 1801 discessi
1066 1765 1230 1810 scilicet,
1269 1765 1330 1801 vel
1360 1766 1414 1803 ita
1452 1767 1537 1804 illos

95 1831 261 1868 77777777r0s
291 1819 469 1856 tractam.
532 1819 632 1868 Qazd
658 1821 711 1857 szt
738 1820 846 1856 ad7'7e
874 1832 1022 1857 777777777777
1054 1820 1184 1865 all'cuz,
1215 1833 1264 1857 esc
1297 1820 1383 1857 aleis
1412 1834 1537 1858 emem-

90 1875 168 1925 77l7's
197 1887 423 1924 cognoscere
453 1874 590 1911 lecebesst
639 1876 705 1912 Szc
729 1876 849 1923 ἰὸν-ΖΠΗ
876 1875 971 1912 edem
997 1876 1152 1912 Plautus
1177 1875 1213 1912 7'77
1240 1876 1378 1913 Casina
1394 1874 1458 1927 ††
1460 1875 1534 1928 †.·)

99 1929 198 1979 Qazd
224 1929 351 1967 7777770?
389 1930 503 1966 satz'n’
533 1930 651 1979 lepzde
691 1927 810 1967 adi'la
813 1936 849 1968 st
879 1930 982 1967 vobes
1022 1942 1155 1967 manus
1182 1930 1344 1967 werno?
1381 1931 1421 1968 τά
1462 1938 1534 1977 cst,

98 1984 198 2034 de
223 1983 355 2021 nunc?
383 1985 525 2021 satisne
555 1985 673 2035 [elude
704 1986 868 2023 lraclati
892 1997 916 2022 a
946 1983 1054 2022 nobis
1081 1984 1200 2022 estis?
1248 1985 1351 2022 Idem
1379 1986 1416 2023 7'77
1446 1989 1538 2025 Poe-

92 2040 204 2077 7777l0:
235 2040 292 2077 Eo
316 2045 430 2089 pacto
460 2052 600 2076 avarae
628 2041 772 2078 Venere·
791 2041 951 2091 pulchre
979 2040 1063 2077 adit
1084 2052 1257 2077 771717777777:
1296 2041 1337 2078 id
1364 2047 1441 2087 est,
1480 2043 1536 2080 Eo

89 2101 205 2146 pacto
245 2106 399 2131 avaram
434 2096 613 2132 V²c72e7e777
647 2096 808 2146 pale-lue
844 2096 1022 2133 tractam.
1088 2091 1200 2133 Οὕτω
1235 2097 1282 2149 τῇ
1315 2093 1536 2150 φιλαογύρῳ

94 2148 301 2218 ,Αφροδίτῃ
329 2152 454 2196 καλῶς
478 2146 659 2200 ωμίλησα.
717 2148 828 2189 Ούτω
850 2153 897 2206 τῇ
927 2146 1149 2203 φιλαργύρῳ
1170 2136 1383 2205 Ἀφροδίτῃ
1411 2155 1538 2199 καλῶς

93 2201 319 2257 ἐχρησάμην.
376 2206 476 2243 Idem
505 2206 544 2243 in
575 2207 688 2244 Pe7sa
707 2204 778 2257 ³¹³⁶).·
817 2207 869 2244 U7
897 2219 954 2243 me
982 2207 1020 2243 7'77
1051 2207 1169 2243 tricas
1197 2207 1417 2244 coniecisti?
1445 2221 1535 2257 quo-

91 2261 200 2298 modo
227 2261 273 2297 de
299 2262 415 2298 Persa
445 2273 577 2299 manus
606 2263 701 2299 7777'l77'
721 2263 825 2299 adda
856 2261 941 2299 est?
990 2261 1148 2311 Qazdam
1178 2262 1409 2312 eoez'sczmant,
1428 2263 1536 2300 adire

92 2328 240 2354 manum
281 2328 361 2353 esse
397 2317 611 2366 supplicare
647 2319 750 2367 apud
775 2319 964 2356 Plautum.
1025 2316 1102 2353 Sed
1139 2315 1234 2352 lzaec
1272 2317 1536 2367 τἠίωψνείαίιό

93 2383 166 2409 77077
205 2370 297 2408 bene
329 2372 508 2421 procedit
543 2373 582 2411 in
619 2373 787 2411 omnibus
825 2374 930 2412 locis.
1000 2370 1196 2409 Hactenus
1234 2370 1311 2410 ille.
1378 2372 1420 2410 In
1463 2386 1536 2424 quo

95 2479 410 2548 1574-2tz-JFIngzsslmus,
438 2486 533 2515 quem
558 2479 623 2511 vid.
651 2481 756 2517 Adag.
777 2479 858 2511 Chil.
879 2481 902 2510 1.
929 2479 1020 2511 cont.
1040 2479 1079 2509 V.
1098 2479 1149 2509 50.
1169 2485 1241 2515 pag.
1264 2480 1335 2510 140.
1361 2481 1410 2512 ed.
1436 2482 1536 2513 Basil

183 2565 236 2601 :--::<-)
256 2567 293 2594 11.
316 2566 366 2595 11.
406 2565 578 2596 scribitur:
598 2567 647 2595 Eo
665 2567 758 2602 paceo
777 2572 894 2596 avarae
916 2565 1029 2596 Veneri
1046 2566 1175 2600 pulchre
1192 2566 1257 2595 adiz'
1274 2573 1405 2598 manum

166 2613 261 2649 stt-*³:20
281 2613 464 2643 Lambinus.

167 2660 215 2700 k)
234 2663 273 2691 11.
293 2662 330 2699 8,
352 2663 383 2690 8.

169 2708 242 2747 ††]
270 2712 320 2738 Ex
340 2708 493 2738 Lambino
518 2708 551 2738 in
578 2708 629 2738 his
656 2709 766 2739 verbis
793 2710 931 2741 correxit
957 2712 1111 2741 nonnulla
1131 2711 1454 2747 Faenius.271pu7os
1480 2720 1537 2749 pro

94 2751 236 2784 impura,
257 2748 347 2776 satin
368 2755 425 2783 pro
444 2748 539 2787 satis,
560 2749 691 2778 uae-tavi
710 2755 767 2786 pro
787 2750 916 2788 tentavi,
940 2750 1031 2779 adila
1034 2751 1062 2779 st
1083 2756 1140 2787 pro
1160 2750 1244 2779 aditu
1263 2752 1318 2780 eat

170 2792 271 2833 ΠΤ)
292 2796 329 2825 V·
349 2795 387 2830 2,
408 2795 460 2827 46

172 2845 404 2885 *)v.2‚1s.

1563 1719 1626 1751 497
