1726 3106
194 170 250 211 82
762 169 891 208 VAR.
924 169 1079 209 LECT.

308 279 364 319 Εἰ
392 278 434 320 δέ
462 293 518 325 τις
547 277 624 318 ἐστὶ
652 279 823 332 βροτῶν,
853 279 892 319 οἳ
921 276 1092 332 ἀρούρης
1118 276 1269 332 καρπὸν
1300 278 1442 320 ἔδουσι.

199 359 408 411 Reperitur
450 363 572 395 autem
612 355 852 395 Simonideus
899 356 997 408 apud
1030 357 1225 396 Platonem
1274 358 1311 394 in
1353 356 1645 409 Protagora*),

202 422 241 454 et
277 413 373 465 apud
403 412 644 451 Plutarchum
682 413 721 450 in
752 412 1031 450 Commentario
1061 412 1107 450 de
1137 412 1405 450 Communibus
1436 412 1649 450 notionibus

203 469 385 509 adversus
428 464 688 519 Stoicos**)2
728 466 795 505 sed
830 468 930 505 lacer
968 474 1005 505 et
1043 468 1205 506 mutilus.
1269 468 1420 505 Utinam
1460 474 1652 505 exstarent

204 532 373 564 veterum
402 524 548 560 illorum
578 523 778 574 lyricorum
810 526 994 574 poemata.
1054 522 1138 560 Non
1170 523 1313 570 dubito,
1345 524 1430 573 quin
1454 536 1652 574 propemo-

205 579 291 618 dum
320 580 445 617 0mnia
473 585 715 626 ornamenta,
756 579 888 630 quibus
918 578 1101 618 Horatius
1132 578 1325 630 splendet,
1361 578 1408 616 ab
1438 579 1495 617 eis
1523 591 1651 617 corro-

206 643 294 687 gata
321 647 408 674 esse
439 640 646 672 constaret.

736 764 1025 804 CAPUT
1080 764 1131 804 X.

308 845 532 883 Sententiae
560 843 710 881 cuidam
741 843 946 881 Ovidianae
979 844 1098 881 allata
1125 843 1257 881 similis
1285 856 1334 881 ew
1361 843 1561 893 Euripide.

212 923 399 982 OvmlUS
430 944 466 980 in
497 942 655 993 epistola
684 940 839 993 quadam
861 954 1004 987 earum,
1037 955 1127 992 quas
1149 942 1301 992 scripsit
1322 943 1407 980 exul
1423 939 1541 994 ἢῆ),
1572 955 1654 980 eum

212 1001 325 1039 multa
355 996 589 1036 incommoda
620 998 863 1048 collegisset,
895 1010 988 1046 quae
1020 997 1056 1033 in
1091 997 1154 1035 tali
1185 998 1334 1036 fortuna
1363 999 1555 1035 obstarent
1585 999 1658 1036 sibi

214 1067 364 1095 carmen
403 1065 567 1105 pangere
608 1054 797 1104 cupienti,
846 1051 933 1089 illud
975 1053 1085 1089 etiam
1128 1053 1256 1103 ponit,
1299 1052 1395 1104 quod
1435 1054 1584 1090 tristitia
1620 1059 1659 1091 et

214 1118 387 1150 moerore
417 1109 611 1147 confectus
642 1116 769 1154 esset,
800 1121 882 1145 cum
914 1109 1080 1145 carmina
1109 1109 1182 1145 sint
1215 1121 1306 1159 opus
1335 1108 1476 1146 hilarae
1507 1109 1657 1154 mentis,

215 1178 446 1216 serenoque,
486 1170 527 1201 ut
565 1165 645 1215 ipse
677 1164 865 1214 loquitur,
902 1165 1028 1201 animo
1067 1165 1227 1201 deducta
1254 1166 1498 1213 proveniant.
1560 1163 1658 1201 Idem

216 1230 337 1260 autem
384 1221 505 1257 multis
539 1228 624 1257 ante
663 1219 825 1257 saeculis
863 1217 1009 1256 dixerat
1046 1226 1083 1256 et
1119 1218 1346 1269 Euripides:
1393 1218 1660 1269 addideratque

217 1279 315 1316 hanc
345 1289 543 1314 caussam:
580 1274 702 1326 quod,
738 1274 801 1325 qui
824 1272 1048 1313 ¹domesticis
1075 1287 1118 1312 ac
1143 1274 1304 1324 propriis
1342 1273 1532 1312 doloribus
1555 1275 1662 1324 angi-

217 1341 304 1378 tur,
348 1332 440 1369 alios
485 1329 676 1368 delectare
716 1343 790 1368 non
822 1330 954 1380 possit.
1024 1328 1101 1367 Sed
1137 1336 1301 1379 praestat
1318 1328 1395 1381 ἦ),
1440 1336 1479 1367 ut
1510 1342 1659 1375 versus,

218 1388 351 1440 quibus
372 1400 417 1426 ea
435 1386 619 1424 sententia
642 1386 871 1432 continetur,
901 1385 1101 1422 ascribam.
1145 1384 1242 1422 Sunt
1263 1392 1385 1422 autem
1403 1381 1663 1438 ἹκετίσιΗ)·

447 1459 523 1502 Τόν
549 1460 598 1502 θ’
630 1458 878 1527 υμνοποιὸν,
893 1458 1007 1508 αὐτὸς
1036 1458 1084 1501 civ
1110 1462 1217 1526 timp
1247 1460 1352 1513 μέλη,

444 1518 640 1570 Χαίοοντα
666 1519 816 1557 τίκτειν.
851 1513 903 1567 ἢν
933 1515 973 1554 δὲ
1002 1532 1052 1567 μη
1080 1514 1206 1584 πάσχῃ
1228 1514 1329 1566 τόδε,

448 1552 567 1612 Οὔτοι
595 1570 745 1613 δύναιτ’
774 1570 822 1611 ἂν
849 1570 1008 1611 οἴκοθέν
1035 1568 1071 1638 γ’
1107 1570 1310 1623 ἀτώμενος,

448 1628 610 1682 Τέρπειν
638 1625 686 1668 ἂν
715 1625 873 1674 ἄλλους·
904 1623 994 1665 οὐδὲ
1021 1623 1093 1679 γὰρ
1121 1628 1233 1679 δίκην
1259 1627 1343 1679 ἔχει.

223 1706 356 1746 Utrum
387 1707 501 1757 igitur
531 1705 688 1744 Ovidius
717 1704 763 1744 ad
795 1705 855 1742 illa
883 1703 1089 1755 Euripidea
1119 1705 1348 1756 iespexerit,
1378 1716 1424 1742 an
1456 1702 1552 1742 idem
1581 1705 1664 1754 ipsi,

223 1762 439 1855 quoddilli,
475 1765 514 1801 in
545 1768 706 1800 mentem
736 1761 908 1808 venerit,
951 1761 1135 1799 incertum
1165 1768 1236 1800 est.
1297 1760 1399 1799 ldem
1429 1767 1534 1799 certe
1565 1767 1667 1799 uter-

223 1830 296 1870 que
352 1824 432 1857 ixit.

738 1926 1022 1966 CAPUT
1077 1925 1160 1964 XI.

229 2005 338 2055 Quod
359 2007 590 2044 Aristoteles
620 2006 658 2043 in
687 2007 854 2056 antiquis
882 2006 1035 2043 dicendi
1060 2005 1253 2054 magistris
1276 2004 1542 2054 reprehendit,
1571 2004 1668 2042 idem

501 2063 690 2099 Isocrates
717 2068 830 2099 antea
858 2062 1146 2111 reprehendisse
1176 2060 1398 2097 ostenditur.

224 2138 331 2197 NoN
367 2160 508 2210 primus
538 2159 767 2197 Aristoteles
804 2160 997 2197 accusavit
1026 2171 1115 2204 eos,
1154 2159 1216 2208 qui
1245 2165 1331 2195 ante
1359 2159 1478 2209 ipsum
1510 2156 1556 2196 de
1585 2164 1667 2195 arte

223 2215 415 2253 rhetorica
442 2216 684 2266 scripserant,
717 2214 828 2266 quod,
862 2228 943 2252 eum
974 2227 1046 2251 una
1075 2212 1280 2264 eademque
1311 2215 1360 2250 sit
1389 2212 1581 2251 methodus
1602 2213 1667 2251 de-

222 2270 409 2308 liberativi
439 2272 592 2320 generis
620 2278 659 2309 et
686 2270 900 2315 iudicialiS,
929 2269 983 2306 illi
1012 2269 1144 2306 relicto
1174 2281 1246 2314 e0,
1275 2269 1311 2305 in
1343 2281 1414 2319 quo
1443 2269 1555 2306 multo
1586 2269 1666 2320 plus

223 2326 349 2364 inerat
379 2325 594 2376 dignitatis,
625 2325 900 2364 tractandarum
928 2323 1036 2362 modo
1061 2337 1274 2362 caussarum
1304 2324 1508 2362 forensium
1540 2337 1580 2362 se
1608 2338 1668 2362 ra-

223 2381 363 2418 tionem
398 2380 548 2419 tradere
584 2382 747 2433 professi
782 2387 911 2418 essent
947 2392 1149 2430 omnesque
1180 2380 1464 2431 praeceptiones
1499 2393 1585 2417 suas
1620 2378 1669 2417 ad

223 2435 262 2473 id
298 2449 410 2474 unum
448 2449 566 2487 genus
604 2437 863 2474 contulissent.
924 2434 999 2473 Sed
1037 2442 1074 2472 et
1110 2435 1298 2472 Isocrates
1337 2441 1447 2472 antea
1478 2434 1574 2472 idem
1606 2448 1667 2473 re-

221 2491 475 2543 prehenderat
510 2493 769 2544 insignemque
798 2504 927 2530 eorum
956 2489 1074 2528 fuisse
1106 2491 1295 2528 stultitiam
1324 2488 1564 2538 ostenderat,
1604 2491 1667 2542 qui

299 2651 343 2687 ξ)
364 2657 437 2687 pag.
456 2650 529 2680 316.
550 2651 585 2681 C.
600 2653 647 2681 St.
669 2652 746 2687 Leg.
767 2642 960 2691 εὐρυεδοῦς
979 2656 1048 2677 cum
1069 2650 1220 2678 Bekkero
1240 2652 1337 2685 atque
1357 2649 1607 2680 Schneidewino.

299 2705 461 2740 **)‹pag,
484 2706 573 2735 1061.
595 2707 632 2735 Β.
672 2707 720 2735 lbi
740 2715 796 2743 pro
818 2696 1004 2744 αἰνύμεθα
1024 2705 1109 2734 male
1128 2705 1193 2740 tegi
1214 2695 1376 2744 ἐδόμεθα
1396 2709 1502 2736 monet
1519 2705 1665 2736 Faesius.

295 2752 333 2780 *ἦ
334 2753 504 2789 ÷2=²'³)'lrist.
526 2758 550 2785 I.
571 2756 607 2792 1,
629 2755 680 2785 39.

293 2801 340 2839 ἦ)
369 2803 516 2837 Rectius,
554 2806 643 2833 certe
669 2802 820 2832 usitatius
851 2804 902 2832 est
926 2802 1068 2837 praestat
1095 2808 1166 2831 eum
1191 2802 1356 2833 infinitivo.
1391 2804 1433 2834 D.
1459 2804 1497 2832 R.
1525 2816 1563 2823 —
1601 2803 1667 2832 {mo

219 2838 373 2869 vitiosum
394 2844 461 2877 est,
483 2842 566 2876 quod
586 2841 691 2877 posuit
710 2843 863 2870 Muretus.

293 2891 318 2930 ”i
323 2891 368 2931 †]
388 2895 502 2925 v-1so
521 2902 590 2930 sqq.
629 2896 718 2923 Nunc
737 2893 886 2925 scribitur
906 2885 1013 2928 αὐτὸς
1037 2900 1094 2923 αν
1117 2890 1215 2935 uram
1237 2889 1342 2934 μέλη.
