1726 3106
107 1200 188 1240 ,97

216 143 272 187 92
779 141 909 181 VAR.
943 140 1097 181 LECT.

705 251 737 290 C
767 250 805 289 A
834 251 867 290 P
896 250 934 289 U
963 250 998 289 T
1054 250 1179 289 XIX.

382 333 439 371 De
466 331 545 369 loco
575 329 734 381 quodam
766 343 815 367 ex·
845 331 1026 368 Oratione
1056 330 1092 366 in
1121 331 1288 367 Pisonem
1319 330 1499 368 adversus

736 388 890 425 Petrum
919 386 1140 423 Victoriam.

217 466 378 523 Rsscm
405 482 622 522 emendatus
652 490 710 522 est
729 484 832 523 locus
854 484 1055 523 Ciceronis
1081 495 1128 520 ex
1148 483 1329 521 Oratione
1354 484 1389 521 in
1413 483 1589 522 Pisonem
1601 482 1660 531 9(ὅ),

218 543 280 580 ubi
311 540 356 578 de
388 540 596 578 rationibus
628 553 650 577 a
679 539 818 578 Pisone
860 542 940 591 ipso
977 539 1023 577 ad
1064 540 1245 576 aerarium
1280 540 1406 577 reiatis
1437 541 1581 590 agitur,
1625 547 1663 578 ct

216 597 414 636 Plautinus
446 596 506 633 hic
535 607 555 633 e
585 596 803 633 Trinummo
832 609 965 634 versus
993 594 1188 633 adducitur
1202 593 1293 647 ἢ),

354 669 466 707 Ratio
495 668 642 718 quidem
672 668 798 705 hercle
827 674 1009 718 apparel.-
1051 673 1249 716 argeutum
1278 666 1427 718 οἴχεται.

217 745 314 784 Nam
345 744 440 796 quod
468 743 645 782 Budaeus
661 743 795 795 ***)‚
833 743 1011 794 deceptus
1040 744 1226 795 corruptis
1254 746 1428 795 antiquae
1459 744 1664 795 scripturae

217 802 412 852 vestigiis,
445 800 606 851 putavit,
640 799 835 850 legendum
868 812 977 845 esse,
1009 800 1119 837 Ratio
1149 801 1303 850 quidem,
1323 802 1450 838 hercle
1478 807 1660 850 apparel.-

217 864 420 907 argentum
461 857 654 893 decoctum
697 854 857 905 οἴχεταιε
908 853 946 891 id
981 854 1063 904 ipsa
1104 856 1278 893 carminis
1326 857 1421 893 ratio
1465 856 1662 893 manifesto

218 911 405 963 repudiat.
467 911 565 948 Tota
595 910 693 947 enim
732 911 794 948 illa
825 922 912 960 pars
944 908 1037 959 apud
1069 908 1240 947 Plautum
1278 911 1458 948 trimetris
1496 910 1664 947 iambicis

217 974 379 1013 constat,
414 966 532 1017 qualis
564 964 623 1002 hic
655 977 799 1015 quoque
831 971 910 1002 est:
943 965 1003 1016 qui
1037 964 1145 1015 piane
1170 974 1444 1016 corrumpetur,
1476 966 1506 1002 si
1535 978 1664 1002 vocem

216 1023 315 1060 illam
347 1021 559 1060 inferscris,
621 1020 751 1068 Quare
785 1034 855 1057 non
887 1020 935 1056 illi
964 1027 1177 1070 peccarunt,
1211 1022 1270 1072 qni
1301 1034 1380 1058 eam
1413 1020 1663 1058 sustulerunt:

217 1077 284 1116 sed
320 1079 346 1115 ii
384 1083 563 1128 peccant,
611 1076 672 1126 qui
712 1088 891 1127 peccasse
931 1076 1014 1113 ilios
1052 1083 1194 1126 putant.
1254 1076 1351 1114 Nam
1394 1075 1488 1128 quod
1528 1075 1664 1113 Petrus

216 1133 413 1173 Victorius
429 1131 478 1185 †)
519 1132 569 1183 (is
601 1131 699 1169 enim
732 1144 772 1169 se
803 1138 1002 1181 corruptae
1041 1132 1140 1169 illius
1180 1133 1388 1183 scripturae
1430 1131 1664 1169 defensorem

216 1190 409 1241 professus
440 1186 518 1239 est)
556 1200 623 1238 pro
660 1187 764 1224 firmo
801 1200 845 1224 ac
887 1185 1007 1223 solido
1048 1195 1267 1237 argumento
1307 1188 1451 1233 attulit,
1497 1186 1666 1224 Graecos

214 1252 365 1283 veteres
389 1255 540 1293 semper
566 1241 770 1292 adiungere
800 1255 845 1280 eo
875 1241 985 1279 modo
1004 1243 1237 1293 participium
1259 1242 1406 1293 aliquod
1437 1241 1481 1280 a.l
1515 1242 1666 1279 verbum

215 1300 376 1351 οἷ’χεταιε
410 1300 524 1336 miror
552 1297 749 1349 equidem,
783 1297 921 1335 homini
953 1305 1125 1335 accurate
1156 1305 1193 1335 et
1221 1297 1424 1348 diiigenter
1451 1304 1600 1335 versato
1629 1298 1666 1334 in

218 1356 377 1393 Graecis
411 1354 545 1391 litteris
589 1366 814 1404 earumque,
856 1360 896 1390 ut
925 1365 987 1390 res
1028 1354 1108 1403 ipsa
1147 1353 1334 1404 loquitur,
1378 1355 1413 1391 in
1452 1353 1580 1404 primis
1612 1353 1668 1389 in-

216 1411 402 1462 telligenti
436 1410 628 1460 quicquain
662 1409 712 1446 ita
753 1409 950 1460 perspicue
982 1408 1112 1445 falsum
1150 1409 1354 1447 excidisse.
1415 1409 1550 1459 Neque
1578 1421 1667 1445 vero

217 1479 341 1517 nego,
372 1464 407 1503 id
436 1478 501 1502 eos
532 1463 717 1502 interdum
744 1478 787 1502 ac
814 1477 926 1514 saepe
958 1465 1109 1501 facere:
1144 1464 1210 1501 sed
1241 1464 1424 1501 interdum
1455 1466 1593 1509 etiam,
1624 1477 1667 1501 ac

216 1535 290 1559 non
331 1522 452 1559 minus
497 1533 610 1570 saepe
648 1520 756 1557 aliter
794 1532 839 1557 eo
878 1519 995 1557 verbo
1033 1519 1110 1564 uti,
1162 1521 1349 1557 sexcentis
1388 1520 1592 1569 exemplis,
1636 1520 1668 1556 si

218 1590 310 1628 opus
342 1577 412 1622 sit,
448 1588 505 1613 me
535 1574 672 1612 docere
705 1581 868 1626 paratum
900 1587 984 1612 esse
1015 1574 1210 1624 profiteor.
1267 1574 1423 1626 Aliquot
1454 1575 1665 1627 proferam:

217 1645 264 1670 ne
295 1632 460 1671 Victorii
493 1631 697 1669 auctoritas
728 1630 937 1681 quempiam
964 1629 1132 1668 inducat.

218 1710 409 1748 Homerus
425 1707 508 1761 ἦῆ)
524 1722 533 1746 :

382 1772 450 1822 Ὡς
478 1772 547 1826 μὲν
580 1770 783 1828 Τηλεμάχῳ
813 1769 836 1813 ὁ
865 1770 933 1824 μὲν
962 1771 1123 1824 οἴχεται·
1154 1769 1246 1812 οὐδὲ
1275 1771 1314 1811 οἵ
1341 1769 1446 1813 ἄλλοι

385 1827 492 1880 Εἶσ’,
523 1829 565 1870 οἵ
589 1845 655 1870 κεν
683 1845 779 1870 κατα
808 1829 932 1881 δῆμον
961 1825 1159 1868 ἀλάλκοιεν
1188 1825 1389 1879 κακότητα.

217 1908 433 1962 Aeschylus
451 1907 589 1961 †††):

389 1971 539 2014 Tolovd'
572 1970 699 2019 ἄνθος
725 1972 918 2027 Περσίδος
945 1971 1033 2020 αἴας

388 2030 540 2081 Οἴχεται
570 2026 733 2082 ἀνδρῶν.

219 2107 429 2160 Sophocles
445 2106 493 2158 ἦ)
511 2122 520 2144 :

378 2170 479 2222 Ἰοὺ,
509 2169 570 2212 ἰοὺ
583 2172 598 2209 !
638 2168 826 2223 δύστηνος
855 2170 1005 2222 οἴχομαι
1029 2167 1152 2218 τάλας.

218 2251 414 2303 Theognis
431 2249 509 2303 9ΗΕ)
527 2267 536 2289 :

372 2314 527 2369 ’Ώιχετο
556 2314 624 2368 μὲν
651 2315 793 2364 πίστις,
821 2312 961 2370 μεγάλη
989 2312 1096 2363 θεός.

296 2438 340 2473 ἐξ)
361 2445 431 2472 can.
452 2439 501 2466 25.
526 2439 557 2473 S.
577 2438 629 2468 61.

296 2487 365 2522 *etz-J
387 2488 423 2515 ΙΙ.
445 2486 474 2521 4,
500 2487 548 2515 17.
587 2488 637 2515 De
658 2486 755 2515 verbo
775 2486 929 2514 adducere
949 2491 1047 2519 snpra
1069 2484 1182 2513 dietum
1203 2484 1242 2512 aot
1262 2484 1316 2512 lita.
1338 2485 1389 2511 111.
1411 2490 1480 2518 cap.
1500 2484 1530 2513 6.

296 2537 390 2570 {ak-*ff
412 2535 443 2563 in
463 2535 585 2564 Annot.
606 2535 636 2562 in
657 2535 837 2564 pandectas
858 2533 906 2562 ed.
928 2534 1018 2562 1521.
1039 2532 1091 2561 fol.
1113 2534 1220 2561 LXIX.
1243 2540 1271 2561 a.
1293 2534 1324 2562 et
1348 2532 1454 2561 cxix.
1477 2533 1505 2560 b.

297 2584 344 2623 ἦ)
364 2586 440 2614 Var.
461 2585 559 2612 Lectt.
582 2584 693 2611 xxiv.
713 2583 743 2610 5.

298 2633 372 2673 ††)
395 2633 508 2666 Odyss.
529 2633 583 2660 IV.
607 2632 675 2660 166.
699 2630 750 2659 ubi
772 2637 853 2658 nunc
873 2629 1023 2664 scriptum
1045 2628 1197 2660 legimus:

443 2669 501 2707 Ὡς
525 2671 592 2704 νῦν
620 2667 840 2713 Τηλεμάχῳ·
865 2666 884 2702 ὁ
909 2669 981 2712 μὲν
1005 2670 1159 2711 οἴχεται,
1185 2664 1275 2701 οὐδέ
1297 2666 1331 2701 οἱ
1356 2662 1458 2701 ἄλλοι

445 2713 539 2757 Εἴσ’,
564 2716 601 2749 οἵ
621 2726 684 2749 κεν
709 2724 769 2751 cet.
1319 2727 1327 2733 ·

300 2770 400 2810 †††]
420 2773 510 2801 Pers.
530 2779 562 2801 v,
582 2771 624 2801 59
643 2778 690 2807 sq.

300 2821 344 2855 *J
366 2820 512 2849 Trachin.
531 2827 562 2849 v.
585 2820 677 2849 1143.

300 2869 369 2905 *ἢ
390 2875 423 2899 v.
444 2868 535 2898 1137.
555 2872 593 2891 =
611 2869 662 2898 37.
682 2867 810 2897 w⁷elck.
831 2872 862 2897 v.
886 2865 975 2896 1093.
997 2865 1135 2894 Brunck.
