<?xml version="1.0" encoding="UTF-8"?>
<!DOCTYPE html PUBLIC "-//W3C//DTD XHTML 1.0 Transitional//EN"
    "http://www.w3.org/TR/xhtml1/DTD/xhtml1-transitional.dtd">
<html xmlns="http://www.w3.org/1999/xhtml" xml:lang="en" lang="en">
 <head>
  <title>
</title>
<meta http-equiv="Content-Type" content="text/html;charset=utf-8" />
  <meta name='ocr-system' content='tesseract 3.04.00' />
  <meta name='ocr-capabilities' content='ocr_page ocr_carea ocr_par ocr_line ocrx_word'/>
</head>
<body>
  <div class='ocr_page' id='page_1' title='image "./operaomniaexmssa03mureuoft/operaomniaexmssa03mureuoft_0331.png"; bbox 0 0 1726 3106; ppageno 0'>
   <div class='ocr_carea' id='block_1_1' title="bbox 526 127 1484 179">
    <p class='ocr_par' dir='ltr' id='par_1_1' title="bbox 526 127 1484 179">
     <span class='ocr_line' id='line_1_1' title="bbox 526 127 1484 179; baseline 0.002 -4"><span class='ocrx_word' id='word_1_1' title='bbox 526 137 630 179; x_wconf 80' lang='lat' dir='ltr'><strong>Lm.</strong></span> <span class='ocrx_word' id='word_1_2' title='bbox 659 136 730 176; x_wconf 80' lang='lat' dir='ltr'><strong>xl.</strong></span> <span class='ocrx_word' id='word_1_3' title='bbox 791 135 908 176; x_wconf 84' lang='lat' dir='ltr'><strong>CAP.</strong></span> <span class='ocrx_word' id='word_1_4' title='bbox 940 137 994 177; x_wconf 85' lang='lat' dir='ltr'><strong>x.</strong></span> <span class='ocrx_word' id='word_1_5' title='bbox 1078 147 1081 150; x_wconf 96' lang='lat'>·</span> <span class='ocrx_word' id='word_1_6' title='bbox 1318 127 1327 138; x_wconf 83' lang='lat'>&#39;</span> <span class='ocrx_word' id='word_1_7' title='bbox 1402 135 1484 177; x_wconf 79' lang='lat'><strong>249</strong></span> 
     </span>
    </p>
   </div>
   <div class='ocr_carea' id='block_1_2' title="bbox 49 244 1484 355">
    <p class='ocr_par' dir='ltr' id='par_1_2' title="bbox 49 244 1484 355">
     <span class='ocr_line' id='line_1_2' title="bbox 49 244 1484 298; baseline -0.001 -13"><span class='ocrx_word' id='word_1_8' title='bbox 49 247 135 295; x_wconf 81' lang='lat' dir='ltr'><strong>Quo</strong></span> <span class='ocrx_word' id='word_1_9' title='bbox 163 249 226 294; x_wconf 81' lang='lat' dir='ltr'><strong>fit,</strong></span> <span class='ocrx_word' id='word_1_10' title='bbox 266 253 306 285; x_wconf 85' lang='lat' dir='ltr'><strong>ut</strong></span> <span class='ocrx_word' id='word_1_11' title='bbox 335 248 374 285; x_wconf 86' lang='lat' dir='ltr'><strong>in</strong></span> <span class='ocrx_word' id='word_1_12' title='bbox 399 245 570 286; x_wconf 85' lang='lat' dir='ltr'><strong>versibus</strong></span> <span class='ocrx_word' id='word_1_13' title='bbox 598 247 734 285; x_wconf 85' lang='lat' dir='ltr'><strong>vetusti</strong></span> <span class='ocrx_word' id='word_1_14' title='bbox 771 248 926 298; x_wconf 69' lang='lat' dir='ltr'><strong>poetae,</strong></span> <span class='ocrx_word' id='word_1_15' title='bbox 967 245 1029 297; x_wconf 87' lang='lat' dir='ltr'><strong>qui</strong></span> <span class='ocrx_word' id='word_1_16' title='bbox 1058 246 1219 284; x_wconf 70' lang='lat' dir='ltr'><strong>citantur</strong></span> <span class='ocrx_word' id='word_1_17' title='bbox 1246 244 1342 283; x_wconf 89' lang='lat' dir='ltr'><strong>libro</strong></span> <span class='ocrx_word' id='word_1_18' title='bbox 1372 245 1484 284; x_wconf 84' lang='lat' dir='ltr'><strong>tertio</strong></span> 
     </span>
     <span class='ocr_line' id='line_1_3' title="bbox 50 300 370 355; baseline -0.003 -14"><span class='ocrx_word' id='word_1_19' title='bbox 50 302 96 341; x_wconf 94' lang='lat' dir='ltr'><strong>de</strong></span> <span class='ocrx_word' id='word_1_20' title='bbox 128 304 289 341; x_wconf 78' lang='lat' dir='ltr'>Oratore</span> <span class='ocrx_word' id='word_1_21' title='bbox 304 300 370 355; x_wconf 37' lang='grc' dir='ltr'><strong>ᾗ),</strong></span> 
     </span>
    </p>
   </div>
   <div class='ocr_carea' id='block_1_3' title="bbox 216 377 1096 483">
    <p class='ocr_par' dir='ltr' id='par_1_3' title="bbox 216 377 1096 483">
     <span class='ocr_line' id='line_1_4' title="bbox 544 377 1088 424; baseline 0.002 -9"><span class='ocrx_word' id='word_1_22' title='bbox 544 379 656 424; x_wconf 77' lang='lat' dir='ltr'><strong>Vive,</strong></span> <span class='ocrx_word' id='word_1_23' title='bbox 693 378 840 422; x_wconf 68' lang='grc' dir='ltr'><strong>Πίιῖτεε,</strong></span> <span class='ocrx_word' id='word_1_24' title='bbox 872 377 958 415; x_wconf 77' lang='lat' dir='ltr'><strong>dum</strong></span> <span class='ocrx_word' id='word_1_25' title='bbox 987 379 1088 418; x_wconf 66' lang='lat' dir='ltr'><strong>lieet.</strong></span> 
     </span>
     <span class='ocr_line' id='line_1_5' title="bbox 216 433 1096 483; baseline -0.003 -11"><span class='ocrx_word' id='word_1_26' title='bbox 216 433 342 472; x_wconf 69' lang='lat' dir='ltr'><em>Oculis·</em></span> <span class='ocrx_word' id='word_1_27' title='bbox 365 438 592 483; x_wconf 72' lang='lat' dir='ltr'><strong>postremum</strong></span> <span class='ocrx_word' id='word_1_28' title='bbox 625 435 742 471; x_wconf 74' lang='lat' dir='ltr'><strong>lumen</strong></span> <span class='ocrx_word' id='word_1_29' title='bbox 771 433 961 470; x_wconf 70' lang='lat' dir='ltr'><strong>radiatam</strong></span> <span class='ocrx_word' id='word_1_30' title='bbox 991 446 1096 483; x_wconf 78' lang='lat' dir='ltr'><strong>rape.</strong></span> 
     </span>
    </p>
   </div>
   <div class='ocr_carea' id='block_1_4' title="bbox 49 507 1484 615">
    <p class='ocr_par' dir='ltr' id='par_1_4' title="bbox 49 507 1484 615">
     <span class='ocr_line' id='line_1_6' title="bbox 49 507 1484 560; baseline -0.001 -13"><span class='ocrx_word' id='word_1_31' title='bbox 49 523 123 547; x_wconf 89' lang='lat' dir='ltr'><strong>nou</strong></span> <span class='ocrx_word' id='word_1_32' title='bbox 149 508 333 556; x_wconf 84' lang='lat' dir='ltr'><strong>dubitem,</strong></span> <span class='ocrx_word' id='word_1_33' title='bbox 365 509 450 560; x_wconf 89' lang='lat' dir='ltr'><strong>quin</strong></span> <span class='ocrx_word' id='word_1_34' title='bbox 479 510 608 548; x_wconf 87' lang='lat' dir='ltr'><strong>melius</strong></span> <span class='ocrx_word' id='word_1_35' title='bbox 640 510 788 547; x_wconf 89' lang='lat' dir='ltr'><strong>omnino</strong></span> <span class='ocrx_word' id='word_1_36' title='bbox 817 509 890 555; x_wconf 86' lang='lat' dir='ltr'><strong>sit,</strong></span> <span class='ocrx_word' id='word_1_37' title='bbox 922 507 1019 559; x_wconf 90' lang='lat' dir='ltr'><strong>quod</strong></span> <span class='ocrx_word' id='word_1_38' title='bbox 1049 509 1087 547; x_wconf 90' lang='lat' dir='ltr'><strong>in</strong></span> <span class='ocrx_word' id='word_1_39' title='bbox 1119 517 1248 549; x_wconf 83' lang='lat' dir='ltr'><strong>vetere</strong></span> <span class='ocrx_word' id='word_1_40' title='bbox 1278 509 1372 547; x_wconf 91' lang='lat' dir='ltr'><strong>libro</strong></span> <span class='ocrx_word' id='word_1_41' title='bbox 1402 521 1484 547; x_wconf 89' lang='lat' dir='ltr'><strong>meo</strong></span> 
     </span>
     <span class='ocr_line' id='line_1_7' title="bbox 49 564 202 615; baseline 0.007 -14"><span class='ocrx_word' id='word_1_42' title='bbox 49 564 202 615; x_wconf 82' lang='lat' dir='ltr'><strong>legitur,</strong></span> 
     </span>
    </p>
   </div>
   <div class='ocr_carea' id='block_1_5' title="bbox 217 640 1098 693">
    <p class='ocr_par' dir='ltr' id='par_1_5' title="bbox 217 640 1098 693">
     <span class='ocr_line' id='line_1_8' title="bbox 217 640 1098 693; baseline -0.002 -13"><span class='ocrx_word' id='word_1_43' title='bbox 217 641 342 680; x_wconf 65' lang='lat' dir='ltr'><strong>Oculis</strong></span> <span class='ocrx_word' id='word_1_44' title='bbox 363 647 591 693; x_wconf 74' lang='lat' dir='ltr'><strong>postremum</strong></span> <span class='ocrx_word' id='word_1_45' title='bbox 622 642 742 680; x_wconf 74' lang='lat' dir='ltr'><strong>lamen</strong></span> <span class='ocrx_word' id='word_1_46' title='bbox 773 640 963 679; x_wconf 70' lang='lat' dir='ltr'><strong>radiantis</strong></span> <span class='ocrx_word' id='word_1_47' title='bbox 991 653 1098 692; x_wconf 78' lang='lat' dir='ltr'><strong>rape.</strong></span> 
     </span>
    </p>
   </div>
   <div class='ocr_carea' id='block_1_6' title="bbox 570 785 966 824">
    <p class='ocr_par' dir='ltr' id='par_1_6' title="bbox 570 785 966 824">
     <span class='ocr_line' id='line_1_9' title="bbox 570 785 966 824; baseline 0 0"><span class='ocrx_word' id='word_1_48' title='bbox 570 785 858 824; x_wconf 84' lang='lat' dir='ltr'><strong>CAPUT</strong></span> <span class='ocrx_word' id='word_1_49' title='bbox 913 785 966 824; x_wconf 86' lang='lat' dir='ltr'><strong>X.</strong></span> 
     </span>
    </p>
   </div>
   <div class='ocr_carea' id='block_1_7' title="bbox 56 861 1484 913">
    <p class='ocr_par' dir='ltr' id='par_1_7' title="bbox 56 861 1484 913">
     <span class='ocr_line' id='line_1_10' title="bbox 56 861 1484 913; baseline 0.003 -15"><span class='ocrx_word' id='word_1_50' title='bbox 56 861 133 898; x_wconf 83' lang='lat' dir='ltr'><strong>Cm·</strong></span> <span class='ocrx_word' id='word_1_51' title='bbox 158 862 252 900; x_wconf 72' lang='lat' dir='ltr'><strong>Iano</strong></span> <span class='ocrx_word' id='word_1_52' title='bbox 278 864 380 913; x_wconf 75' lang='lat' dir='ltr'><strong>apud</strong></span> <span class='ocrx_word' id='word_1_53' title='bbox 406 865 604 902; x_wconf 77' lang='lat' dir='ltr'><em>Homerum</em></span> <span class='ocrx_word' id='word_1_54' title='bbox 630 866 796 902; x_wconf 78' lang='lat' dir='ltr'><em>Vulcano</em></span> <span class='ocrx_word' id='word_1_55' title='bbox 829 863 1024 901; x_wconf 68' lang='lat' dir='ltr'><strong>blandiens</strong></span> <span class='ocrx_word' id='word_1_56' title='bbox 1052 863 1228 900; x_wconf 73' lang='lat' dir='ltr'><strong>claudam</strong></span> <span class='ocrx_word' id='word_1_57' title='bbox 1257 876 1338 901; x_wconf 71' lang='lat' dir='ltr'><strong>eum</strong></span> <span class='ocrx_word' id='word_1_58' title='bbox 1366 872 1484 904; x_wconf 77' lang='lat' dir='ltr'><strong>vocet.</strong></span> 
     </span>
    </p>
   </div>
   <div class='ocr_carea' id='block_1_8' title="bbox 52 936 1496 1785">
    <p class='ocr_par' dir='ltr' id='par_1_8' title="bbox 52 936 1496 1785">
     <span class='ocr_line' id='line_1_11' title="bbox 56 936 1486 1011; baseline 0.003 -15"><span class='ocrx_word' id='word_1_59' title='bbox 56 936 258 1002; x_wconf 71' lang='lat' dir='ltr'>QUAERIT</span> <span class='ocrx_word' id='word_1_60' title='bbox 297 960 343 998; x_wconf 90' lang='lat' dir='ltr'><strong>P.</strong></span> <span class='ocrx_word' id='word_1_61' title='bbox 375 961 565 999; x_wconf 86' lang='lat' dir='ltr'><strong>Victorius</strong></span> <span class='ocrx_word' id='word_1_62' title='bbox 605 963 698 1000; x_wconf 85' lang='lat' dir='ltr'><strong>libro</strong></span> <span class='ocrx_word' id='word_1_63' title='bbox 735 962 887 1001; x_wconf 81' lang='lat' dir='ltr'>XXIX.</span> <span class='ocrx_word' id='word_1_64' title='bbox 913 961 988 1011; x_wconf 33' lang='grc' dir='ltr'><strong>ἢ)</strong></span> <span class='ocrx_word' id='word_1_65' title='bbox 1030 961 1229 1000; x_wconf 79' lang='lat' dir='ltr'><strong>variarum</strong></span> <span class='ocrx_word' id='word_1_66' title='bbox 1272 963 1486 1011; x_wconf 80' lang='lat' dir='ltr'><strong>lectionum,</strong></span> 
     </span>
     <span class='ocr_line' id='line_1_12' title="bbox 54 1016 1489 1068; baseline 0.005 -18"><span class='ocrx_word' id='word_1_67' title='bbox 54 1027 125 1065; x_wconf 90' lang='lat' dir='ltr'><strong>quo</strong></span> <span class='ocrx_word' id='word_1_68' title='bbox 157 1016 312 1053; x_wconf 77' lang='lat' dir='ltr'><strong>consilio</strong></span> <span class='ocrx_word' id='word_1_69' title='bbox 345 1016 437 1054; x_wconf 84' lang='lat' dir='ltr'><strong>Iuno</strong></span> <span class='ocrx_word' id='word_1_70' title='bbox 475 1016 569 1068; x_wconf 88' lang='lat' dir='ltr'><strong>apud</strong></span> <span class='ocrx_word' id='word_1_71' title='bbox 597 1018 800 1055; x_wconf 82' lang='lat' dir='ltr'><strong>Homerum</strong></span> <span class='ocrx_word' id='word_1_72' title='bbox 818 1017 913 1068; x_wconf 47' lang='grc' dir='ltr'><strong>ἦζὲὟ)</strong></span> <span class='ocrx_word' id='word_1_73' title='bbox 945 1017 1117 1056; x_wconf 75' lang='lat' dir='ltr'>Vulcano</span> <span class='ocrx_word' id='word_1_74' title='bbox 1150 1016 1342 1055; x_wconf 80' lang='lat' dir='ltr'>blandiens</span> <span class='ocrx_word' id='word_1_75' title='bbox 1371 1021 1489 1057; x_wconf 85' lang='lat' dir='ltr'><strong>verita</strong></span> 
     </span>
     <span class='ocr_line' id='line_1_13' title="bbox 53 1072 1487 1122; baseline 0.003 -16"><span class='ocrx_word' id='word_1_76' title='bbox 53 1075 175 1107; x_wconf 83' lang='lat' dir='ltr'><strong>tamen</strong></span> <span class='ocrx_word' id='word_1_77' title='bbox 206 1084 278 1108; x_wconf 91' lang='lat' dir='ltr'><strong>non</strong></span> <span class='ocrx_word' id='word_1_78' title='bbox 311 1072 360 1108; x_wconf 86' lang='lat' dir='ltr'><strong>sit</strong></span> <span class='ocrx_word' id='word_1_79' title='bbox 397 1084 478 1109; x_wconf 90' lang='lat' dir='ltr'><strong>eum</strong></span> <span class='ocrx_word' id='word_1_80' title='bbox 510 1073 787 1112; x_wconf 74' lang='grc' dir='ltr'><em>κυλλοποὸίονει</em></span> <span class='ocrx_word' id='word_1_81' title='bbox 822 1086 978 1110; x_wconf 85' lang='lat' dir='ltr'><strong>vocare:</strong></span> <span class='ocrx_word' id='word_1_82' title='bbox 1020 1072 1130 1122; x_wconf 82' lang='lat' dir='ltr'><strong>idque</strong></span> <span class='ocrx_word' id='word_1_83' title='bbox 1169 1085 1212 1109; x_wconf 89' lang='lat' dir='ltr'><strong>eo</strong></span> <span class='ocrx_word' id='word_1_84' title='bbox 1244 1074 1378 1110; x_wconf 84' lang='lat' dir='ltr'><strong>factum</strong></span> <span class='ocrx_word' id='word_1_85' title='bbox 1420 1075 1487 1120; x_wconf 81' lang='lat' dir='ltr'><strong>ait,</strong></span> 
     </span>
     <span class='ocr_line' id='line_1_14' title="bbox 53 1123 1491 1178; baseline 0.005 -18"><span class='ocrx_word' id='word_1_86' title='bbox 53 1123 149 1174; x_wconf 92' lang='lat' dir='ltr'><strong>quod</strong></span> <span class='ocrx_word' id='word_1_87' title='bbox 179 1137 260 1162; x_wconf 88' lang='lat' dir='ltr'><strong>cum</strong></span> <span class='ocrx_word' id='word_1_88' title='bbox 297 1127 423 1163; x_wconf 83' lang='lat' dir='ltr'><strong>vitium</strong></span> <span class='ocrx_word' id='word_1_89' title='bbox 463 1126 594 1178; x_wconf 89' lang='lat' dir='ltr'><strong>pedum</strong></span> <span class='ocrx_word' id='word_1_90' title='bbox 625 1129 739 1178; x_wconf 85' lang='lat' dir='ltr'><strong>ipsius</strong></span> <span class='ocrx_word' id='word_1_91' title='bbox 778 1135 943 1178; x_wconf 82' lang='lat' dir='ltr'><strong>apertum</strong></span> <span class='ocrx_word' id='word_1_92' title='bbox 981 1135 1083 1165; x_wconf 81' lang='lat' dir='ltr'><strong>esset</strong></span> <span class='ocrx_word' id='word_1_93' title='bbox 1120 1139 1238 1178; x_wconf 84' lang='lat' dir='ltr'><strong>neque</strong></span> <span class='ocrx_word' id='word_1_94' title='bbox 1274 1129 1347 1165; x_wconf 86' lang='lat' dir='ltr'><strong>ullo</strong></span> <span class='ocrx_word' id='word_1_95' title='bbox 1383 1129 1491 1167; x_wconf 90' lang='lat' dir='ltr'><strong>modo</strong></span> 
     </span>
     <span class='ocr_line' id='line_1_15' title="bbox 52 1180 1491 1234; baseline 0.005 -19"><span class='ocrx_word' id='word_1_96' title='bbox 52 1180 130 1229; x_wconf 83' lang='lat' dir='ltr'><strong>tegi</strong></span> <span class='ocrx_word' id='word_1_97' title='bbox 160 1187 301 1228; x_wconf 83' lang='lat' dir='ltr'><strong>posset,</strong></span> <span class='ocrx_word' id='word_1_98' title='bbox 334 1181 432 1218; x_wconf 86' lang='lat' dir='ltr'><strong>nullo</strong></span> <span class='ocrx_word' id='word_1_99' title='bbox 457 1182 570 1219; x_wconf 88' lang='lat' dir='ltr'><strong>verbo</strong></span> <span class='ocrx_word' id='word_1_100' title='bbox 602 1184 720 1232; x_wconf 82' lang='lat' dir='ltr'><strong>magis</strong></span> <span class='ocrx_word' id='word_1_101' title='bbox 742 1196 823 1220; x_wconf 89' lang='lat' dir='ltr'><strong>eum</strong></span> <span class='ocrx_word' id='word_1_102' title='bbox 849 1191 967 1219; x_wconf 76' lang='lat' dir='ltr'><strong>mater</strong></span> <span class='ocrx_word' id='word_1_103' title='bbox 992 1181 1191 1219; x_wconf 72' lang='lat' dir='ltr'><strong>ostendere</strong></span> <span class='ocrx_word' id='word_1_104' title='bbox 1220 1184 1353 1232; x_wconf 80' lang='lat' dir='ltr'><strong>potnit,</strong></span> <span class='ocrx_word' id='word_1_105' title='bbox 1384 1197 1491 1234; x_wconf 85' lang='lat' dir='ltr'><strong>quam</strong></span> 
     </span>
     <span class='ocr_line' id='line_1_16' title="bbox 54 1233 1492 1288; baseline 0.004 -19"><span class='ocrx_word' id='word_1_106' title='bbox 54 1234 86 1270; x_wconf 89' lang='lat' dir='ltr'><strong>si</strong></span> <span class='ocrx_word' id='word_1_107' title='bbox 124 1233 209 1271; x_wconf 86' lang='lat' dir='ltr'><strong>inde</strong></span> <span class='ocrx_word' id='word_1_108' title='bbox 251 1235 369 1285; x_wconf 89' lang='lat' dir='ltr'><strong>ipsum</strong></span> <span class='ocrx_word' id='word_1_109' title='bbox 413 1244 606 1274; x_wconf 83' lang='lat' dir='ltr'><strong>vocasset:</strong></span> <span class='ocrx_word' id='word_1_110' title='bbox 653 1237 689 1274; x_wconf 87' lang='lat' dir='ltr'><strong>id</strong></span> <span class='ocrx_word' id='word_1_111' title='bbox 726 1245 848 1274; x_wconf 76' lang='lat' dir='ltr'><strong>autem</strong></span> <span class='ocrx_word' id='word_1_112' title='bbox 887 1238 1025 1274; x_wconf 82' lang='lat' dir='ltr'><strong>fecisse</strong></span> <span class='ocrx_word' id='word_1_113' title='bbox 1064 1233 1409 1288; x_wconf 73' lang='grc' dir='ltr'><em>ὖποκοριζομέυην,</em></span> <span class='ocrx_word' id='word_1_114' title='bbox 1453 1246 1492 1276; x_wconf 88' lang='lat' dir='ltr'><strong>ut</strong></span> 
     </span>
     <span class='ocr_line' id='line_1_17' title="bbox 54 1288 1488 1338; baseline 0.005 -14"><span class='ocrx_word' id='word_1_115' title='bbox 54 1288 296 1335; x_wconf 79' lang='lat' dir='ltr'><strong>ostenderet,</strong></span> <span class='ocrx_word' id='word_1_116' title='bbox 339 1303 419 1327; x_wconf 92' lang='lat' dir='ltr'><strong>eum</strong></span> <span class='ocrx_word' id='word_1_117' title='bbox 460 1304 481 1328; x_wconf 91' lang='lat' dir='ltr'><strong>a</strong></span> <span class='ocrx_word' id='word_1_118' title='bbox 509 1304 550 1329; x_wconf 82' lang='lat' dir='ltr'><strong>se</strong></span> <span class='ocrx_word' id='word_1_119' title='bbox 589 1292 694 1330; x_wconf 84' lang='lat' dir='ltr'><strong>valde</strong></span> <span class='ocrx_word' id='word_1_120' title='bbox 724 1292 854 1329; x_wconf 82' lang='lat' dir='ltr'><strong>amari.</strong></span> <span class='ocrx_word' id='word_1_121' title='bbox 916 1292 1023 1338; x_wconf 81' lang='lat' dir='ltr'><strong>Quae</strong></span> <span class='ocrx_word' id='word_1_122' title='bbox 1055 1292 1227 1328; x_wconf 79' lang='lat' dir='ltr'>fortassis</span> <span class='ocrx_word' id='word_1_123' title='bbox 1265 1305 1354 1330; x_wconf 82' lang='lat' dir='ltr'><strong>vera</strong></span> <span class='ocrx_word' id='word_1_124' title='bbox 1390 1301 1488 1331; x_wconf 86' lang='lat' dir='ltr'><strong>sunt.</strong></span> 
     </span>
     <span class='ocr_line' id='line_1_18' title="bbox 56 1342 1491 1398; baseline 0.005 -18"><span class='ocrx_word' id='word_1_125' title='bbox 56 1342 133 1380; x_wconf 88' lang='lat' dir='ltr'><strong>Sed</strong></span> <span class='ocrx_word' id='word_1_126' title='bbox 169 1343 392 1382; x_wconf 74' lang='lat' dir='ltr'><strong>Plutarchus</strong></span> <span class='ocrx_word' id='word_1_127' title='bbox 408 1344 482 1398; x_wconf 78' lang='lat'><strong>†),</strong></span> <span class='ocrx_word' id='word_1_128' title='bbox 532 1348 657 1395; x_wconf 83' lang='lat' dir='ltr'><strong>gravis</strong></span> <span class='ocrx_word' id='word_1_129' title='bbox 698 1347 867 1396; x_wconf 80' lang='lat' dir='ltr'>inprimis</span> <span class='ocrx_word' id='word_1_130' title='bbox 905 1354 942 1383; x_wconf 85' lang='lat' dir='ltr'><strong>et</strong></span> <span class='ocrx_word' id='word_1_131' title='bbox 982 1346 1137 1383; x_wconf 87' lang='lat' dir='ltr'><strong>idoneus</strong></span> <span class='ocrx_word' id='word_1_132' title='bbox 1177 1354 1329 1392; x_wconf 82' lang='lat' dir='ltr'><strong>auctor,</strong></span> <span class='ocrx_word' id='word_1_133' title='bbox 1383 1349 1491 1386; x_wconf 84' lang='lat' dir='ltr'><strong>aliam</strong></span> 
     </span>
     <span class='ocr_line' id='line_1_19' title="bbox 57 1398 1492 1452; baseline 0.005 -18"><span class='ocrx_word' id='word_1_134' title='bbox 57 1398 166 1435; x_wconf 86' lang='lat' dir='ltr'><strong>huius</strong></span> <span class='ocrx_word' id='word_1_135' title='bbox 198 1399 254 1437; x_wconf 90' lang='lat' dir='ltr'><strong>rei</strong></span> <span class='ocrx_word' id='word_1_136' title='bbox 283 1413 449 1438; x_wconf 79' lang='lat' dir='ltr'><strong>caussam</strong></span> <span class='ocrx_word' id='word_1_137' title='bbox 482 1400 629 1446; x_wconf 79' lang='lat' dir='ltr'><strong>adfert,</strong></span> <span class='ocrx_word' id='word_1_138' title='bbox 672 1402 808 1447; x_wconf 83' lang='lat' dir='ltr'><strong>nihilo,</strong></span> <span class='ocrx_word' id='word_1_139' title='bbox 850 1408 890 1439; x_wconf 86' lang='lat' dir='ltr'><strong>ut</strong></span> <span class='ocrx_word' id='word_1_140' title='bbox 924 1415 994 1451; x_wconf 81' lang='lat' dir='ltr'><strong>ego</strong></span> <span class='ocrx_word' id='word_1_141' title='bbox 1025 1401 1169 1452; x_wconf 88' lang='lat' dir='ltr'><strong>quidem</strong></span> <span class='ocrx_word' id='word_1_142' title='bbox 1203 1403 1385 1449; x_wconf 80' lang='lat' dir='ltr'><strong>arbitror,</strong></span> <span class='ocrx_word' id='word_1_143' title='bbox 1429 1403 1492 1441; x_wconf 86' lang='lat' dir='ltr'><strong>de-</strong></span> 
     </span>
     <span class='ocr_line' id='line_1_20' title="bbox 58 1455 1493 1508; baseline 0.005 -19"><span class='ocrx_word' id='word_1_144' title='bbox 58 1455 248 1490; x_wconf 84' lang='lat' dir='ltr'><strong>teriorem.</strong></span> <span class='ocrx_word' id='word_1_145' title='bbox 301 1456 370 1492; x_wconf 84' lang='lat' dir='ltr'><strong>Ait</strong></span> <span class='ocrx_word' id='word_1_146' title='bbox 399 1456 512 1501; x_wconf 86' lang='lat' dir='ltr'><strong>enim,</strong></span> <span class='ocrx_word' id='word_1_147' title='bbox 544 1457 707 1494; x_wconf 75' lang='lat' dir='ltr'><strong>voluisse</strong></span> <span class='ocrx_word' id='word_1_148' title='bbox 734 1470 911 1494; x_wconf 83' lang='lat' dir='ltr'><strong>summum</strong></span> <span class='ocrx_word' id='word_1_149' title='bbox 941 1470 984 1494; x_wconf 83' lang='lat' dir='ltr'><strong>ae</strong></span> <span class='ocrx_word' id='word_1_150' title='bbox 1008 1457 1319 1507; x_wconf 80' lang='lat' dir='ltr'><strong>sapientissimum</strong></span> <span class='ocrx_word' id='word_1_151' title='bbox 1349 1461 1493 1508; x_wconf 74' lang='lat' dir='ltr'><strong>poetam</strong></span> 
     </span>
     <span class='ocr_line' id='line_1_21' title="bbox 56 1508 1496 1562; baseline 0.003 -16"><span class='ocrx_word' id='word_1_152' title='bbox 56 1508 284 1554; x_wconf 83' lang='lat' dir='ltr'><strong>ostendere,</strong></span> <span class='ocrx_word' id='word_1_153' title='bbox 324 1523 443 1561; x_wconf 88' lang='lat' dir='ltr'><strong>neque</strong></span> <span class='ocrx_word' id='word_1_154' title='bbox 476 1512 593 1557; x_wconf 85' lang='lat' dir='ltr'><strong>bona,</strong></span> <span class='ocrx_word' id='word_1_155' title='bbox 635 1525 754 1562; x_wconf 89' lang='lat' dir='ltr'><strong>neque</strong></span> <span class='ocrx_word' id='word_1_156' title='bbox 783 1513 877 1549; x_wconf 80' lang='lat' dir='ltr'><strong>mala</strong></span> <span class='ocrx_word' id='word_1_157' title='bbox 907 1513 1074 1562; x_wconf 82' lang='lat' dir='ltr'><strong>eorporis</strong></span> <span class='ocrx_word' id='word_1_158' title='bbox 1106 1512 1190 1549; x_wconf 81' lang='lat' dir='ltr'><strong>talia</strong></span> <span class='ocrx_word' id='word_1_159' title='bbox 1219 1525 1325 1558; x_wconf 86' lang='lat' dir='ltr'><strong>esse,</strong></span> <span class='ocrx_word' id='word_1_160' title='bbox 1367 1520 1406 1550; x_wconf 86' lang='lat' dir='ltr'><strong>ut</strong></span> <span class='ocrx_word' id='word_1_161' title='bbox 1433 1522 1496 1552; x_wconf 86' lang='lat' dir='ltr'><strong>aut</strong></span> 
     </span>
     <span class='ocr_line' id='line_1_22' title="bbox 57 1562 1489 1617; baseline 0.004 -17"><span class='ocrx_word' id='word_1_162' title='bbox 57 1562 103 1600; x_wconf 83' lang='lat' dir='ltr'><strong>ad</strong></span> <span class='ocrx_word' id='word_1_163' title='bbox 142 1563 284 1601; x_wconf 84' lang='lat' dir='ltr'><strong>laudem</strong></span> <span class='ocrx_word' id='word_1_164' title='bbox 327 1573 389 1602; x_wconf 83' lang='lat' dir='ltr'><strong>aut</strong></span> <span class='ocrx_word' id='word_1_165' title='bbox 435 1565 480 1603; x_wconf 81' lang='lat' dir='ltr'><strong>ad</strong></span> <span class='ocrx_word' id='word_1_166' title='bbox 518 1567 826 1617; x_wconf 75' lang='lat' dir='ltr'><strong>vituperationem</strong></span> <span class='ocrx_word' id='word_1_167' title='bbox 866 1568 1080 1617; x_wconf 83' lang='lat' dir='ltr'><strong>cuiusquam</strong></span> <span class='ocrx_word' id='word_1_168' title='bbox 1119 1566 1225 1605; x_wconf 61' lang='lat' dir='ltr'><strong>valde</strong></span> <span class='ocrx_word' id='word_1_169' title='bbox 1267 1569 1489 1617; x_wconf 85' lang='lat' dir='ltr'><strong>pertineant.</strong></span> 
     </span>
     <span class='ocr_line' id='line_1_23' title="bbox 56 1617 1493 1672; baseline 0.003 -16"><span class='ocrx_word' id='word_1_170' title='bbox 56 1617 184 1669; x_wconf 84' lang='lat' dir='ltr'><strong>Itaque</strong></span> <span class='ocrx_word' id='word_1_171' title='bbox 226 1617 321 1670; x_wconf 83' lang='lat' dir='ltr'><strong>apud</strong></span> <span class='ocrx_word' id='word_1_172' title='bbox 352 1633 434 1657; x_wconf 91' lang='lat' dir='ltr'><strong>eum</strong></span> <span class='ocrx_word' id='word_1_173' title='bbox 474 1621 582 1658; x_wconf 80' lang='lat' dir='ltr'><strong>etiam</strong></span> <span class='ocrx_word' id='word_1_174' title='bbox 619 1623 677 1671; x_wconf 88' lang='lat' dir='ltr'><strong>qui</strong></span> <span class='ocrx_word' id='word_1_175' title='bbox 709 1622 867 1672; x_wconf 80' lang='lat' dir='ltr'><strong>aliquem</strong></span> <span class='ocrx_word' id='word_1_176' title='bbox 899 1622 1095 1671; x_wconf 82' lang='lat' dir='ltr'><strong>obiurgant</strong></span> <span class='ocrx_word' id='word_1_177' title='bbox 1124 1635 1167 1659; x_wconf 82' lang='lat' dir='ltr'><strong>ae</strong></span> <span class='ocrx_word' id='word_1_178' title='bbox 1198 1623 1493 1672; x_wconf 85' lang='lat' dir='ltr'><strong>reprehendunt,</strong></span> 
     </span>
     <span class='ocr_line' id='line_1_24' title="bbox 55 1675 1493 1727; baseline 0.005 -17"><span class='ocrx_word' id='word_1_179' title='bbox 55 1685 102 1710; x_wconf 87' lang='lat' dir='ltr'><strong>eo</strong></span> <span class='ocrx_word' id='word_1_180' title='bbox 129 1680 250 1711; x_wconf 87' lang='lat' dir='ltr'><strong>tamen</strong></span> <span class='ocrx_word' id='word_1_181' title='bbox 280 1675 361 1724; x_wconf 87' lang='lat' dir='ltr'><strong>ipso</strong></span> <span class='ocrx_word' id='word_1_182' title='bbox 390 1683 558 1725; x_wconf 84' lang='lat' dir='ltr'><strong>tempore</strong></span> <span class='ocrx_word' id='word_1_183' title='bbox 587 1677 844 1714; x_wconf 82' lang='lat' dir='ltr'><strong>commendare</strong></span> <span class='ocrx_word' id='word_1_184' title='bbox 869 1677 984 1727; x_wconf 84' lang='lat' dir='ltr'><strong>ipsius</strong></span> <span class='ocrx_word' id='word_1_185' title='bbox 1012 1677 1188 1722; x_wconf 87' lang='lat' dir='ltr'><strong>formam,</strong></span> <span class='ocrx_word' id='word_1_186' title='bbox 1233 1679 1265 1714; x_wconf 91' lang='lat' dir='ltr'><strong>si</strong></span> <span class='ocrx_word' id='word_1_187' title='bbox 1295 1678 1390 1717; x_wconf 83' lang='lat' dir='ltr'><strong>bona</strong></span> <span class='ocrx_word' id='word_1_188' title='bbox 1419 1686 1493 1726; x_wconf 86' lang='lat' dir='ltr'><strong>est,</strong></span> 
     </span>
     <span class='ocr_line' id='line_1_25' title="bbox 56 1730 1318 1785; baseline 0.002 -18"><span class='ocrx_word' id='word_1_189' title='bbox 56 1742 132 1767; x_wconf 84' lang='lat' dir='ltr'><strong>non</strong></span> <span class='ocrx_word' id='word_1_190' title='bbox 159 1736 350 1767; x_wconf 85' lang='lat' dir='ltr'><strong>verentur.</strong></span> <span class='ocrx_word' id='word_1_191' title='bbox 409 1730 460 1768; x_wconf 83' lang='lat' dir='ltr'><strong>Ut</strong></span> <span class='ocrx_word' id='word_1_192' title='bbox 490 1731 636 1769; x_wconf 87' lang='lat' dir='ltr'><strong>Hector</strong></span> <span class='ocrx_word' id='word_1_193' title='bbox 664 1731 793 1769; x_wconf 86' lang='lat' dir='ltr'><strong>Paridi</strong></span> <span class='ocrx_word' id='word_1_194' title='bbox 824 1733 1030 1769; x_wconf 83' lang='lat' dir='ltr'><strong>convicium</strong></span> <span class='ocrx_word' id='word_1_195' title='bbox 1058 1731 1200 1770; x_wconf 79' lang='lat' dir='ltr'><strong>faciens</strong></span> <span class='ocrx_word' id='word_1_196' title='bbox 1218 1731 1318 1785; x_wconf 74' lang='lat'><strong>††),</strong></span> 
     </span>
    </p>
   </div>
   <div class='ocr_carea' id='block_1_9' title="bbox 62 1802 1236 2016">
    <p class='ocr_par' dir='ltr' id='par_1_9' title="bbox 62 1802 1236 2016">
     <span class='ocr_line' id='line_1_26' title="bbox 165 1802 1218 1862; baseline 0.005 -18"><span class='ocrx_word' id='word_1_197' title='bbox 165 1802 361 1859; x_wconf 70' lang='grc' dir='ltr'><strong>Δύςπαρι,</strong></span> <span class='ocrx_word' id='word_1_198' title='bbox 387 1803 488 1854; x_wconf 77' lang='grc' dir='ltr'><em>εἶδος</em></span> <span class='ocrx_word' id='word_1_199' title='bbox 515 1804 662 1861; x_wconf 68' lang='grc' dir='ltr'><strong><em>ἄριστε,</em></strong></span> <span class='ocrx_word' id='word_1_200' title='bbox 692 1806 940 1862; x_wconf 77' lang='grc' dir='ltr'><em>γυναιμανὲς,</em></span> <span class='ocrx_word' id='word_1_201' title='bbox 969 1804 1218 1862; x_wconf 76' lang='grc' dir='ltr'><em>ἠπεροπευτά.</em></span> 
     </span>
     <span class='ocr_line' id='line_1_27' title="bbox 62 1884 735 1938; baseline 0.006 -18"><span class='ocrx_word' id='word_1_202' title='bbox 62 1890 101 1921; x_wconf 88' lang='lat' dir='ltr'><strong>et</strong></span> <span class='ocrx_word' id='word_1_203' title='bbox 130 1884 201 1935; x_wconf 89' lang='lat' dir='ltr'><strong>ipsi</strong></span> <span class='ocrx_word' id='word_1_204' title='bbox 231 1884 392 1922; x_wconf 87' lang='lat' dir='ltr'><strong>Hectori</strong></span> <span class='ocrx_word' id='word_1_205' title='bbox 423 1884 586 1923; x_wconf 82' lang='lat' dir='ltr'><strong>Glaucus</strong></span> <span class='ocrx_word' id='word_1_206' title='bbox 600 1884 735 1938; x_wconf 71' lang='lat'><strong>†††),</strong></span> 
     </span>
     <span class='ocr_line' id='line_1_28' title="bbox 154 1954 1236 2016; baseline 0.004 -17"><span class='ocrx_word' id='word_1_207' title='bbox 154 1958 299 2014; x_wconf 47' lang='grc' dir='ltr'><em>ΪΈκτορ</em></span> <span class='ocrx_word' id='word_1_208' title='bbox 329 1954 360 2000; x_wconf 71' lang='grc' dir='ltr'><em>ὦ</em></span> <span class='ocrx_word' id='word_1_209' title='bbox 387 1957 489 2009; x_wconf 78' lang='grc' dir='ltr'><strong><em>εἶδος</em></strong></span> <span class='ocrx_word' id='word_1_210' title='bbox 513 1959 657 2015; x_wconf 64' lang='grc' dir='ltr'><em>ἄριστε,</em></span> <span class='ocrx_word' id='word_1_211' title='bbox 687 1960 807 2015; x_wconf 72' lang='grc' dir='ltr'><em>μάχης</em></span> <span class='ocrx_word' id='word_1_212' title='bbox 833 1959 906 2016; x_wconf 62' lang='grc' dir='ltr'><strong>ἄρα</strong></span> <span class='ocrx_word' id='word_1_213' title='bbox 930 1959 1070 2003; x_wconf 78' lang='grc' dir='ltr'><em>πολλὸν</em></span> <span class='ocrx_word' id='word_1_214' title='bbox 1098 1959 1236 2003; x_wconf 78' lang='grc' dir='ltr'><strong><em>ἐδεύεο.</em></strong></span> 
     </span>
    </p>
   </div>
   <div class='ocr_carea' id='block_1_10' title="bbox 57 2049 1498 2271">
    <p class='ocr_par' dir='ltr' id='par_1_10' title="bbox 57 2049 1498 2271">
     <span class='ocr_line' id='line_1_29' title="bbox 58 2049 1491 2105; baseline 0.003 -17"><span class='ocrx_word' id='word_1_215' title='bbox 58 2049 193 2101; x_wconf 82' lang='lat' dir='ltr'><strong>Neque</strong></span> <span class='ocrx_word' id='word_1_216' title='bbox 222 2065 378 2103; x_wconf 88' lang='lat' dir='ltr'><strong>unquam</strong></span> <span class='ocrx_word' id='word_1_217' title='bbox 410 2053 446 2090; x_wconf 87' lang='lat' dir='ltr'><strong>in</strong></span> <span class='ocrx_word' id='word_1_218' title='bbox 479 2053 604 2103; x_wconf 83' lang='lat' dir='ltr'><strong>probri</strong></span> <span class='ocrx_word' id='word_1_219' title='bbox 637 2054 719 2091; x_wconf 83' lang='lat' dir='ltr'><strong>loco</strong></span> <span class='ocrx_word' id='word_1_220' title='bbox 750 2054 928 2092; x_wconf 82' lang='lat' dir='ltr'><strong>obiiciunt</strong></span> <span class='ocrx_word' id='word_1_221' title='bbox 962 2067 1029 2100; x_wconf 82' lang='lat' dir='ltr'><strong>ea,</strong></span> <span class='ocrx_word' id='word_1_222' title='bbox 1073 2067 1165 2104; x_wconf 84' lang='lat' dir='ltr'><strong>quae</strong></span> <span class='ocrx_word' id='word_1_223' title='bbox 1194 2054 1360 2105; x_wconf 86' lang='lat' dir='ltr'><strong>eorporis</strong></span> <span class='ocrx_word' id='word_1_224' title='bbox 1393 2061 1491 2101; x_wconf 82' lang='lat' dir='ltr'><strong>sunt,</strong></span> 
     </span>
     <span class='ocr_line' id='line_1_30' title="bbox 59 2105 1497 2161; baseline 0.004 -19"><span class='ocrx_word' id='word_1_225' title='bbox 59 2105 126 2142; x_wconf 86' lang='lat' dir='ltr'><strong>sed</strong></span> <span class='ocrx_word' id='word_1_226' title='bbox 156 2120 248 2157; x_wconf 86' lang='lat' dir='ltr'><strong>quae</strong></span> <span class='ocrx_word' id='word_1_227' title='bbox 277 2108 411 2152; x_wconf 78' lang='lat' dir='ltr'><strong>anizni3</strong></span> <span class='ocrx_word' id='word_1_228' title='bbox 444 2115 482 2144; x_wconf 85' lang='lat' dir='ltr'><strong>ut</strong></span> <span class='ocrx_word' id='word_1_229' title='bbox 510 2108 641 2146; x_wconf 72' lang='lat' dir='ltr'><strong>Ulixes</strong></span> <span class='ocrx_word' id='word_1_230' title='bbox 669 2110 868 2147; x_wconf 77' lang='lat' dir='ltr'><strong>Thersitae</strong></span> <span class='ocrx_word' id='word_1_231' title='bbox 894 2124 966 2147; x_wconf 92' lang='lat' dir='ltr'><strong>non</strong></span> <span class='ocrx_word' id='word_1_232' title='bbox 997 2110 1091 2161; x_wconf 82' lang='lat' dir='ltr'><strong>quod</strong></span> <span class='ocrx_word' id='word_1_233' title='bbox 1123 2109 1273 2147; x_wconf 79' lang='lat' dir='ltr'><strong>claudus</strong></span> <span class='ocrx_word' id='word_1_234' title='bbox 1305 2117 1406 2148; x_wconf 88' lang='lat' dir='ltr'><strong>esset</strong></span> <span class='ocrx_word' id='word_1_235' title='bbox 1435 2118 1497 2149; x_wconf 88' lang='lat' dir='ltr'><strong>aut</strong></span> 
     </span>
     <span class='ocr_line' id='line_1_31' title="bbox 59 2161 1498 2215; baseline 0.004 -18"><span class='ocrx_word' id='word_1_236' title='bbox 59 2161 185 2198; x_wconf 85' lang='lat' dir='ltr'><strong>calvus</strong></span> <span class='ocrx_word' id='word_1_237' title='bbox 223 2169 285 2199; x_wconf 84' lang='lat' dir='ltr'><strong>aut</strong></span> <span class='ocrx_word' id='word_1_238' title='bbox 320 2162 496 2212; x_wconf 82' lang='lat' dir='ltr'><strong>gibberus</strong></span> <span class='ocrx_word' id='word_1_239' title='bbox 511 2163 584 2213; x_wconf 42' lang='grc' dir='ltr'><strong>ἦ),</strong></span> <span class='ocrx_word' id='word_1_240' title='bbox 633 2164 854 2214; x_wconf 77' lang='lat' dir='ltr'><strong>exprobrat,</strong></span> <span class='ocrx_word' id='word_1_241' title='bbox 898 2164 962 2202; x_wconf 88' lang='lat' dir='ltr'><strong>sed</strong></span> <span class='ocrx_word' id='word_1_242' title='bbox 1001 2164 1097 2215; x_wconf 89' lang='lat' dir='ltr'><strong>quod</strong></span> <span class='ocrx_word' id='word_1_243' title='bbox 1135 2164 1330 2202; x_wconf 88' lang='lat' dir='ltr'><strong>immodice</strong></span> <span class='ocrx_word' id='word_1_244' title='bbox 1369 2173 1406 2204; x_wconf 86' lang='lat' dir='ltr'><strong>et</strong></span> <span class='ocrx_word' id='word_1_245' title='bbox 1441 2167 1498 2203; x_wconf 88' lang='lat' dir='ltr'><strong>in-</strong></span> 
     </span>
     <span class='ocr_line' id='line_1_32' title="bbox 57 2217 1497 2271; baseline 0.005 -19"><span class='ocrx_word' id='word_1_246' title='bbox 57 2218 276 2266; x_wconf 80' lang='lat' dir='ltr'><strong>tempestive</strong></span> <span class='ocrx_word' id='word_1_247' title='bbox 305 2217 452 2268; x_wconf 79' lang='lat' dir='ltr'><strong>loquax.</strong></span> <span class='ocrx_word' id='word_1_248' title='bbox 514 2217 728 2270; x_wconf 80' lang='lat' dir='ltr'><strong>Contraque</strong></span> <span class='ocrx_word' id='word_1_249' title='bbox 763 2227 882 2258; x_wconf 86' lang='lat' dir='ltr'><strong>mater</strong></span> <span class='ocrx_word' id='word_1_250' title='bbox 911 2220 993 2271; x_wconf 86' lang='lat' dir='ltr'><strong>ipsa</strong></span> <span class='ocrx_word' id='word_1_251' title='bbox 1021 2233 1068 2258; x_wconf 88' lang='lat' dir='ltr'><strong>ne</strong></span> <span class='ocrx_word' id='word_1_252' title='bbox 1098 2228 1171 2258; x_wconf 88' lang='lat' dir='ltr'><strong>tum</strong></span> <span class='ocrx_word' id='word_1_253' title='bbox 1200 2219 1372 2271; x_wconf 89' lang='lat' dir='ltr'><strong>quidem,</strong></span> <span class='ocrx_word' id='word_1_254' title='bbox 1415 2234 1497 2259; x_wconf 90' lang='lat' dir='ltr'><strong>cum</strong></span> 
     </span>
    </p>
   </div>
   <div class='ocr_carea' id='block_1_11' title="bbox 134 2350 1404 2580">
    <p class='ocr_par' dir='ltr' id='par_1_11' title="bbox 134 2350 1404 2433">
     <span class='ocr_line' id='line_1_33' title="bbox 135 2350 1404 2390; baseline 0.006 -13"><span class='ocrx_word' id='word_1_255' title='bbox 135 2350 179 2385; x_wconf 47' lang='grc' dir='ltr'><strong>ἐή)</strong></span> <span class='ocrx_word' id='word_1_256' title='bbox 199 2358 266 2386; x_wconf 81' lang='lat' dir='ltr'><strong>cap.</strong></span> <span class='ocrx_word' id='word_1_257' title='bbox 287 2351 337 2380; x_wconf 84' lang='grc'><strong>40.</strong></span> <span class='ocrx_word' id='word_1_258' title='bbox 359 2352 391 2387; x_wconf 66' lang='lat'><strong>5.</strong></span> <span class='ocrx_word' id='word_1_259' title='bbox 413 2351 483 2381; x_wconf 80' lang='lat'><strong>162.</strong></span> <span class='ocrx_word' id='word_1_260' title='bbox 523 2351 570 2381; x_wconf 84' lang='lat' dir='ltr'><strong>cf.</strong></span> <span class='ocrx_word' id='word_1_261' title='bbox 592 2353 710 2383; x_wconf 85' lang='lat' dir='ltr'><strong>Comm.</strong></span> <span class='ocrx_word' id='word_1_262' title='bbox 729 2353 761 2383; x_wconf 91' lang='lat' dir='ltr'><strong>in</strong></span> <span class='ocrx_word' id='word_1_263' title='bbox 782 2354 855 2383; x_wconf 87' lang='lat' dir='ltr'><strong>Tae.</strong></span> <span class='ocrx_word' id='word_1_264' title='bbox 876 2353 960 2383; x_wconf 84' lang='lat' dir='ltr'><strong>Anu.</strong></span> <span class='ocrx_word' id='word_1_265' title='bbox 981 2353 1059 2389; x_wconf 81' lang='lat' dir='ltr'><strong>Opp.</strong></span> <span class='ocrx_word' id='word_1_266' title='bbox 1081 2355 1169 2383; x_wconf 77' lang='lat' dir='ltr'><strong>&#39;1¹01n.</strong></span> <span class='ocrx_word' id='word_1_267' title='bbox 1189 2354 1240 2383; x_wconf 77' lang='lat' dir='ltr'><strong>IV.</strong></span> <span class='ocrx_word' id='word_1_268' title='bbox 1262 2361 1332 2390; x_wconf 83' lang='lat' dir='ltr'><strong>pag.</strong></span> <span class='ocrx_word' id='word_1_269' title='bbox 1353 2354 1404 2384; x_wconf 81' lang='lat'><strong>40.</strong></span> 
     </span>
     <span class='ocr_line' id='line_1_34' title="bbox 134 2398 362 2433; baseline 0 -6"><span class='ocrx_word' id='word_1_270' title='bbox 134 2398 202 2433; x_wconf 76' lang='lat'>³¹.:·—:::-)</span> <span class='ocrx_word' id='word_1_271' title='bbox 224 2406 291 2433; x_wconf 82' lang='lat' dir='ltr'><strong>cap.</strong></span> <span class='ocrx_word' id='word_1_272' title='bbox 314 2399 362 2428; x_wconf 86' lang='lat'><strong>19.</strong></span> 
     </span>
    </p>

    <p class='ocr_par' dir='ltr' id='par_1_12' title="bbox 136 2446 532 2481">
     <span class='ocr_line' id='line_1_35' title="bbox 136 2446 532 2481; baseline 0.008 -9"><span class='ocrx_word' id='word_1_273' title='bbox 136 2446 228 2481; x_wconf 48' lang='lat' dir='ltr'><strong>{stt-22³)</strong></span> <span class='ocrx_word' id='word_1_274' title='bbox 249 2447 337 2475; x_wconf 82' lang='lat' dir='ltr'><strong>Iliad.</strong></span> <span class='ocrx_word' id='word_1_275' title='bbox 358 2447 438 2475; x_wconf 84' lang='lat' dir='ltr'>XXI.</span> <span class='ocrx_word' id='word_1_276' title='bbox 461 2447 532 2476; x_wconf 77' lang='lat'><strong>331.</strong></span> 
     </span>
    </p>

    <p class='ocr_par' dir='ltr' id='par_1_13' title="bbox 136 2493 672 2532">
     <span class='ocr_line' id='line_1_36' title="bbox 136 2493 672 2532; baseline 0.009 -11"><span class='ocrx_word' id='word_1_277' title='bbox 136 2493 181 2532; x_wconf 78' lang='lat'><strong>†]</strong></span> <span class='ocrx_word' id='word_1_278' title='bbox 204 2496 241 2522; x_wconf 80' lang='lat' dir='ltr'><strong>de</strong></span> <span class='ocrx_word' id='word_1_279' title='bbox 261 2495 407 2524; x_wconf 76' lang='lat' dir='ltr'><strong>audiena.</strong></span> <span class='ocrx_word' id='word_1_280' title='bbox 430 2498 510 2529; x_wconf 80' lang='lat' dir='ltr'><strong>poet.</strong></span> <span class='ocrx_word' id='word_1_281' title='bbox 532 2502 602 2531; x_wconf 82' lang='lat' dir='ltr'><strong>pag.</strong></span> <span class='ocrx_word' id='word_1_282' title='bbox 621 2497 672 2526; x_wconf 85' lang='lat'><strong>35.</strong></span> 
     </span>
    </p>

    <p class='ocr_par' dir='ltr' id='par_1_14' title="bbox 136 2542 460 2580">
     <span class='ocr_line' id='line_1_37' title="bbox 136 2542 460 2580; baseline 0.009 -10"><span class='ocrx_word' id='word_1_283' title='bbox 136 2542 208 2580; x_wconf 43' lang='grc' dir='ltr'><strong>ἢ)</strong></span> <span class='ocrx_word' id='word_1_284' title='bbox 229 2544 317 2571; x_wconf 75' lang='lat' dir='ltr'><strong>maa.</strong></span> <span class='ocrx_word' id='word_1_285' title='bbox 338 2546 390 2572; x_wconf 85' lang='lat'>111.</span> <span class='ocrx_word' id='word_1_286' title='bbox 410 2544 460 2573; x_wconf 81' lang='lat'><strong>39.</strong></span> 
     </span>
    </p>
   </div>
   <div class='ocr_carea' id='block_1_12' title="bbox 59 2591 1499 2671">
    <p class='ocr_par' dir='ltr' id='par_1_15' title="bbox 59 2591 1499 2671">
     <span class='ocr_line' id='line_1_38' title="bbox 113 2591 1499 2648; baseline 0.004 -23"><span class='ocrx_word' id='word_1_287' title='bbox 113 2641 120 2648; x_wconf 91' lang='lat'><em>.</em></span> <span class='ocrx_word' id='word_1_288' title='bbox 135 2593 234 2644; x_wconf 47' lang='grc' dir='ltr'><strong>-ξ-’ζ-ᾔ]</strong></span> <span class='ocrx_word' id='word_1_289' title='bbox 255 2597 344 2627; x_wconf 76' lang='lat' dir='ltr'><strong>iliad.</strong></span> <span class='ocrx_word' id='word_1_290' title='bbox 364 2598 460 2628; x_wconf 85' lang='lat' dir='ltr'>XVII.</span> <span class='ocrx_word' id='word_1_291' title='bbox 479 2598 548 2627; x_wconf 72' lang='lat'>142.</span> <span class='ocrx_word' id='word_1_292' title='bbox 581 2599 618 2628; x_wconf 89' lang='lat' dir='ltr'><strong>H.</strong></span> <span class='ocrx_word' id='word_1_293' title='bbox 633 2599 654 2629; x_wconf 91' lang='lat'><strong>1.</strong></span> <span class='ocrx_word' id='word_1_294' title='bbox 674 2606 755 2629; x_wconf 88' lang='lat' dir='ltr'><strong>nunc</strong></span> <span class='ocrx_word' id='word_1_295' title='bbox 767 2600 948 2630; x_wconf 82' lang='lat' dir='ltr'><strong>constanter</strong></span> <span class='ocrx_word' id='word_1_296' title='bbox 967 2600 1082 2636; x_wconf 77' lang='lat' dir='ltr'><strong>legitur</strong></span> <span class='ocrx_word' id='word_1_297' title='bbox 1094 2592 1236 2639; x_wconf 45' lang='lat' dir='ltr'><strong>&lt;ezrom</strong></span> <span class='ocrx_word' id='word_1_298' title='bbox 1254 2591 1349 2634; x_wconf 71' lang='grc' dir='ltr'><em>εἶδος</em></span> <span class='ocrx_word' id='word_1_299' title='bbox 1366 2591 1499 2643; x_wconf 63' lang='grc' dir='ltr'><em>ἄριστε,</em></span> 
     </span>
     <span class='ocr_line' id='line_1_39' title="bbox 59 2647 240 2671; baseline -0.022 0"><span class='ocrx_word' id='word_1_300' title='bbox 59 2648 177 2671; x_wconf 77' lang='lat' dir='ltr'><strong>omisso</strong></span> <span class='ocrx_word' id='word_1_301' title='bbox 199 2647 240 2668; x_wconf 82' lang='grc' dir='ltr'><strong>ω.</strong></span> 
     </span>
    </p>
   </div>
   <div class='ocr_carea' id='block_1_13' title="bbox 59 2689 1498 2804">
    <p class='ocr_par' dir='ltr' id='par_1_16' title="bbox 59 2689 1498 2804">
     <span class='ocr_line' id='line_1_40' title="bbox 136 2689 1498 2729; baseline 0.007 -14"><span class='ocrx_word' id='word_1_302' title='bbox 136 2690 178 2724; x_wconf 59' lang='grc' dir='ltr'><strong>εἱε)</strong></span> <span class='ocrx_word' id='word_1_303' title='bbox 210 2689 333 2719; x_wconf 70' lang='lat' dir='ltr'><strong>vitiosa</strong></span> <span class='ocrx_word' id='word_1_304' title='bbox 357 2692 436 2719; x_wconf 82' lang='lat' dir='ltr'><strong>haee</strong></span> <span class='ocrx_word' id='word_1_305' title='bbox 456 2691 604 2720; x_wconf 72' lang='lat' dir='ltr'><strong>adiectivi</strong></span> <span class='ocrx_word' id='word_1_306' title='bbox 624 2692 741 2727; x_wconf 78' lang='lat' dir='ltr'><strong>forma,</strong></span> <span class='ocrx_word' id='word_1_307' title='bbox 774 2700 845 2722; x_wconf 84' lang='lat' dir='ltr'><strong>nam</strong></span> <span class='ocrx_word' id='word_1_308' title='bbox 867 2693 906 2722; x_wconf 82' lang='lat' dir='ltr'><strong>ad</strong></span> <span class='ocrx_word' id='word_1_309' title='bbox 927 2693 1161 2728; x_wconf 77' lang='lat' dir='ltr'><strong>significandam</strong></span> <span class='ocrx_word' id='word_1_310' title='bbox 1183 2694 1322 2729; x_wconf 64' lang='lat' dir='ltr'><strong>corpor-533</strong></span> <span class='ocrx_word' id='word_1_311' title='bbox 1348 2695 1498 2724; x_wconf 80' lang='lat' dir='ltr'><strong>deformi-</strong></span> 
     </span>
     <span class='ocr_line' id='line_1_41' title="bbox 60 2728 1498 2767; baseline 0.003 -11"><span class='ocrx_word' id='word_1_312' title='bbox 60 2728 157 2756; x_wconf 79' lang='lat' dir='ltr'><strong>tatem</strong></span> <span class='ocrx_word' id='word_1_313' title='bbox 187 2730 313 2755; x_wconf 71' lang='lat' dir='ltr'><strong>veteres</strong></span> <span class='ocrx_word' id='word_1_314' title='bbox 340 2729 490 2758; x_wconf 82' lang='lat' dir='ltr'><strong>dixerunt</strong></span> <span class='ocrx_word' id='word_1_315' title='bbox 509 2731 630 2764; x_wconf 62' lang='lat' dir='ltr'><strong>ymber,</strong></span> <span class='ocrx_word' id='word_1_316' title='bbox 667 2732 770 2759; x_wconf 66' lang='lat' dir='ltr'><strong>rarius</strong></span> <span class='ocrx_word' id='word_1_317' title='bbox 796 2733 974 2765; x_wconf 66' lang='lat' dir='ltr'><strong>{Jibberosus</strong></span> <span class='ocrx_word' id='word_1_318' title='bbox 1003 2734 1056 2759; x_wconf 78' lang='lat' dir='ltr'><strong>vel</strong></span> <span class='ocrx_word' id='word_1_319' title='bbox 1082 2735 1243 2767; x_wconf 75' lang='lat' dir='ltr'><strong>qibbosus;</strong></span> <span class='ocrx_word' id='word_1_320' title='bbox 1274 2735 1367 2766; x_wconf 69' lang='lat' dir='ltr'><strong>atque</strong></span> <span class='ocrx_word' id='word_1_321' title='bbox 1391 2735 1498 2767; x_wconf 66' lang='lat' dir='ltr'><strong>,amous</strong></span> 
     </span>
     <span class='ocr_line' id='line_1_42' title="bbox 59 2766 1498 2804; baseline 0.006 -12"><span class='ocrx_word' id='word_1_322' title='bbox 59 2766 185 2799; x_wconf 78' lang='lat' dir='ltr'><strong>quidem</strong></span> <span class='ocrx_word' id='word_1_323' title='bbox 206 2767 304 2794; x_wconf 80' lang='lat' dir='ltr'><strong>semel</strong></span> <span class='ocrx_word' id='word_1_324' title='bbox 325 2767 476 2794; x_wconf 76' lang='lat' dir='ltr'><strong>habemus</strong></span> <span class='ocrx_word' id='word_1_325' title='bbox 496 2774 545 2800; x_wconf 75' lang='lat' dir='ltr'><strong>ap.</strong></span> <span class='ocrx_word' id='word_1_326' title='bbox 569 2769 695 2800; x_wconf 81' lang='lat' dir='ltr'><strong>Celsum</strong></span> <span class='ocrx_word' id='word_1_327' title='bbox 715 2769 753 2796; x_wconf 82' lang='lat' dir='ltr'><strong>de</strong></span> <span class='ocrx_word' id='word_1_328' title='bbox 775 2769 811 2796; x_wconf 75' lang='lat' dir='ltr'><strong>R.</strong></span> <span class='ocrx_word' id='word_1_329' title='bbox 833 2772 873 2797; x_wconf 84' lang='grc' dir='ltr'><strong>Μ.</strong></span> <span class='ocrx_word' id='word_1_330' title='bbox 895 2769 948 2797; x_wconf 85' lang='lat' dir='ltr'><strong>lib.</strong></span> <span class='ocrx_word' id='word_1_331' title='bbox 969 2769 1050 2797; x_wconf 78' lang='lat' dir='ltr'><strong>vm.</strong></span> <span class='ocrx_word' id='word_1_332' title='bbox 1073 2777 1141 2804; x_wconf 78' lang='lat' dir='ltr'><strong>cap.</strong></span> <span class='ocrx_word' id='word_1_333' title='bbox 1166 2773 1191 2798; x_wconf 87' lang='lat'><strong>1.</strong></span> <span class='ocrx_word' id='word_1_334' title='bbox 1212 2770 1279 2798; x_wconf 83' lang='lat' dir='ltr'><strong>init.</strong></span> <span class='ocrx_word' id='word_1_335' title='bbox 1305 2772 1343 2797; x_wconf 82' lang='lat' dir='ltr'><strong>de</strong></span> <span class='ocrx_word' id='word_1_336' title='bbox 1364 2774 1498 2800; x_wconf 73' lang='lat' dir='ltr'><strong>externa</strong></span> 
     </span>
    </p>
   </div>
   <div class='ocr_carea' id='block_1_14' title="bbox 58 2802 1498 2875">
    <p class='ocr_par' dir='ltr' id='par_1_17' title="bbox 58 2802 1498 2875">
     <span class='ocr_line' id='line_1_43' title="bbox 59 2802 1498 2868; baseline 0.006 -37"><span class='ocrx_word' id='word_1_337' title='bbox 59 2803 224 2868; x_wconf 52' lang='lat' dir='ltr'><strong>calbxguiae</strong></span> <span class='ocrx_word' id='word_1_338' title='bbox 252 2802 369 2832; x_wconf 85' lang='lat' dir='ltr'><strong>forma:</strong></span> <span class='ocrx_word' id='word_1_339' title='bbox 403 2805 542 2834; x_wconf 79' lang='lat' dir='ltr'><strong>caluaria</strong></span> <span class='ocrx_word' id='word_1_340' title='bbox 567 2806 674 2840; x_wconf 74' lang='lat' dir='ltr'><strong>incipit</strong></span> <span class='ocrx_word' id='word_1_341' title='bbox 706 2813 748 2834; x_wconf 79' lang='lat' dir='ltr'><strong>eae</strong></span> <span class='ocrx_word' id='word_1_342' title='bbox 775 2807 924 2835; x_wconf 70' lang='lat' dir='ltr'><strong>interiore</strong></span> <span class='ocrx_word' id='word_1_343' title='bbox 950 2808 1040 2841; x_wconf 64' lang='lat' dir='ltr'><strong>parde</strong></span> <span class='ocrx_word' id='word_1_344' title='bbox 1075 2814 1267 2845; x_wconf 78' lang='lat' dir='ltr'><strong>concava,</strong></span> <span class='ocrx_word' id='word_1_345' title='bbox 1303 2810 1498 2839; x_wconf 69' lang='lat' dir='ltr'><strong>extrinsecus</strong></span> 
     </span>
     <span class='ocr_line' id='line_1_44' title="bbox 58 2847 181 2875; baseline 0.008 -7"><span class='ocrx_word' id='word_1_346' title='bbox 58 2848 94 2875; x_wconf 76' lang='lat'><strong>91</strong></span> <span class='ocrx_word' id='word_1_347' title='bbox 153 2847 181 2869; x_wconf 81' lang='lat' dir='ltr'><strong>a.</strong></span> 
     </span>
    </p>
   </div>
  </div>
 </body>
</html>
