1726 3106
215 109 298 153 240
784 109 910 151 VAR.
941 110 1098 151 LECT.

221 224 387 262 Gnarum
424 222 466 261 id
498 222 674 267 Caesari,
713 218 776 258 ubi
816 226 901 259 ante
942 233 1000 259 me
1032 234 1160 260 omnes
1201 223 1301 262 nullo
1333 235 1447 262 sensu
1476 224 1664 276 legerant,

222 281 264 317 C.
297 280 442 317 Novum
480 278 521 314 id
552 277 734 321 Caesari,
777 287 858 314 eam
888 276 1021 327 Lipsio
1062 290 1205 328 quoque
1242 280 1278 316 in
1309 286 1467 317 mentem
1495 282 1663 320 venisse.

218 333 394 383 Cogitavi
426 339 548 369 autem
578 330 678 369 idem
711 331 799 368 mihi
830 332 1025 376 evenisse,
1071 331 1168 382 quod
1197 335 1319 371 multis
1349 335 1545 385 patribus,
1585 337 1663 387 qui,

218 388 302 427 dum
343 387 486 425 adultas
525 399 569 424 ac
609 385 754 424 nubiles
793 386 886 423 filias
929 387 1080 423 nimium
1117 386 1177 424 diu
1224 387 1320 426 domi
1359 390 1499 427 habent
1536 391 1665 441 eisque

217 442 469 482 conditionem
499 453 682 492 quaerere
713 441 930 492 negligunt,
959 441 1122 478 efficiunt
1154 443 1360 490 interdum,
1393 451 1431 482 ut
1461 446 1564 496 ipsae
1595 446 1666 483 sihi

126 506 185 537 251
217 499 371 537 maritos
413 504 607 548 quaerant.
671 496 774 543 Sed,
809 503 848 533 ut
887 502 926 533 ut
955 497 1025 541 sit,
1068 497 1238 547 quoniam
1278 498 1322 536 de
1356 512 1401 537 eo
1429 500 1553 538 Taciti
1579 500 1664 539 loco

215 554 331 594 multa
365 551 526 592 dicenda
554 559 662 600 sunt,
697 565 742 590 ea
774 552 943 604 proximo
970 551 1091 603 eapite
1119 565 1382 605 exsequemur.

737 681 1023 722 CAPUT
1078 683 1136 721 11.

516 763 573 800 De
603 761 749 813 aliquot
775 761 863 798 alie's
891 774 941 798 ea:
965 760 1092 798 eodem
1120 759 1218 799 libro
1247 763 1353 802 locis.

221 839 331 899 CUM
369 872 491 898 seeum
530 860 722 910 cogitaret
744 863 949 910 Augustus
980 861 1026 897 cle
1055 861 1232 911 Agrippa
1268 862 1463 909 Postumo,
1507 873 1575 900 suo
1611 875 1662 899 ιιι·

199 918 294 968 filia
324 923 483 967 nepote,
526 929 630 966 quem
668 917 705 954 in
734 918 895 954 insulam
926 917 1140 954 Planasiam
1165 919 1410 966 proiecerat,
1451 919 1660 955 revocando

212 985 260 1010 ae
277 971 466 1024 fortassis
495 984 714 1009 successore
743 973 900 1022 Imperii
920 973 1181 1022 relinquendO,
1214 973 1283 1010 uni
1307 986 1356 1010 ea:
1375 973 1544 1011 omnibus
1568 974 1660 1010 ami-

213 1029 269 1065 eis
308 1028 504 1065 eonsilium
541 1028 612 1064 lzoe
651 1040 756 1064 suum
786 1028 939 1077 aperuit
965 1027 1083 1064 Fabio
1113 1029 1299 1065 Maoeimo.
1358 1029 1428 1066 Ille
1463 1029 1565 1079 quod
1598 1041 1658 1065 ce-

211 1084 295 1122 lare
324 1083 524 1128 debuerat,
555 1084 725 1121 lilarliae
754 1084 874 1120 use-ori
897 1084 1071 1133 aperuz‘t3
1100 1084 1246 1120 Martia
1265 1083 1418 1121 Liviae.-
1450 1096 1546 1134 quae
1576 1096 1659 1121 cum

211 1151 258 1176 ea
299 1138 345 1174 de
375 1152 419 1176 re
446 1139 622 1189 graviter
650 1139 752 1189 apud
781 1139 900 1176 virum
931 1144 1132 1188 conquesta
1164 1144 1288 1185 esset,
1317 1138 1443 1189 facile
1473 1139 1662 1176 intellexit

210 1196 434 1243 Augustus,
476 1206 661 1231 areanum
699 1207 805 1231 suum
845 1206 868 1231 a
896 1193 1015 1232 Fabio
1048 1195 1241 1244 proditum
1281 1207 1374 1231 esse.
1434 1195 1566 1244 Itaque
1590 1207 1658 1244 po-

210 1250 346 1288 stridie
387 1249 434 1286 ab
461 1262 503 1286 eo
534 1249 726 1286 salutatus
753 1251 808 1286 ita
833 1262 915 1286 eum
945 1250 1195 1295 resalutavit,
1238 1255 1282 1286 ut
1304 1250 1489 1286 insaniam
1521 1249 1658 1286 obiice·

210 1311 287 1343 ret.
347 1305 465 1343 Iussit
496 1305 591 1341 enim
633 1316 715 1341 eum
749 1300 958 1356 ὑγιαίνειν,
1007 1304 1048 1340 id
1084 1311 1165 1350 est,
1207 1316 1301 1342 suna
1339 1311 1458 1342 mente
1493 1317 1572 1341 esse
1590 1301 1653 1355 ᾗ).

208 1361 401 1399 Percussit
437 1360 536 1397 illico
566 1360 680 1397 Fabii
704 1361 867 1396 animum
909 1360 950 1396 id
978 1360 1079 1409 quod
1106 1366 1204 1398 erut.
1263 1361 1397 1409 Itaque
1419 1360 1575 1410 peceati
1597 1359 1662 1396 sui

209 1416 381 1453 conscius
410 1415 556 1451 domum
583 1416 726 1460 rediit,
757 1414 945 1451 moriendi
968 1421 1111 1461 certus,
1142 1421 1182 1452 et
1210 1427 1291 1452 eum
1321 1428 1465 1461 umore,
1495 1428 1536 1451 se
1562 1427 1658 1464 gar-

208 1472 367 1508 rulitate
396 1470 498 1506 illius
519 1470 739 1519 perditum,
771 1470 954 1519 conqueri
979 1471 1113 1519 eoepit.
1171 1470 1245 1508 Illa
1273 1476 1430 1515 eontra,
1469 1471 1565 1515 Tua,
1597 1471 1655 1507 in·

209 1526 310 1576 quit,
344 1525 459 1574 prior
487 1524 598 1574 eulpa
626 1531 705 1570 est,
745 1525 814 1574 qui
838 1537 978 1561 mecum
1012 1530 1086 1561 tam
1118 1524 1182 1561 diu
1211 1530 1384 1562 versatus
1411 1537 1484 1562 non
1512 1537 1654 1574 eogno-

208 1582 308 1618 veris
344 1593 401 1617 me
429 1592 471 1616 eo
503 1580 653 1629 iugenio
684 1591 794 1624 esse,
834 1585 877 1616 ut
907 1585 1032 1616 tacere
1059 1592 1133 1616 non
1159 1592 1328 1629 possem,
1366 1592 1484 1630 neque
1511 1593 1568 1617 me
1597 1593 1655 1617 ee-

209 1638 328 1675 latam
365 1634 546 1672 habueris
582 1634 650 1680 id,
692 1635 794 1684 quod
830 1635 954 1672 taceri
989 1641 1186 1684 tantopere
1223 1640 1288 1672 tua
1319 1635 1518 1672 intererat.
1578 1635 1656 1673 Sed

208 1693 255 1730 de
285 1698 321 1730 te
351 1690 498 1741 quidem
529 1691 607 1740 usse
633 1691 787 1728 videris.
846 1691 947 1739 Ego,
977 1691 1015 1727 si
1036 1691 1128 1740 quid
1147 1691 1326 1740 peceavi,
1353 1702 1499 1740 poenas
1528 1703 1552 1728 a
1581 1703 1654 1727 me-

207 1753 284 1786 mec
320 1748 401 1797 zPsa
431 1746 598 1794 exigam.
666 1746 858 1795 Simulque
888 1752 1043 1796 arrepto
1069 1746 1228 1795 gladio,
1267 1758 1363 1795 quae
1390 1749 1527 1784 marito
1554 1758 1654 1782 mor-

208 1805 258 1842 tis
285 1814 458 1840 caussam
480 1801 735 1851 praebuerat,
768 1801 895 1838 eudem
925 1801 965 1837 ei
977 1800 1145 1852 fortiter
1165 1801 1355 1838 moriendi
1370 1801 1450 1838 dum
1470 1807 1509 1839 ec
1526 1813 1651 1838 eoeem-

200 1860 306 1910 plum
342 1857 442 1908 fuit.
526 1856 584 1893 Ita
634 1856 715 1894 fere
753 1854 977 1893 Plutarchus
1016 1856 1055 1893 in
1098 1857 1367 1893 commentario
1401 1854 1489 1909 περὶ
1523 1852 1653 1894 ἀδολε-

206 1913 312 1964 σχίας
327 1911 427 1963 Μ),
458 1910 555 1962 apud
585 1924 692 1962 quem
720 1917 843 1948 tamen
871 1913 1084 1950 Postumius
1109 1925 1177 1963 pro
1204 1914 1381 1950 Postumo
1412 1918 1450 1949 et
1479 1924 1546 1963 pro
1578 1913 1653 1949 Fa-

206 1969 267 2007 bio
294 1969 446 2007 Fulvius
461 1965 565 2018 ***)
605 1973 779 2017 corrupte
816 1967 967 2017 legitur.
1026 1966 1070 2004 In
1111 1979 1156 2004 ea
1195 1979 1237 2005 re
1276 1965 1463 2004 narranda
1501 1967 1653 2017 scripsit

205 2024 386 2062 Tacitus:
422 2024 587 2060 Gnarum
615 2023 656 2060 id
683 2023 865 2060 Caesar2·.·
898 2034 981 2060 eum
1013 2022 1227 2072 significare
1257 2022 1390 2067 vellet,
1423 2021 1461 2059 id
1492 2021 1651 2060 Caesari

206 2079 397 2129 cognitum
436 2089 480 2114 ac
519 2084 747 2127 compertum
774 2078 906 2115 fuisse.
965 2077 1062 2114 Nam
1093 2077 1189 2128 quod
1221 2084 1295 2114 tum
1325 2077 1409 2123 alii,
1453 2083 1528 2114 tum
1559 2076 1652 2114 Dio-

205 2134 338 2186 nysius
380 2133 698 2170 Halicarnasseus
749 2133 786 2168 in
827 2131 1112 2184 Thucydide†)
1152 2139 1351 2177 notarunt,
1405 2132 1528 2170 solere
1566 2144 1650 2170 eum

206 2190 425 2241 plerumque
470 2186 517 2226 ad
555 2186 826 2224 conciliandam
864 2187 1025 2224 orationi
1061 2187 1366 2237 peregrinitatem
1406 2187 1458 2223 uti
1496 2187 1649 2225 vocibus

206 2245 464 2297 ἐνεργητικαῖς
503 2245 751 2293 παθητικῶς,
788 2248 825 2279 et
862 2248 1017 2280 contra:
1060 2241 1097 2279 id
1136 2243 1256 2292 ipsum
1295 2249 1333 2280 et
1370 2242 1547 2290 Tacitus,
1587 2243 1649 2293 qui

206 2314 315 2351 quam
346 2300 503 2337 maxime
532 2297 798 2349 Thucydideus
829 2309 914 2335 esse
943 2296 1098 2342 studuit,
1129 2298 1255 2335 facere
1283 2300 1492 2335 consuevit.
1553 2297 1648 2336 Cum

205 2356 321 2407 igitur
362 2367 513 2406 gnarus
560 2354 696 2391 usitate
742 2351 888 2390 dicatur
931 2353 994 2404 qui
1038 2353 1135 2399 scit,
1187 2355 1346 2404 ignarus
1395 2354 1458 2405 qui
1496 2355 1646 2392 nescit:

205 2504 268 2535 sibi
287 2502 438 2533 vindicat.
464 2504 577 2530 FAESI.
598 2515 637 2522 —
675 2498 724 2531 ef.
743 2501 823 2529 Mur.
843 2498 945 2535 Epist.
968 2500 1047 2535 opp.
1069 2501 1156 2529 Tom.
1177 2503 1202 2531 1.
1230 2508 1302 2537 pag.
1322 2500 1394 2531 537.
1422 2507 1492 2530 cum
1511 2503 1647 2532 annota-

203 2545 293 2574 tione
313 2540 486 2570 Thomasii.

281 2590 325 2626 22³)
346 2589 492 2618 nualdus
512 2587 545 2616 in
564 2587 759 2616 Animadvv.
780 2585 812 2614 in
832 2586 914 2614 Plut.
935 2584 1095 2614 animadv.
1116 2586 1166 2614 43.
1187 2588 1291 2622 putat,
1312 2588 1494 2622 Augustum
1513 2595 1647 2624 respon-

206 2628 294 2661 disse
320 2628 413 2662 Vale,
434 2626 528 2661 idque
549 2626 644 2655 etiam
664 2624 869 2655 morientibus
890 2623 951 2651 diei
970 2625 1109 2653 solitum.
1147 2626 1260 2654 FAEsr.

281 2677 330 2702 *zt-
393 2682 411 2703 a
436 2697 443 2703 .
463 2674 535 2703 508.
558 2675 600 2703 A.

281 2675 437 2765 *21:30⁰ss
464 2729 514 2757 ed.
542 2726 784 2764 wyttenbachii
811 2726 941 2756 affertur
970 2727 1064 2757 varia
1096 2727 1192 2756 lectio
1221 2727 1289 2756 cod.
1317 2728 1401 2758 Mez.
1430 2719 1570 2766 Φάβιος
1588 2736 1644 2765 pro

207 2767 398 2811 Φούλβιος.
436 2774 549 2802 FAEsr.

281 2829 327 2869 †]
347 2822 433 2868 περὶ
455 2822 528 2856 τῶν
558 2819 714 2856 (Douma.
737 2816 947 2867 ἰδιωμάτων
966 2833 1037 2862 cap.
1056 2827 1086 2856 8.
1107 2827 1196 2856 Tom.
1217 2827 1269 2857 VI.
1290 2832 1362 2863 pag.
1383 2825 1453 2856 797.
1474 2824 1585 2855 Reisk.
