1726 3106
506 159 609 199 LIB.
641 159 691 200 V.
751 158 870 198 CAP.
903 157 995 198 XX.
1402 157 1483 200 113

44 285 117 311 non
150 278 271 310 tamen
302 270 398 309 hane
425 270 610 309 veriorem
644 276 681 308 et
709 269 974 320 simpliciorem
1003 274 1115 321 puto·
1157 281 1202 307 ea
1235 275 1367 313 nocte,
1410 281 1482 319 qua

41 335 148 379 capta
188 334 246 365 est
277 327 418 372 Troia,
461 325 561 363 visos
589 338 676 363 esse
692 325 796 362 deos
827 324 1012 370 Aeneae,
1057 330 1237 362 exeuntes
1279 336 1301 361 e
1332 324 1479 374 templis

40 391 78 420 et
117 382 308 420 simulacra
345 394 410 418 sua
446 388 697 444 asportantes.
757 379 895 417 Solitas
928 386 1030 418 celte
1068 392 1090 416 a
1129 377 1198 416 diis
1238 379 1314 415 suis
1351 377 1479 416 deseri

39 450 103 475 eas
133 437 327 484 civitates,
369 448 462 486 quae
494 449 577 473 mox
608 437 645 472 in
676 435 834 472 hostium
869 441 1092 483 potestatem
1124 440 1303 471 venturae
1330 439 1474 479 essent,

37 499 100 529 aut
142 491 268 528 saltem
310 503 389 527 eam
430 491 547 528 fuisse
586 498 752 528 veterum
783 489 1017 538 opinionem,
1059 488 1222 526 ostendit
1250 488 1475 539 Aeschylus,

35 544 132 596 apud
170 558 274 596 quem
304 544 480 582 Eteocles
517 546 681 583 offensus
719 544 983 594 superstitione
1023 543 1244 588 mulierum,
1286 556 1380 594 quae
1409 556 1475 580 va·

35 608 167 650 gantes
197 613 262 650 per
291 600 453 649 templa,
494 600 530 637 in
571 607 671 637 tanto
702 600 861 637 civitatis
893 598 1083 649 periculo,
1126 597 1327 649 implebant
1351 599 1474 636 omnia

35 655 283 699 clamoribus,
324 655 425 691 iubet
467 667 531 691 cas
560 655 596 692 id
627 654 734 692 modo
765 660 893 703 optare
923 666 967 690 ac
997 653 1170 703 precari,
1209 660 1247 690 ut
1277 653 1391 690 turris
1420 654 1473 690 ci-

32 723 99 749 ves
126 710 171 747 ab
201 711 313 747 armis
346 710 505 746 hostium
535 716 719 760 protegat.
781 708 901 756 Quem
936 721 1017 745 cum
1050 708 1136 745 illac
1156 708 1468 756 interrogassent,
1501 715 1564 746 118

33 764 214 803 undenam
247 764 305 809 id,
347 765 419 801 nisi
448 778 469 801 a
499 764 589 813 diis,
629 766 788 802 futurum
819 770 986 814 putarzet
1028 762 1260 813 respondens
1290 763 1351 800 ille
1381 776 1472 814 qua-

31 821 137 870 sique
175 818 332 856 illudens
363 821 414 856 ait
444 820 551 869 vulgo
578 796 653 857 'diei
684 819 855 863 solitum,
899 817 1084 856 excedere
1115 817 1230 863 deos,
1265 830 1346 855 cum
1379 818 1469 856 urbs

30 875 153 926 aliqua
190 875 348 925 capitur.
408 875 554 914 Versus
584 875 622 912 hi
655 881 740 912 sunt
769 886 789 912 c
819 873 966 920 fabula,
1010 885 1104 925 quae
1133 873 1350 912 inscribitur
1378 869 1474 913 ἑπτὰ

29 928 92 970 ἐπὶ
125 925 271 980 Θηβαις
285 927 347 982 ὴὲ).

132 1002 212 1044 Ἐτ.
270 1002 430 1072 Πύργον
457 1003 599 1073 στέγειν
626 1002 784 1071 εὔχεσθε
815 1005 1005 1056 πολεμίων
1033 1001 1147 1058 δόου·
1138 1003 1162 1029 '¹

139 1063 212 1099 Xo.
273 1058 428 1100 Οὐκοῦν
456 1057 540 1099 τάδ’
574 1059 677 1099 ἔσται
705 1057 803 1112 ποὸς
829 1063 960 1109 fiscia),-
984 1057 1062 1100 Ἐτ.
1081 1039 1172 1099 ἀλλ’
1207 1055 1254 1098 οὗ
1283 1055 1406 1107 θεοὺς

141 1112 242 1161 Τοὺς
264 1118 333 1165 τῆς
361 1111 527 1165 ἁλούσης
555 1113 648 1154 πόλε
633 1131 702 1162 cmg·
729 1115 913 1155 ἐκλείπειν
939 1112 1074 1168 λόγοςς

26 1203 154 1257 quem
179 1191 217 1229 in
255 1190 374 1228 locum
405 1191 637 1229 Sclioliastes
671 1193 750 1237 ait,
795 1191 833 1228 id
863 1192 1067 1241 contigisse
1096 1190 1288 1229 Troianis.
1330 1188 1468 1258 Λέγε·

24 1261 87 1286 ται
112 1242 209 1300 γὰρ,
245 1247 385 1297 inquit,
428 1244 486 1285 ότι
523 1244 616 1285 όταν
644 1246 770 1297 ἔμελλε
795 1249 1051 1297 πορθηθῆναι
1079 1243 1106 1297 ἦ
1140 1246 1288 1312 Τροία,
1323 1241 1466 1296 ἐφάνη-

24 1314 97 1341 σαν
133 1301 173 1340 οἷ
195 1300 284 1341 θεοὶ
319 1304 398 1348 τοῖς
432 1300 580 1354 Τρωσὶν
613 1298 832 1352 ἀνελόμενοι
869 1299 910 1340 ἐκ
948 1303 1024 1340 τῶν
1060 1303 1166 1340 ναῶν
1193 1297 1240 1339 τὰ
1269 1297 1465 1353 ἀγάλματα

25 1353 153 1397 αὐτῶν
168 1354 256 1409 Ἠε).
312 1356 469 1395 Aeneae
499 1364 621 1394 autem
641 1354 768 1408 ἢῆ),
804 1363 958 1408 propter
987 1356 1209 1406 singularem
1239 1356 1355 1406 ipsius
1383 1356 1463 1407 pie-

23 1419 160 1459 tatem,
201 1425 267 1449 eos
295 1412 436 1462 potius,
478 1425 583 1462 quam
615 1412 783 1462 cuiquam
812 1412 900 1457 alii,
933 1412 1152 1462 apparuisse
1182 1410 1359 1448 credibile
1390 1417 1459 1450 est.

24 1467 90 1505 Sic
127 1474 165 1505 et
205 1467 406 1518 Tyriorum
454 1467 578 1505 multis
600 1466 678 1520 †),
739 1480 821 1505 cum
858 1468 999 1518 Tyrum
1038 1464 1258 1505 Alexander
1293 1465 1462 1517 Philippi

25 1522 121 1560 fitius
158 1522 372 1568 obsideret,
412 1522 512 1560 visus
546 1528 603 1560 est
630 1523 667 1559 in
699 1523 837 1560 somnis
866 1521 1004 1573 Apollo
1033 1520 1183 1570 dicere,
1227 1534 1268 1559 se
1296 1521 1341 1559 ad
1367 1521 1461 1559 Ale-

23 1576 204 1615 xandrum
233 1577 359 1615 abire:
395 1591 466 1614 non
498 1577 597 1615 enim
627 1577 698 1614 sibi
728 1578 900 1628 placere,
939 1590 1033 1628 quae
1063 1578 1102 1616 in
1129 1578 1280 1617 civitate
1310 1577 1456 1616 fierent.

21 1631 156 1684 Neque
184 1633 234 1671 ita
263 1632 375 1670 multo
404 1639 491 1684 post
516 1638 625 1684 capta
648 1638 708 1670 est.
734 1632 875 1684 Tyrus.

521 1785 552 1824 C
582 1784 620 1824 A
646 1784 681 1824 P
706 1785 743 1824 U
770 1785 805 1824 T
859 1784 960 1824 XX.

226 1863 448 1902 Illustratus
474 1864 642 1902 Platonis
671 1863 774 1901 locus
802 1876 852 1901 ex
879 1862 1080 1901 Alcibiade
1103 1862 1243 1913 prz'nzo.

23 1941 208 1999 URBANo
248 1968 285 2000 et
317 1961 478 2011 eleganti
508 1962 666 2000 artificio
695 1975 785 2000 usus
815 1968 872 1999 est
903 1960 1078 1998 Socrates
1107 1958 1154 1998 ad
1183 1958 1458 2011 reprimendum

22 2016 231 2055 Alcibiadis
269 2017 401 2054 fastum
431 2017 468 2054 in
499 2029 543 2055 eo
576 2017 748 2068 dialogo,
792 2017 852 2067 qui
888 2016 1108 2054 inscribitur
1134 2014 1352 2053 Alcibiades
1382 2017 1460 2067 pri-

23 2085 118 2110 mus.
177 2070 275 2109 Nam
304 2084 386 2109 cum
416 2072 487 2109 sibi
517 2071 762 2122 persuaderet
788 2071 1006 2109 adolescens
1027 2070 1090 2108 ille
1112 2068 1228 2123 (quod
1252 2071 1332 2108 eius
1353 2077 1458 2109 aeta-

23 2127 72 2164 tis
106 2139 188 2164 esse
224 2127 411 2177 ingenium
451 2127 596 2180 solet),
645 2126 789 2165 abunde
836 2127 906 2164 iam
947 2127 1167 2164 instructum
1209 2138 1295 2163 esse
1333 2138 1376 2163 se
1410 2127 1457 2163 iis

25 2182 194 2219 omnibus
240 2182 376 2227 rebus,
432 2195 525 2233 quae
568 2182 614 2220 ad
659 2181 985 2220 administrandam
1034 2193 1151 2231 remp.
1204 2182 1454 2231 pertinerent,

22 2236 155 2274 blande
203 2249 407 2287 aggressus
455 2237 638 2275 hominem
671 2237 849 2275 Socrates
889 2236 1062 2288 paulatim
1102 2235 1369 2286 interrogando
1410 2249 1456 2273 eo

22 2291 216 2343 perduxit,
260 2298 298 2329 ut
332 2304 380 2329 ex
419 2292 535 2343 ipsius
577 2293 883 2344 responsionibus
923 2298 1050 2342 aperte
1087 2291 1327 2337 efficeretur,
1372 2303 1456 2329 eum

23 2347 156 2384 nullam
193 2359 277 2384 esse
313 2346 432 2385 adhuc
473 2347 561 2385 iusti
585 2355 624 2386 et
653 2348 777 2385 iniusti
806 2348 997 2385 scientiam
1027 2352 1281 2384 consecutum.
1344 2345 1457 2384 Cum-

24 2413 95 2452 que
131 2414 245 2452 aegre
285 2402 403 2440 ferret
433 2401 698 2453 quodammodo
724 2401 945 2441 Alcibiades
974 2409 1013 2440 et
1039 2400 1319 2452 indignaretur,
1360 2400 1457 2452 quod

97 2566 119 2588 ³
107 2562 141 2598 )
161 2569 193 2591 v.
215 2563 276 2592 216
296 2570 342 2597 sq.
380 2564 470 2592 Nunc
489 2563 605 2597 legitur
623 2558 812 2609 πολέμιον
845 2553 936 2602 δόρυ
961 2578 1021 2591 ...
1054 2551 1189 2592 οὔκουν
1214 2578 1268 2592 ...
1292 2554 1367 2590 ἀλλ’
1393 2547 1458 2591 οὖν

24 2598 132 2638 θεοὺς
160 2621 214 2633 ..-
237 2597 368 2637 πόλεος
390 2601 568 2635 ἐκλείπειν
592 2599 710 2647 λόγος.

95 2659 165 2724 ἰίιῑάἱι)
185 2660 394 2690 Ruhnkenius
413 2664 508 2697 atque
529 2663 666 2694 tvolfius
686 2656 818 2692 αὐτῶν.

100 2710 161 2735 «ἓν
157 2709 191 2743 Ιἐ)
218 2709 319 2738 Huius
358 2710 416 2738 loci
446 2711 711 2741 constructionem
738 2710 940 2748 reprehendit
968 2709 1139 2739 Lambinus
1168 2708 1305 2745 epistota
1333 2711 1463 2740 laudata

22 2752 94 2781 pag.
114 2747 184 2775 399.
214 2748 252 2775 D.
273 2748 310 2775 R.
330 2762 367 2768 —
396 2749 444 2775 De
464 2748 533 2782 ipso
555 2751 652 2778 verbo
671 2758 824 2786 apparere
844 2750 908 2779 vid.
925 2748 1051 2783 sciopp.
1068 2748 1106 2776 de
1123 2747 1198 2777 stilo
1213 2748 1288 2777 hist
1303 2755 1376 2784 pag.
1393 2751 1463 2779 135.

22 2784 71 2812 ed.
91 2785 184 2813 Fabr.
204 2784 330 2813 Krebsii
349 2785 513 2814 Antibarb.
534 2793 605 2822 pag.
627 2789 710 2819 111.

96 2831 142 2869 ·1-)
164 2834 317 2861 Gruterus
343 2834 402 2861 hoc
431 2834 608 2863 desumtum
637 2836 727 2869 putat
755 2843 796 2863 ex
818 2834 926 2864 Curtio
947 2835 1061 2872 1V.3,
1082 2834 1133 2864 2¹.
1173 2833 1238 2863 Sed
1257 2835 1306 2864 est
1327 2842 1368 2864 ex
1386 2836 1467 2865 Plu-

23 2870 123 2898 tarch.
142 2870 207 2898 vit.
228 2871 325 2899 Alex.
345 2873 389 2900 M.
409 2878 477 2906 cap.
501 2871 553 2900 2⁴.
571 2878 643 2906 pag.
666 2873 737 2902 678.
758 2874 793 2902 c.
831 2874 943 2901 FAESI.

77 2924 206 2952 Munm.
228 2923 302 2952 Orr.
323 2924 402 2954 Vm..
423 2925 477 2954 111.
498 2925 646 2961 (ΠυκΝκ.
658 2927 715 2954 En.
726 2925 882 2961 Tom.11.)
1178 2906 1208 2949 8
