1778 3096
288 123 372 167 332
853 126 977 167 VAR.
1010 126 1161 166 LECT.

289 233 472 284 dederis,
536 250 765 290 quocumque
808 235 916 276 modo
969 243 1008 275 et
1054 236 1196 277 scribas
1213 267 1226 286 ,
1297 246 1336 278 et
1382 240 1534 292 loquare
1551 268 1565 288 ‚
1623 239 1727 281 dicas

287 290 443 330 licebit:

430 355 580 410 Ταύτης
605 373 664 397 τοι
691 361 825 411 γενεῆς
852 372 891 397 τε
920 356 987 397 καὶ
1013 356 1172 410 αἵματος
1199 355 1354 412 εὔχομαι
1380 356 1479 400 εἶναι
1491 360 1553 414 *).

199 442 262 473 846
286 434 375 472 Fuit
402 434 493 472 hacc
524 435 569 473 de
599 437 781 487 principio
810 436 995 474 laboriosa
1027 435 1204 486 quaedam
1235 444 1273 474 et
1301 439 1482 489 exquisita
1512 436 1723 488 diligentia:

286 503 384 527 nunc
415 491 450 527 in
475 491 659 540 ignaviam
684 493 807 530 vertit.
860 491 960 539 Quid
980 493 1076 529 enim
1101 492 1216 542 magis
1248 493 1283 529 in
1311 501 1477 544 promptu
1498 501 1571 537 est,
1600 505 1724 543 quam,

286 557 368 581 cum
410 546 496 595 quid
533 548 700 584 scribere
737 549 930 597 ingressus
971 548 1046 592 sis,
1087 545 1132 584 de
1175 547 1329 597 singulis
1369 550 1508 586 voculis
1537 548 1727 585 Nizolium

285 601 514 638 consulere?
560 601 658 649 Quid
686 610 720 640 tu
744 602 886 652 igitur?
915 603 1082 653 inquieS‚
1116 614 1162 639 cx
1191 602 1359 640 omnibus
1379 605 1538 654 antiquis
1567 604 1726 653 scripto-

286 656 390 693 ribus
431 657 529 694 nullo
568 657 785 695 discrimine
817 658 954 705 verba,
993 658 1123 708 quibus
1156 664 1286 704 utare,
1331 657 1556 709 depromes?
1610 658 1727 696 Immo

283 723 375 748 vcro
410 711 594 750 adhibebo
625 712 821 758 iudicium,
860 713 1002 751 habebo
1033 713 1230 757 dilectum,
1271 720 1309 751 et
1338 726 1419 751 cum
1451 727 1497 752 ex
1533 715 1578 751 iis
1609 714 1726 764 potis-

284 769 433 813 simum,
466 769 526 818 qui
558 769 786 818 antiquitatis
806 782 950 819 quoque
982 769 1051 819 ipsi
1077 769 1262 819 principes
1291 769 1361 806 visi
1388 776 1486 815 sunt,
1521 768 1723 814 Cicerone,

283 819 468 869 Caesare,
500 823 696 869 Terentio,
727 823 826 870 aliis,
859 838 964 875 quam
998 824 1151 874 plurima
1186 837 1400 875 sumpsero:
1435 838 1515 862 cum
1546 824 1724 861 orationis

282 889 390 914 meae
421 891 540 928 genus
578 879 623 916 ad
663 892 791 916 eorum
822 880 1034 930 exemplar,
1075 892 1180 930 quam
1224 880 1378 917 maxime
1410 887 1593 930 potuero,
1633 891 1724 916 con-

282 933 469 979 formaro,
514 947 561 971 cx
595 935 677 972 aliis
717 947 862 986 quoque
895 935 1136 972 bellissimum
1168 934 1338 986 quodque
1376 948 1549 986 carpam,
1587 941 1624 972 et
1653 947 1724 984 quo

282 989 438 1039 quisque
469 990 626 1027 maxime
659 991 884 1027 excelluisse
914 990 1115 1036 videbitur,
1146 988 1182 1026 id
1213 990 1348 1027 imitari
1375 997 1484 1040 atque
1516 990 1724 1040 exprimere

282 1045 468 1082 conabor:
509 1058 629 1096 neque
657 1046 693 1082 in
726 1046 772 1082 iis
804 1045 940 1091 modo,
973 1058 1064 1096 quos
1093 1045 1200 1096 paulo
1230 1052 1316 1082 ante
1347 1046 1555 1091 nominavi,
1588 1043 1654 1083 sed
1686 1045 1723 1082 in

280 1099 514 1138 Tertulliano
531 1099 627 1153 Μ),
658 1100 844 1147 Arnobio,
878 1102 1126 1152 Hieronymo,
1153 1100 1381 1151 Augustino,
1413 1100 1638 1146 Ambrosio,
1667 1106 1721 1145 et,

280 1154 378 1205 quod
410 1157 526 1206 magis
562 1157 733 1203 mireris,
778 1157 989 1208 Appulei0,
1031 1155 1284 1204 Cassiodoro,
1319 1155 1509 1193 Martiano
1546 1156 1656 1193 etiam
1687 1160 1725 1193 et

279 1209 438 1248 Sidonio
461 1212 670 1262 Apollinari
701 1212 813 1249 multa
841 1213 1044 1263 reperiam,
1076 1211 1206 1262 quibus
1237 1224 1303 1249 suo
1333 1212 1415 1249 loco
1445 1211 1574 1262 positis
1604 1211 1724 1248 oratio

278 1265 434 1303 uberior
473 1274 511 1304 et
545 1267 713 1304 ornatior
752 1268 828 1304 liat.
888 1267 974 1305 Tibi
1005 1280 1173 1318 quoque,
1213 1266 1334 1312 Dari,
1379 1274 1509 1304 auctor
1540 1279 1643 1312 sum,
1684 1271 1724 1302 ut

278 1319 376 1358 idem
414 1321 554 1368 facias,
594 1323 630 1359 in
662 1322 865 1372 primisque
904 1329 1019 1359 utne
1051 1335 1176 1359 eorum
1215 1322 1404 1358 stultitiam
1433 1322 1617 1366 imiteris,
1661 1320 1720 1371 qui

277 1388 394 1426 usque
428 1389 473 1413 eo
503 1376 732 1427 antiquitatis
763 1376 916 1414 studiosi
949 1383 1054 1422 sunt,
1099 1383 1138 1413 ut
1166 1389 1278 1414 voces
1309 1389 1452 1427 quoque
1483 1376 1723 1414 Christianae

276 1431 472 1480 religionis
503 1433 672 1482 proprias
701 1433 888 1482 refugiant
916 1439 952 1470 et
984 1433 1019 1469 in
1049 1445 1175 1469 earum
1205 1432 1325 1469 locum
1356 1433 1448 1470 alias
1479 1432 1719 1476 substituant,

277 1499 430 1536 quarum
471 1487 669 1524 nonnullae
709 1488 819 1524 etiam
859 1488 1087 1537 impietatem
1117 1487 1243 1524 olent:
1289 1487 1349 1537 qui
1378 1500 1449 1524 non
1466 1487 1610 1536 fidem,
1654 1484 1722 1523 sed

271 1543 581 1592 persuasz'onem3
620 1555 693 1578 non
721 1550 997 1580 sacramentum
1028 1543 1200 1591 eorporis
1229 1543 1435 1587 Domim'ez',
1479 1540 1545 1579 sed
1578 1542 1719 1579 sancti-

263 1596 387 1647 ficum
414 1598 650 1635 crustulum.-
691 1610 763 1634 non
794 1598 1123 1634 eoecommzcm'care
1140 1593 1266 1648 ΨΜ),
1299 1596 1365 1634 sed
1391 1597 1487 1634 deris
1515 1597 1718 1635 devovere.-

274 1665 351 1690 non
391 1654 583 1702 Angelos,
629 1651 694 1689 sed
724 1654 880 1702 genios.-
924 1666 995 1689 non
1037 1652 1238 1702 baptizare
1252 1650 1326 1704 †),
1370 1650 1436 1689 sed
1472 1651 1627 1690 abluere
1663 1650 1721 1688 di-

276 1713 388 1752 cunt,
428 1709 572 1759 aliaque
600 1706 731 1745 eodem
762 1706 871 1744 modo
900 1705 1126 1758 depravant:
1168 1707 1253 1757 qui,
1283 1713 1322 1744 ut
1346 1707 1500 1757 opinor,
1542 1707 1614 1744 nisi
1645 1706 1718 1744 sibi

274 1769 499 1809 metuerent,
532 1763 642 1800 etiam
668 1777 732 1810 pro
756 1762 910 1800 Christo
937 1765 1058 1802 Iovem
1090 1764 1263 1813 optimum
1291 1764 1492 1800 maximum
1523 1760 1714 1801 dicerent:

274 1825 335 1855 est
364 1819 462 1856 enim
502 1819 621 1868 magis
654 1818 959 1856 Ciceronianum.
1019 1818 1128 1865 Quae
1166 1825 1290 1855 autem
1330 1817 1474 1855 insania
1507 1824 1608 1871 est,
1633 1829 1716 1855 cum

268 1876 487 1924 porricere,
510 1887 590 1911 cum
618 1875 829 1924 impetrire,
854 1887 936 1911 cum
961 1875 1164 1924 tripudium
1188 1873 1421 1918 solestanum,
1450 1885 1531 1910 cum
1556 1873 1716 1923 pateras

182 1936 246 1967 317
275 1936 314 1966 et
350 1931 541 1980 sympuvio
569 1929 727 1979 legimus
745 1928 854 1982 ††),
897 1936 1028 1966 notare
1058 1942 1103 1966 ea
1140 1935 1325 1979 tamquam
1370 1927 1468 1965 dicta
1507 1928 1713 1978 sapienter,

273 1984 370 2035 quod
392 1997 440 2022 ex
459 1985 697 2034 auguralibus
718 1992 757 2023 et
775 1984 1047 2036 pontificalibus
1070 1984 1175 2022 libris
1199 1983 1416 2037 deprompta
1439 1983 1535 2035 siut3
1565 1983 1715 2035 propria

347 2093 391 2129 εἴτ)
412 2095 463 2122 Ex
482 2095 610 2123 nomer.
630 2094 719 2123 Iliad.
741 2095 793 2123 VI.
812 2094 884 2123 211.

346 2141 413 2176 ³:⁵³³)
442 2144 537 2175 Gasp.
558 2142 724 2176 Scioppius
745 2143 875 2170 Rlietor.
896 2141 1035 2170 Exercit.
1055 2149 1127 2176 pag.
1150 2141 1198 2171 17.
1224 2143 1256 2170 et
1284 2141 1323 2169 de
1342 2140 1417 2171 stilo
1437 2140 1548 2170 histor.
1568 2147 1639 2176 pag.
1660 2140 1710 2171 64.

271 2180 445 2215 existimat,
468 2182 548 2208 haee
566 2182 723 2208 Muretum
744 2188 805 2207 non
822 2187 863 2206 ex
885 2179 981 2207 animi
999 2179 1157 2207 sententia
1177 2179 1356 2214 scripsisse,
1375 2179 1432 2206 sed
1451 2181 1486 2207 ut
1508 2178 1539 2206 in
1559 2181 1619 2207 Ilac
1636 2186 1711 2213 pro-

271 2218 430 2252 fessione,
455 2217 482 2245 si
503 2216 576 2252 quid
597 2217 657 2244 sibi
677 2217 780 2244 miuus
802 2217 1041 2244 Ciceronianum
1063 2217 1251 2251 excidisset,
1280 2218 1438 2245 latebram
1457 2216 1601 2245 liaberet.
1640 2217 1710 2245 Ad—

270 2262 387 2284 versus
408 2254 589 2289 Scioppium
616 2254 758 2288 disputat
777 2255 839 2281 lac.
863 2253 1053 2281 'rnomasius
1074 2254 1215 2282 Praefat.
1235 2260 1306 2288 pag.
1327 2255 1410 2282 VIII.
1448 2253 1527 2281 Mihi
1546 2253 1578 2282 in
1599 2254 1657 2283 tali
1676 2262 1711 2282 re

270 2301 335 2322 lion
355 2293 428 2327 quid
450 2292 582 2327 quisque
603 2292 736 2326 dixerit,
759 2291 947 2325 praesertim
968 2292 1102 2325 tempori
1123 2291 1281 2326 serviens,
1306 2292 1361 2319 sed
1383 2291 1455 2326 quid
1478 2293 1564 2320 certo
1585 2294 1615 2320 et
1634 2298 1710 2320 con-

270 2331 370 2361 stanti
391 2330 505 2358 iudicio
527 2329 652 2365 sec-erit,
681 2329 886 2363 spectandum
908 2329 1042 2356 videtur.
1082 2329 1180 2363 Atqui
1201 2337 1252 2356 res
1279 2329 1350 2362 ipsa
1369 2328 1523 2364 loquitur,
1554 2331 1711 2358 muretum

270 2376 334 2397 non
355 2367 456 2404 alios,
478 2367 537 2395 nisi
559 2367 760 2401 Ciceronem,
782 2370 815 2395 et
835 2365 975 2400 reliquos
996 2366 1132 2400 optimae
1156 2366 1271 2395 aetatis
1291 2367 1464 2400 scriptores
1483 2365 1633 2395 imitando
1654 2374 1710 2396 ex-

270 2406 450 2441 pressisse3
480 2405 634 2439 Appuleii
653 2407 779 2440 autem,
810 2403 1013 2437 cassiodori,
1036 2404 1171 2440 Sidonii,
1196 2408 1227 2432 et
1246 2404 1395 2433 similium
1416 2404 1533 2440 verba,
1560 2407 1710 2438 tanquam

268 2444 451 2478 scopulum,
490 2442 619 2477 fugisse.
668 2443 754 2471 Vera
782 2441 877 2475 igitur
910 2444 960 2469 est
986 2441 1125 2476 scioppii
1154 2442 1322 2470 sententia.
1362 2443 1399 2470 Ι).
1420 2443 1459 2470 R.
1486 2456 1522 2462 -
1567 2443 1630 2470 Sed
1659 2442 1710 2471 liis

269 2488 401 2516 prorsus
426 2480 552 2514 gemina
580 2479 655 2508 dicit
679 2482 823 2509 Muretus
850 2478 881 2506 in
910 2478 1055 2513 Epistola
1084 2480 1123 2507 ad
1146 2480 1356 2508 Cardauetum
1383 2480 1462 2514 Opp.
1484 2480 1572 2507 Τοω.
1593 2481 1615 2508 l.
1637 2487 1707 2514 pag.

267 2519 332 2547 456
352 2525 400 2552 sq.
427 2520 461 2546 et
487 2518 676 2546 sententiam
704 2517 754 2545 hic
774 2518 929 2551 prolatam
955 2516 1072 2544 acriter
1098 2516 1245 2545 defendit.
1284 2519 1394 2545 FABSI.
1416 2532 1453 2538 -
1491 2517 1562 2545 vid.
1583 2518 1707 2546 Ruhuk.

268 2555 410 2586 l‘raefat.
429 2562 501 2590 pag.
522 2556 575 2584 lv.
597 2558 629 2584 et
648 2556 812 2590 Wyuenb.
834 2554 865 2582 in
886 2554 947 2583 vit.
968 2555 1093 2582 Runnk.
1113 2561 1186 2590 pag.
1207 2554 1278 2584 230.
1298 2555 1346 2584 ed.
1365 2554 1466 2590 Lugd.
1485 2554 1556 2584 Bat.
1593 2556 1653 2584 Fa.

343 2603 436 2639 *az-³2³]
458 2602 505 2632 Cf.
525 2602 652 2632 Krebsii
671 2603 838 2633 Antibarb.
859 2608 931 2637 pag.
952 2601 1023 2631 209.

343 2650 389 2690 Τ)
411 2651 458 2682 Cf
478 2658 577 2686 supra
596 2651 650 2681 lib.
672 2652 755 2681 XIII.
776 2657 845 2686 cap.
865 2650 896 2680 9.

343 2699 418 2738 ’ὶ-τ)
446 2702 534 2729 Haec
554 2701 713 2729 voeabula
738 2700 820 2735 apud
847 2698 952 2734 ipsum
979 2697 1182 2728 inveniuntur
1201 2699 1403 2735 Ciceronem,
1431 2700 1527 2735 atque
1545 2698 1706 2733 porricere

267 2737 394 2773 quidem
414 2740 491 2772 Epp.
512 2739 552 2766 ad
573 2739 638 2767 Att.
658 2738 712 2766 lib.
728 2738 765 2767 V
786 2737 1175 2772 ep.18.§.1.i111pelrire
1194 2738 1233 2765 de
1253 2737 1358 2766 Divin.
1379 2738 1432 2765 lib.
1450 2739 1473 2765 I.
1494 2744 1562 2771 cap.
1580 2737 1608 2764 2.
1625 2737 1695 2772 5.

267 2783 337 2810 cap.
360 2776 408 2805 16.
430 2778 462 2811 5.
480 2777 528 2805 28.
549 2776 601 2804 lib.
623 2777 659 2804 11.
681 2782 749 2810 cap.
767 2776 816 2803 15
838 2774 873 2810 5.
886 2775 937 2803 35.
966 2775 1133 2809 cmpmtz'um
1152 2776 1332 2804 solistimum
1351 2775 1425 2804 ibid.
1444 2774 1497 2803 liu.
1511 2776 1549 2803 II.
1570 2780 1640 2807 cap.
1654 2774 1704 2802 34.

269 2813 303 2846 5.
325 2813 374 2841 72.
397 2817 477 2841 extr.
506 2815 634 2848 paterae
653 2814 739 2842 Brut.
761 2819 830 2846 cap.
852 2813 900 2841 11.
923 2812 955 2847 5.
976 2812 1026 2840 43.
1055 2813 1204 2847 simpuvia
1224 2813 1263 2841 de
1282 2814 1414 2846 Republ.
1433 2812 1488 2841 lib.
1508 2812 1561 2843 vl.
1581 2818 1651 2846 cap.
1671 2812 1702 2847 2,

268 2851 319 2880 fl.
340 2857 412 2886 pag.
432 2850 503 2880 482.
525 2851 573 2880 ed.
595 2851 690 2880 Orell.
711 2851 773 2887 [ex
792 2852 872 2881 Non.
889 2851 943 2881 IV.
963 2849 1034 2880 434.
1054 2857 1126 2887 pag.
1146 2850 1218 2881 398.
1238 2850 1288 2881 ed.
1307 2849 1435 2887 Mero.).
