1778 3096
476 154 578 195 LIB.
610 153 700 194 XV.
761 152 880 195 CAP.
912 152 1061 196 XVIII.
1417 154 1502 198 353

48 275 204 314 auctor,
241 266 389 306 Samius
419 265 557 304 fuerit:
596 277 718 317 neque
748 277 876 304 omnes
904 263 1050 303 Dorico
1078 276 1253 303 sermone
1284 266 1496 318 scripsere.

47 322 295 375 Empedocles
333 328 438 359 certe
477 320 604 358 Ionice
639 321 813 371 scripsit3
852 321 914 371 qui
952 327 1075 359 tamen
1104 320 1369 373 Pythagoreus
1409 323 1494 361 fuit.

46 383 105 420 At
133 380 247 424 alter,
278 377 414 427 inquit,
445 377 699 427 Hippodamus
725 377 852 414 lonico
881 389 970 413 usus
989 376 1150 427 suisset.
1211 377 1370 415 Miletus
1399 379 1497 416 enim

46 435 176 474 Ioniae
205 433 337 470 civitas
354 431 453 482 ficit.
514 431 632 478 Quasi
661 443 751 468 vero
782 442 940 468 necesse
970 432 1045 477 sit,
1085 444 1382 483 unumquemque
1413 434 1496 470 eius

46 489 169 539 gentis
203 487 329 537 lingua
358 487 394 523 in
426 485 624 524 scribendo
654 486 733 531 uti,
776 485 815 522 in
846 498 917 536 qua
947 485 1027 535 ipse
1064 493 1171 523 natus
1203 492 1274 525 est.
1333 486 1496 526 Frustra

46 548 257 581 certassent
295 549 438 592 septem
476 542 588 579 urbes
626 539 672 578 de
711 541 826 590 stirpe
865 540 1025 590 insignis
1057 541 1241 587 Homeri,
1287 541 1319 578 si
1346 543 1424 580 'ulla
1454 543 1494 581 in

45 598 115 635 hoc
145 604 366 646 argumento
406 598 562 634 firmitas
601 602 715 634 esset.
774 595 911 645 Neque
948 607 1020 645 ego
1054 603 1141 645 puto
1169 609 1214 633 ea
1250 596 1376 647 lingua
1405 610 1493 635 usos

44 652 262 702 Stagirites,
295 665 364 703 qua
385 651 615 690 Aristoteles
644 650 815 701 scripsit:
846 657 923 695 aut,
957 651 1042 702 quia
1058 648 1309 691 Ἀττικώτατα
1338 653 1496 703 scripsit

42 707 349 758 Theophrastus,
398 706 484 744 ideo
529 708 579 744 ita
622 706 765 744 locutos
802 705 976 743 Eresios.
1044 704 1197 744 Petrum
1240 705 1421 744 Bembum
1439 706 1490 761 ἦέ)

43 762 180 813 optime
202 761 360 799 Etrusce
391 763 587 813 scripsisse
615 762 666 799 ait
688 762 805 798 bonus
835 762 871 799 in
894 761 1022 812 primis
1053 761 1134 799 eius
1154 762 1209 799 rei
1240 762 1490 808 existimator,

41 817 203 855 Ioannes
232 817 331 855 Casa
346 815 436 869 ἦἓξὲ).
487 818 540 854 At
564 817 729 855 Bembus
752 816 924 855 Venetus
953 817 1036 854 fuit.
1092 815 1193 864 Quid
1221 823 1344 854 autem
1375 824 1491 864 vetat,

42 871 332 923 Hippodamum,
364 885 444 910 eum
477 871 599 910 Mileti
627 871 774 923 quidem
804 878 912 909 natus
943 878 1068 918 esset,
1101 870 1167 909 scd
1182 868 1284 924 ἢῆ
1316 870 1378 909 diu
1407 885 1494 910 ver-

43 935 146 965 satus
177 928 213 965 in
254 940 387 978 magna
418 927 606 973 Graecia,
644 928 683 964 in
719 939 788 977 qua
818 927 1055 978 philosophia
1092 926 1154 964 illa
1185 926 1368 973 florebat,
1410 928 1493 965 eius

43 983 168 1033 gentis
198 995 370 1020 sermone
401 983 621 1033 scripsisse,
666 995 739 1019 non
771 983 808 1019 in
842 995 912 1033 qua
942 989 1050 1020 natus
1080 988 1206 1027 esset,
1253 981 1319 1020 sed
1353 983 1389 1020 in
1421 995 1495 1032 qua

43 1039 199 1083 viveret,
229 1045 267 1076 et
289 1038 349 1075 cui
374 1038 535 1075 fortasse
563 1037 791 1088 potissimum
818 1037 1036 1075 scriberet?
1083 1036 1285 1075 Doriensis
1307 1037 1377 1074 fuit
1396 1037 1494 1088 Hip-

44 1100 237 1144 pocrateS,
259 1094 311 1130 ait
322 1092 504 1130 Aelianus
519 1092 592 1145 †):
615 1091 681 1130 sed
704 1093 740 1130 in
756 1091 966 1131 Democriti
987 1093 1143 1143 gratiam
1168 1093 1296 1130 Ionice
1320 1093 1489 1143 scripsit.

43 1148 119 1195 Qui
144 1149 261 1197 magis
294 1148 441 1185 licuerit
465 1147 643 1185 Doriensi
666 1147 813 1193 Ionice,
844 1161 950 1199 quam
972 1148 1101 1185 lonico
1121 1147 1267 1185 Dorice
1292 1147 1493 1185 scribere?

42 1203 128 1241 Hoc
158 1203 287 1240 saltem
307 1202 509 1240 admonere
539 1201 668 1240 debuit
693 1203 830 1253 ipsum,
852 1217 925 1241 non
958 1204 1078 1240 minus
1099 1203 1177 1240 acri
1207 1201 1361 1247 iudicio,
1383 1210 1492 1252 quam

42 1264 152 1297 acuto
184 1258 336 1308 ingenio
364 1257 591 1307 praeditum,
625 1264 664 1294 ut
694 1271 765 1294 uon
795 1259 917 1294 statim
947 1264 1147 1308 propterea
1175 1256 1268 1294 duos
1297 1257 1494 1308 Hippoda-

41 1326 121 1351 mos
153 1325 240 1350 esse
271 1311 528 1349 concluderet.
588 1311 728 1349 Addit:
771 1314 918 1361 Quanto
950 1320 1074 1350 autem
1107 1313 1223 1362 plura
1252 1318 1362 1358 sunt,
1394 1325 1491 1362 quae

43 1369 182 1406 indicio
191 1366 272 1420 ††)
283 1367 444 1406 Stobaez·
458 1368 495 1405 in
513 1368 666 1417 seriptis
685 1368 802 1417 dusius
811 1368 1039 1417 Heppodamz‘
1060 1368 1281 1417 &cerepum
1301 1380 1323 1404 a
1345 1375 1493 1406 senten-

42 1425 107 1461 tiis
127 1423 356 1462 Aristotelea·
365 1421 480 1475 †††)
488 1451 499 1469 ,
524 1429 630 1460 tanto
639 1421 804 1472 facilius
826 1423 1044 1472 zhtelltgere
1062 1429 1234 1472 poterat,
1258 1424 1357 1472 ipsos
1382 1423 1493 1473 longe

43 1480 138 1516 alz‘os
157 1491 251 1515 esse.
294 1479 425 1528 Neque
453 1478 548 1515 enim
572 1477 860 1515 eoezlsce‘mandum
889 1485 958 1523 est,
977 1478 1238 1528 philosophum
1268 1479 1322 1515 ila
1346 1478 1493 1529 perfri-

43 1534 164 1572 cuz'sse
180 1531 366 1583 frontem,
388 1539 430 1569 ut
457 1539 531 1570 tam
553 1539 682 1582 aperte
711 1533 954 1570 mentz‘recar:
980 1534 1209 1582 praesertim
1238 1545 1280 1569 eo
1309 1539 1489 1583 tempore,

43 1601 126 1626 cum
157 1601 282 1625 omnes
318 1588 420 1625 nullo
448 1589 599 1636 negotio
639 1588 710 1623 hoc
740 1587 975 1636 redarguere
1007 1588 1232 1637 potuissent.
1291 1586 1377 1624 Hoc
1410 1587 1491 1625 loco

43 1642 196 1681 arduam
226 1642 315 1679 mihi
354 1649 393 1679 et
421 1641 600 1679 lubricam
631 1640 889 1678 defensionem
929 1654 1013 1679 esse
1045 1642 1179 1679 fateor.
1237 1640 1336 1679 Nam
1369 1655 1490 1693 neque

44 1697 91 1735 de
108 1697 332 1743 Aristotele,
355 1710 461 1749 quem
491 1697 614 1747 quanti
646 1696 795 1742 faciam,
818 1703 967 1743 norunt,
995 1698 1216 1747 quicumque
1247 1709 1306 1734 me
1337 1704 1487 1743 norunt,

43 1752 239 1804 quidquam
262 1752 415 1802 sequius
445 1752 543 1802 loqui
575 1751 708 1789 velim:
747 1757 784 1788 et
817 1758 940 1789 tamen
972 1765 1034 1789 res
1065 1753 1145 1802 ipsa
1174 1752 1315 1802 subigit
1344 1765 1417 1798 me,
1451 1760 1491 1790 ut

43 1808 185 1854 dicam,
218 1820 299 1846 eum
328 1820 586 1857 nonnunquam
618 1806 1013 1858 reprehendendorum
1047 1815 1212 1844 veterum
1244 1807 1350 1857 paulo
1380 1821 1489 1858 quam

42 1877 111 1916 par
152 1870 234 1900 erat
274 1861 505 1913 cupidiorem
549 1863 682 1900 fuisse.
752 1862 859 1899 Plato
877 1861 924 1914 ἦε)
969 1863 1130 1899 civitatis
1169 1863 1326 1900 salutem
1366 1863 1401 1900 in
1442 1876 1488 1901 eo

42 1919 200 1971 positam
231 1931 316 1956 esse
348 1917 507 1961 dixerat,
541 1918 573 1955 si
605 1931 712 1968 quam
744 1918 902 1954 maxime
932 1930 1004 1954 una
1038 1924 1151 1955 essct.
1215 1918 1334 1965 Quam
1361 1917 1397 1955 id
1429 1932 1490 1955 so-

43 1973 201 2026 phistice
239 1973 468 2010 Aristoteles
484 1970 556 2024 ἨΕ)
599 1973 842 2010 calumniatus
882 1972 969 2009 est?
1038 1972 1125 2010 Non
1167 1973 1260 2011 libet
1300 1972 1346 2011 de
1386 1972 1490 2011 Ideis

44 2029 188 2069 dicere.
241 2027 319 2066 Sed
348 2035 468 2065 tamen
500 2041 572 2065 non
604 2027 739 2066 desunt
766 2042 813 2066 ex
838 2028 928 2078 ipsis
956 2028 1216 2075 Aristoteleis‚
1249 2029 1312 2079 qui
1341 2027 1493 2066 Aristo-

44 2085 155 2122 telem
193 2084 230 2121 in
269 2084 323 2121 eis
352 2082 622 2120 labefactandis
663 2098 734 2121 non
766 2084 903 2134 optima
943 2082 1013 2120 fide
1053 2096 1134 2120 cum
1165 2083 1324 2121 Platone
1362 2084 1489 2134 egisse

45 2140 235 2177 fateantur
249 2138 362 2190 ΜΨ).
416 2137 679 2176 parmenidem
697 2139 747 2191 †)
780 2138 927 2190 quidem
959 2137 1129 2176 defendit
1146 2138 1375 2190 Simplicius,
1398 2139 1490 2177 nihil

43 2194 264 2233 Aristotelis
304 2194 526 2231 auctoritate
566 2193 784 2232 deterritus.
854 2193 906 2231 Et
944 2192 1114 2231 Platonis
1155 2202 1217 2232 aut
1251 2194 1489 2231 Parmenidis

46 2250 185 2300 scripta
215 2263 287 2287 non
319 2250 438 2286 minus
466 2249 528 2286 illa
557 2256 779 2300 tempestate
812 2250 848 2286 in
879 2248 1048 2287 manibus
1079 2256 1212 2296 erant,
1256 2262 1362 2299 quam
1392 2249 1490 2299 Hip—

44 2304 206 2356 podami.
272 2303 350 2342 Sed
392 2304 425 2341 si
464 2303 535 2342 duo
576 2304 803 2356 Hippodami
840 2305 1015 2351 fuerant,
1056 2317 1208 2355 quorum
1251 2311 1407 2355 uterque
1443 2304 1489 2342 de

119 2401 164 2437 ἕε)
185 2401 397 2430 cardinalem.
437 2400 484 2431 Cf.
504 2403 583 2430 Mur.
605 2402 683 2437 opp.
704 2403 792 2430 Tom.
810 2403 833 2430 1.
855 2408 926 2436 pag.
948 2402 1019 2430 326.
1041 2402 1129 2430 Tom.
1146 2402 1184 2429 11.
1208 2407 1279 2436 pag.
1300 2402 1372 2430 873.
1411 2402 1490 2431 Eius

46 2438 114 2469 vita
130 2439 244 2474 legitur
263 2439 312 2467 in:
336 2441 435 2474 opere
452 2439 502 2467 del
518 2440 609 2468 card.
624 2441 660 2469 P.
676 2441 713 2469 B.
727 2440 837 2468 Milan.
850 2440 940 2468 1808.
960 2440 1062 2468 V01.1.
1078 2446 1149 2473 pag.
1160 2439 1352 2468 Ix—XLVI.
1375 2442 1487 2468 Fam.

121 2481 189 2514 -:::--:::-)
210 2481 386 2515 Episcopus
407 2481 654 2521 BeneventInus.
694 2482 764 2511 Vid.
786 2482 856 2510 eius
877 2482 972 2517 Oper.
1000 2481 1111 2511 Milan.
1134 2481 1227 2511 1806.
1246 2481 1279 2509 in
1299 2482 1342 2511 IV
1362 2482 1446 2511 Voll.

120 2518 215 2553 *az-³:¹³)
234 2520 413 2553 Legebatur
432 2526 495 2547 sen.
536 2519 681 2548 correxit
703 2521 866 2548 Gruterus.

120 2555 166 2593 ᾧ)
193 2557 268 2585 var.
289 2557 369 2585 Hist.
391 2557 442 2585 IV.
465 2556 512 2584 20.
541 2563 632 2589 quem
653 2556 802 2586 refutavit
823 2556 951 2585 Hieron.
972 2553 1150 2584 Mercurial.
1170 2555 1247 2585 Var.
1267 2556 1354 2584 Lect.
1375 2556 1413 2583 Π.
1437 2555 1485 2583 18.

43 2635 103 2667 ΓΙ)
120 2597 272 2664 -ι-ἑζέυῶια
299 2605 342 2626 ex
368 2598 439 2634 ipso
459 2598 600 2628 Victorio
629 2599 852 2637 rescripsimus
880 2604 937 2636 pro
966 2599 1100 2637 iudicio,
1129 2598 1214 2635 quod
1238 2597 1356 2628 Mureti
1382 2597 1488 2634 opens

58 2645 83 2666 ri
107 2644 144 2665 ue
243 2656 252 2664 .

123 2672 224 2711 ††-2-)
244 2672 452 2702 Ruhnkenius
471 2673 657 2704 Aristotelis.

120 2718 165 2750 ÷::-)
187 2718 225 2745 de
246 2718 323 2752 Rep.
345 2716 398 2746 lib.
420 2718 457 2746 V.
485 2724 555 2752 pag.
576 2717 650 2747 462.
668 2717 711 2747 A.
731 2725 777 2754 sq.
798 2719 845 2747 St.

118 2755 187 2790 *³10
209 2755 304 2783 Potit.
323 2754 378 2783 lib.
397 2756 436 2783 11.
455 2761 523 2789 cap.
547 2756 565 2782 2
587 2758 617 2783 et
637 2756 665 2783 3.

121 2792 216 2826 *ex-<q
240 2792 310 2821 Vid.
325 2793 509 2820 Stallbaum.
530 2794 680 2825 prolege.
701 2793 740 2821 ad
761 2793 844 2821 Plat.
865 2789 1044 2820 Parmenid.
1065 2796 1138 2825 pag.
1156 2789 1218 2819 337
1233 2795 1303 2824 sqq.
1342 2787 1389 2818 Cf.
1410 2790 1491 2819 Mur.

45 2830 168 2862 comm.
188 2829 219 2857 in
239 2829 374 2859 Aristot.
395 2831 467 2857 Etn.
491 2830 568 2864 opp.
590 2831 676 2858 Toni.
698 2832 751 2859 111.
771 2837 844 2865 pag.
866 2831 927 2858 185
946 2835 1014 2864 sqq.
1035 2826 1179 2864 inprimis
1199 2833 1269 2864 pag.
1294 2826 1351 2856 191
1372 2834 1422 2863 sq.

125 2872 171 2910 †)
191 2871 238 2901 Cf.
259 2871 339 2900 intra
359 2872 413 2901 lib.
434 2873 544 2901 XVIII.
566 2879 634 2907 cap.
655 2873 685 2901 5,

114 2927 240 2955 MURET.
262 2925 336 2954 ΟΡ».
359 2925 435 2954 vor..
456 2926 509 2953 III.
531 2925 677 2960 (nunna.
691 2925 747 2953 En.
765 2925 846 2953 Tou.
861 2923 920 2960 11.)
1167 2905 1221 2948 23

1517 1926 1581 1958 369
