1778 3096
546 136 646 178 LIB.
679 137 770 176 XlI.
831 136 950 176 CAP.
986 137 1080 177 XV.
1455 134 1537 177 277

91 252 268 304 Sequitur
306 250 432 294 locus,
475 247 537 298 qui
577 246 681 285 valde
713 248 821 285 torsit
861 254 898 285 et
937 247 1030 285 alios
1061 246 1228 284 homines
1267 243 1456 290 eruditos,
1496 251 1532 282 et
1561 249 1623 280 289

90 309 210 359 ipsum
240 307 277 343 in
298 305 426 355 primis
447 302 681 349 Manutium3
713 303 773 340 ubi
805 304 855 339 ita
883 302 1020 340 Cicero
1035 299 1105 353 ἢκ
1141 304 1267 352 Quare
1295 306 1529 345 conservate,

90 364 246 405 iudices,
270 361 450 398 homiaem
477 359 624 408 pudore
654 372 712 403 eo,
740 371 845 408 quem
875 359 1078 395 anzei-orum
1108 358 1245 395 studia&
1271 356 1405 393 videtis
1434 368 1532 392 com-

83 417 248 469 probari
279 422 354 453 tam
385 416 600 464 dignitate,
644 421 719 450 lum
757 414 867 450 etiam
905 419 1113 450 venustate.
1173 411 1369 449 Manutius
1405 417 1530 448 autem

87 471 253 521 ita**):
298 469 417 517 Quem
460 469 519 506 hic
561 469 679 506 locum
718 468 828 504 habet
864 469 1032 516 degtn‘tas
1071 473 1133 504 aut
1168 466 1370 504 venustas?
1427 465 1529 503 Satis

85 527 212 565 valere
244 524 355 563 dehet
391 523 437 562 ad
466 523 732 562 conciliandam
763 522 930 560 Archiae
961 521 1123 559 iudicum
1155 522 1378 559 voluntatem
1411 520 1530 571 pudor

84 582 200 633 ipsius
232 580 508 630 etingeuium:
551 580 745 630 plurimum
778 591 866 615 vero
897 578 977 628 ipsa
1008 590 1164 614 caussa:
1206 577 1337 627 quibus
1369 576 1526 625 singulis

84 635 221 687 aliquid
250 635 371 681 addit,
412 649 483 686 quo
521 641 671 685 pateant
708 633 902 670 illustrius.
962 631 1016 670 At
1051 632 1166 676 haec,
1210 639 1285 669 tum
1321 632 1525 680 degnz'tate,

84 699 158 731 tecm
188 693 299 729 etlam
321 697 532 735 venustate,
559 691 687 727 nescio
717 702 787 740 quo
819 687 926 725 modo
957 688 1098 725 intrusa
1124 700 1276 738 prorsus
1304 686 1399 723 nuda
1424 693 1524 724 sunt.

80 746 134 784 Ut
162 748 347 792 omittam,
380 745 477 796 quod
507 746 565 783 hic
595 743 768 795 loquendi
800 743 949 789 modus,
986 745 1212 780 Conservam
1241 743 1421 779 homiuem
1449 748 1526 778 lum

83 803 295 852 dignitate,
338 808 414 839 tam
444 802 556 839 etiam
585 807 800 844 venustate,
846 799 933 836 mihi
971 797 1117 848 quidem
1156 810 1284 848 parum
1324 797 1522 833 satisfacit.

81 857 217 903 Adde,
262 855 359 908 quod
391 863 567 893 venustas
598 854 758 892 iucunda
787 853 966 906 quaedam
997 853 1055 890 vel
1085 853 1120 890 in
1153 853 1253 890 vultu
1284 852 1343 889 vel
1374 852 1409 888 in
1440 863 1526 888 cor-

81 913 185 964 poris
214 920 311 950 motu
339 912 486 962 species
516 918 589 956 est,
617 923 712 962 quae
742 909 789 948 ad
818 908 1171 947 commendationem
1200 904 1383 952 Archiae,
1417 919 1525 956 prae-

81 969 210 1006 sertim
253 974 374 1005 aetate
413 967 603 1017 provecti,
646 966 735 1003 nihil
774 966 951 1016 pertinet.
1019 965 1147 1015 ltaque
1185 976 1336 1014 prorsus
1376 960 1525 998 videtui·

80 1022 286 1061 abundare.
347 1022 545 1060 Glossema
575 1020 766 1066 dicerem,
798 1021 844 1066 si,
876 1033 947 1071 quo
978 1019 1128 1069 adiungi
1157 1025 1307 1069 posset,
1337 1016 1520 1054 viderem.

80 1078 177 1116 Nam
217 1078 467 1128 glossemata,
511 1089 605 1127 quae
636 1082 792 1123 vocant,
842 1074 1114 1126 interpretandi
1150 1087 1281 1112 caussa
1319 1079 1520 1124 ponuntur.

80 1133 157 1172 Sed
190 1134 239 1171 ita
270 1133 330 1170 hic
360 1139 488 1183 aperta
520 1139 607 1169 sunt
635 1132 775 1177 omnia,
807 1129 854 1168 de
886 1130 1028 1181 pudore
1057 1129 1240 1173 Archiae,
1272 1128 1318 1166 de
1349 1128 1520 1178 ingenio,

79 1188 126 1226 de
164 1201 319 1233 caussa,
364 1195 402 1224 ut
440 1188 575 1224 nullum
614 1187 937 1237 interpretationis
976 1186 1097 1222 lumen
1138 1183 1367 1221 desiderent.
1438 1182 1524 1219 Hoc

78 1251 227 1289 tamen,
258 1241 430 1293 quicquid
460 1250 540 1288 est,
582 1249 621 1280 et
649 1242 819 1286 omnino,
868 1252 1122 1291 quaecumque
1149 1240 1332 1275 sentimus
1362 1245 1398 1274 et
1429 1239 1523 1274 seri-

75 1299 221 1345 bimus,
269 1299 320 1335 ita
357 1297 578 1348 probamus,
626 1295 709 1333 dum
751 1308 798 1333 ne
844 1295 1054 1332 hominibus
1091 1292 1250 1331 eruditis
1295 1300 1333 1330 et
1376 1293 1412 1329 in
1452 1292 1523 1329 hoc

78 1353 281 1392 studiorum
315 1365 456 1403 genere
497 1352 714 1389 exercitatis
755 1349 998 1400 improbanda
1031 1348 1238 1387 videantur.
1300 1349 1408 1386 Haec
1436 1347 1521 1384 Ma-

77 1410 221 1447 nutius:
266 1416 304 1446 ut
334 1409 442 1445 homo
470 1406 632 1445 disertus
660 1419 704 1443 ac
735 1406 932 1456 copiosus,
965 1405 1100 1451 multa,
1144 1411 1183 1441 ut
1213 1405 1248 1441 in
1279 1404 1360 1441 loco
1389 1403 1521 1453 depra-

78 1472 187 1510 vato,
232 1477 303 1501 non
334 1464 484 1500 multum
521 1463 601 1513 opis
639 1461 863 1499 adferentia.
923 1459 1009 1511 Ego
1038 1473 1117 1497 rem
1146 1460 1275 1510 paucis
1307 1458 1518 1509 expediam.

76 1520 167 1559 Vox
203 1520 338 1558 stadiis
377 1519 484 1555 abest
520 1517 565 1554 ab
603 1517 772 1554 omnibus
809 1516 970 1566 antiquis
1010 1515 1128 1553 libris.
1197 1513 1370 1552 Delenda
1407 1514 1522 1563 igitur

79 1582 117 1614 et
153 1588 219 1625 pro
260 1580 453 1612 venustate
494 1571 689 1622 legendum
734 1578 917 1609 vetustate
937 1568 1055 1622 9’Μῗγ
1124 1570 1210 1607 Hoc.
1254 1571 1352 1607 enim
1403 1568 1516 1606 dicit:

78 1629 258 1682 pudorem
290 1636 327 1666 et
355 1628 609 1677 integritatem
642 1639 780 1664 morum
812 1626 847 1662 in
878 1626 1020 1662 Archia
1052 1625 1286 1676 comprobari
1317 1625 1520 1661 amicorum

78 1686 195 1735 ipsius
223 1691 296 1721 tum
327 1683 528 1733 dignitate,
559 1689 633 1719 tum
665 1688 862 1719 vetustate.
923 1680 1069 1718 Luculli
1099 1681 1197 1718 enim
1232 1687 1270 1718 et
1297 1680 1444 1717 Metelli
1484 1685 1523 1717 et

79 1740 203 1778 Catuli
240 1746 277 1776 et
311 1740 374 1776 alii
408 1745 604 1789 praeterea
641 1738 711 1774 viri
745 1736 979 1787 gravissimi,
1023 1749 1114 1786 quos
1149 1743 1258 1773 antea
1296 1736 1520 1780 nominarat,

78 1809 151 1833 non
192 1802 331 1831 tantum
361 1793 525 1831 Archiae
560 1793 694 1836 amici,
739 1791 805 1829 sed
844 1792 1036 1828 veterrimi
1076 1792 1186 1828 amici
1223 1797 1343 1829 erant.
1404 1790 1523 1827 Num-

78 1864 185 1902 quam
225 1856 346 1887 autem
383 1849 468 1894 ille,
511 1848 580 1885 nisi
622 1848 729 1898 plane
761 1847 817 1884 vir
849 1847 965 1884 bonus
1000 1847 1157 1892 fuisset,
1201 1847 1326 1883 talium
1358 1846 1521 1883 virorum

79 1906 278 1944 amicitiam
320 1911 383 1942 aut
432 1911 502 1941 tam
544 1904 652 1941 facile
691 1915 932 1953 comparare,
981 1909 1043 1939 aut
1080 1909 1152 1939 tam
1193 1901 1253 1938 diu
1293 1913 1521 1938 conservare

81 1962 278 2012 potuisset.
343 1959 486 1998 Vocem
527 1960 661 1996 studiis
698 1956 934 2002 redundare,
974 1956 1122 1994 viderat
1158 1964 1196 1994 et
1225 1958 1319 1994 alius
1334 1956 1410 2008 †):
1454 1954 1522 1993 sed

81 2018 205 2066 inepte
247 2016 282 2052 in
321 2015 456 2052 talibus
496 2014 610 2059 viris,
651 2014 756 2065 quasi
790 2014 826 2050 in
865 2013 1060 2063 pulchellis
1099 2013 1249 2063 pueris,
1288 2018 1521 2050 venustatem

80 2070 333 2110 commendari
377 2083 448 2107 non
491 2068 651 2106 viderat.
723 2068 838 2118 quue
872 2068 1040 2114 illorum,
1089 2069 1150 2117 qui
1193 2080 1275 2105 eum
1313 2074 1520 2111 noverant,

81 2140 189 2165 nemo
229 2127 394 2163 miratur.
454 2123 622 2169 Nescio,
663 2137 709 2161 an
743 2124 813 2160 hoc
844 2136 988 2173 quoque
1027 2122 1166 2161 addere
1204 2122 1382 2161 debeam:
1425 2121 1522 2172 quod

80 2182 188 2233 paulo
230 2188 311 2232 post
350 2180 510 2231 legitur:
565 2181 708 2230 Quique
740 2185 799 2216 est
832 2192 875 2216 eo
912 2191 1092 2224 numero,
1136 2179 1204 2229 qui
1236 2191 1383 2229 semper·
1422 2177 1525 2228 apud

82 2250 208 2276 omnes
235 2237 364 2274 sancti
398 2241 486 2273 sunt
515 2235 640 2273 habiti
671 2242 783 2286 atque
813 2235 928 2272 dicti.-
969 2247 1039 2270 non
1077 2247 1183 2279 esse,
1228 2247 1294 2271 cur
1329 2235 1520 2284 quisquam
1548 2238 1609 2269 29⁰

82 2289 439 2343 calumnietur††).
502 2290 560 2327 lta
602 2290 698 2327 enim
738 2296 776 2327 et
812 2303 878 2340 pro
915 2288 1254 2343 Marcello-1⁴††):
1298 2291 1360 2328 An
1402 2302 1451 2327 ex
1481 2302 1523 2326 eo

82 2360 258 2393 numero,
291 2348 359 2397 qui
384 2358 461 2384 una
491 2352 610 2384 tecum
628 2344 825 2397 suerunt?

159 2500 202 2536 κε)
225 2507 293 2535 cap.
316 2500 364 2528 12.
386 2526 392 2533 ,
411 2522 416 2528 .
437 2500 488 2528 31.

159 2550 225 2584 isz‘e)
248 2551 280 2577 ln
301 2547 375 2577 edit.
385 2499 499 2577 gtamen
520 2548 681 2581 postrema
699 2547 814 2576 Mureti
834 2546 1047 2576 coniecturam
1067 2548 1196 2576 secutus
1217 2548 1276 2575 est.
1316 2549 1426 2575 FAEsr.

158 2597 250 2632 *³3³2ss
272 2599 394 2625 Mureto
415 2595 557 2623 obsecuti
576 2599 650 2623 sunt
670 2596 835 2624 Ernestius
854 2598 950 2630 atque
972 2595 1123 2624 ofellius.

160 2645 206 2684 †)
227 2644 418 2680 Lambinus,
441 2643 492 2678 qui
515 2650 585 2671 eam
607 2643 766 2672 omiserat.
806 2645 914 2671 FAesi.

162 2693 234 2732 -ξ--Η
257 2692 395 2721 Orellius
415 2692 577 2724 vulgatam
602 2691 768 2719 lectionem
797 2693 912 2720 tuetur.
953 2691 1221 2726 Stuerenburgius
1251 2693 1324 2726 post
1344 2691 1529 2721 Weiskium

86 2735 181 2767 atque
210 2731 416 2759 Mattlilaeum
446 2729 573 2763 scripsit
601 2729 720 2763 idque
748 2730 794 2757 est
821 2736 858 2756 eo
884 2736 1011 2757 numero
1117 2731 1249 2764 itaque
1275 2731 1359 2758 cti-:112
1401 2730 1470 2759 νᾶα.
1492 2731 1528 2759 R.

87 2769 205 2800 Klotzii
227 2767 410 2802 Quaestion.
432 2768 513 2794 Tull.
535 2768 556 2794 l.
579 2773 649 2800 pag.
674 2767 730 2795 137
752 2773 799 2800 sq.

163 2816 263 2855 †††)
291 2823 360 2851 cap.
382 2816 410 2842 7.
432 2815 463 2849 5.
486 2815 538 2858 .²¹·.
557 2821 628 2848 pag.
647 2815 698 2841 5¹.
729 2814 778 2841 ed.
800 2813 900 2842 &Volfi
927 2814 980 2849 qui
1008 2816 1113 2844 tamen
1142 2816 1223 2843 hanc
1251 2818 1442 2847 structuram
1471 2825 1532 2847 nou

89 2856 330 2888 ciceiouianam
350 2860 423 2883 esse
444 2855 617 2882 existimat.
656 2853 766 2881 Fami.
