1726 3106
516 126 617 166 ΗΒ.
651 125 723 168 vl.
783 124 900 164 CAP.
932 124 998 165 VI.
1395 124 1473 166 121

45 251 128 278 cum
157 244 374 290 argumento
398 242 562 275 utentem
588 237 700 274 fecit:
733 247 914 286 nunquam
943 246 1117 273 ausurum
1146 235 1263 274 fuisse
1287 248 1328 274 se
1354 234 1392 274 id
1419 238 1476 276 fa-

45 296 152 333 cinus
191 294 443 338 committere,
482 305 564 329 cum
605 299 643 329 et
679 290 848 329 conscios
893 290 972 327 eius
1002 303 1131 329 servos
1160 290 1340 329 adhibere
1366 305 1477 343 opor-

45 356 168 412 teget,
209 349 355 399 etipse
397 359 442 385 eo
478 353 692 397 perpetrato
727 358 799 383 non
841 357 971 382 servos
1008 357 1073 383 eos
1113 352 1266 409 postea,
1305 345 1371 384 sed
1410 346 1477 385 do-

46 405 163 442 minos
201 402 395 441 habiturus
430 408 551 439 esset:
593 413 711 451 neque
746 399 819 437 ullo
863 398 971 437 modo
1009 413 1166 439 ausurus
1195 401 1231 438 in
1264 414 1329 440 eos
1356 402 1475 440 auim-

46 458 268 503 advertere,
323 455 493 523 quicquid
531 456 584 494 illi
617 454 763 493 tandem
803 454 998 492 fecissent.
1069 456 1165 501 Πῶς
1203 456 1297 506 οὐν,
1339 457 1473 508 inquit,

47 510 122 554 οὐκ
164 510 212 552 ἂν
255 512 306 563 ἠν
344 507 580 557 ἀθλιώτατος
617 506 855 577 ἀνθρώπων
875 505 1075 557 απάντων,
1124 511 1160 549 εἰ
1189 508 1280 558 τοὺς
1311 510 1479 578 ἐμαυτοῦ

45 564 286 634 θεράποντας
321 565 452 617 μηκέτι
483 563 643 612 δούλους
668 564 819 616 ἔμελλον
842 562 956 612 ἕξειν,
986 561 1080 603 ἄλλα
1105 563 1290 612 δεσπότας
1314 563 1381 606 τὸν
1402 570 1480 606 λοι-

46 619 121 662 πὸν
148 623 258 673 βίον,
288 624 460 660 τοιοῦτον
477 620 603 687 εὀγον
628 617 865 673 συνειδόταςς
902 616 992 665 &gre
1021 619 1057 658 εἰ
1081 619 1145 659 καὶ
1170 617 1217 658 τὰ
1244 619 1397 687 μέγιστα
1425 622 1479 670 εἷς

47 676 110 728 ἐμὲ
138 673 412 743 ἐξημάρτανον,
444 673 516 715 οὐκ
544 673 591 715 ἂν
619 672 702 714 οὶόν
729 689 767 713 τε
795 689 870 725 ην,
899 674 1010 725 δίκην
1036 689 1088 729 με
1108 672 1201 726 παρ’
1235 673 1362 716 αὐτῶν
1387 680 1480 728 λαμ-

47 729 190 785 βάνειν.
243 732 284 772 εὐ
320 727 391 799 γὰρ
428 728 475 769 ἂν
503 731 665 780 εἰδείην,
701 727 760 769 ὅτι
789 726 848 768 ἐπ’
879 728 1036 776 ἐκείνοις
1061 730 1112 781 ἡν
1139 729 1204 770 καὶ
1230 728 1294 782 ἐμὲ
1320 729 1481 783 τιμωρή-

49 792 212 835 σασθαι,
247 785 312 825 καὶ
346 784 475 833 αὐτοῖς
515 783 727 837 μηνύσασιν
758 784 975 837 ἐλευθέροις
1006 784 1197 837 γενέσθαι.
1262 786 1482 825 Miserrima

51 843 166 893 igitur
205 849 263 880 est
298 843 441 891 impure
476 854 519 878 ac
547 842 703 892 turpiter
729 840 930 878 viventium
955 839 1142 887 conditio,
1182 840 1314 892 quibus
1343 841 1389 879 ad
1418 855 1482 881 ce-

50 904 131 936 tera
167 896 298 935 damna
334 895 423 933 illud
458 896 568 933 etiam
605 894 774 941 accedit,
813 902 852 932 ut
888 895 924 932 in
959 908 1050 945 quos
1080 896 1271 948 imperium
1299 909 1482 936 exercere

50 951 278 999 debuerant,
304 964 370 989 eos
397 952 566 997 revereri
589 964 633 990 ac
662 957 827 989 metuere
856 949 1066 1001 adigantur.

558 1104 835 1145 CAPUT
890 1105 971 1145 VI.

49 1194 250 1232 Homerum
293 1199 334 1233 et
366 1191 601 1244 'Aeschylum
632 1195 906 1238 Athenienses,
961 1193 1160 1242 Tyrtaeum
1198 1196 1489 1236 Lacedaemona·

522 1262 594 1299 quo
624 1250 767 1287 honore
795 1248 1011 1300 affecerint.

50 1337 244 1396 ΗΟΜΕΒΙ
281 1361 448 1410 poc'mata
489 1358 615 1409 quanti
655 1358 818 1396 fecerint
845 1356 1125 1404 Athenienses,
1175 1372 1356 1411 quamque
1383 1361 1489 1400 utilia

52 1426 137 1451 esse
174 1413 221 1451 ad
256 1412 535 1452 inflammandos
575 1413 781 1451 honestatis
809 1426 852 1450 ac
883 1412 1074 1462 dignitatis
1108 1427 1233 1452 amore
1261 1417 1403 1453 animos
1433 1418 1489 1455 iu-

52 1467 231 1515 dicarint,
272 1470 355 1507 hinc
391 1469 596 1507 existimari
633 1469 741 1514 licet,
788 1467 883 1518 quod
925 1469 1044 1518 legem
1074 1468 1260 1514 tulerunt,
1299 1478 1338 1508 ut
1362 1473 1489 1522 quinto

54 1536 198 1575 quoque
237 1537 333 1561 anno
373 1525 412 1562 in
440 1523 717 1561 Panathenaeis
749 1523 831 1561 eius
861 1523 967 1560 unius
997 1535 1045 1560 ex
1072 1525 1170 1561 omni
1201 1528 1390 1576 poetarum
1422 1541 1491 1565 nu-

54 1591 159 1616 mero
204 1580 369 1617 carmina
405 1578 553 1629 publice
592 1585 828 1616 canei-,entur
895 1578 952 1615 Ita
979 1579 1075 1615 enim
1106 1580 1342 1629 cogitabant,
1385 1582 1491 1633 leges

52 1634 275 1685 praecipere
305 1632 477 1685 quidem,
518 1632 604 1683 quid
633 1632 842 1670 faciendum
874 1609 1172 1684 fugiendumque⁰
1201 1636 1272 1682 sit,
1313 1636 1378 1674 sed
1405 1651 1493 1688 pro-

53 1695 137 1754 pter
172 1689 391 1727 brevitatem
432 1701 504 1725 non
545 1687 711 1726 docere:
749 1695 786 1725 at
825 1690 980 1737 poetas,
1033 1690 1119 1739 qui,
1158 1690 1269 1728 vitam
1303 1691 1492 1731 hominum

53 1744 264 1790 imitantes,
308 1756 370 1782 res
406 1743 600 1794 praeclare
639 1757 682 1781 ac
720 1742 869 1780 foititer
905 1750 1031 1791 gestas
1070 1745 1224 1808 copiose
1262 1755 1494 1799 exponerent

55 1811 193 1850 easque
233 1797 497 1850 propemodum
527 1805 613 1836 ante
643 1798 771 1835 oculos
803 1799 1098 1844 constituerent,
1139 1800 1303 1850 aptiores
1332 1815 1416 1840 esse
1446 1802 1494 1841 ad

55 1853 370 1917 persuadendum.
431 1853 595 1891 Similem
636 1861 757 1891 autem
795 1853 972 1890 honorem
1005 1853 1213 1892 habuerunt
1239 1855 1494 1896 Lacedaemo-

56 1909 110 1947 nii
130 1910 296 1961 Tyrtaco
314 1908 377 1958 ᾗ).
438 1908 531 1946 Cum
549 1908 623 1961 Μ)
657 1909 754 1946 enim
783 1909 976 1958 ceteroqui
1005 1921 1026 1946 a
1049 1910 1207 1960 poeticis
1226 1911 1360 1951 studiis
1381 1913 1494 1951 alieni

58 1971 211 2010 essent,
258 1976 379 2016 neque
414 1966 605 2014 poctarum
643 1970 773 2001 cantus
814 1963 977 2001 libenter
1013 1963 1208 2011 audirent,
1250 1966 1334 2017 lege
1369 1974 1494 2006 tamen

58 2020 355 2064 constituerant,
386 2026 452 2066 ut,
483 2019 628 2070 quoties
656 2031 738 2056 cum
767 2017 934 2056 hostibus
963 2017 1205 2058 dimicaturus
1233 2021 1270 2059 in
1300 2024 1494 2072 procinctu

58 2075 289 2128 constitisset
319 2075 531 2119 exercitus,
570 2080 864 2112 convocarentur
894 2073 1030 2112 milites
1057 2075 1095 2112 in
1127 2075 1402 2115 tabernaculum
1433 2092 1496 2116 rc-

58 2130 158 2180 gium
199 2130 325 2181 ibique
361 2128 555 2166 audiendis
587 2129 744 2179 Tyrtaei
786 2128 1012 2166 carminibus
1049 2129 1096 2167 ad
1133 2130 1493 2186 spernendam**³⁶‘)

58 2198 127 2236 pro
156 2186 276 2236 patria
298 2185 408 2223 vitam
439 2184 695 2223 incitarentur.
753 2184 946 2236 Aeschylo
984 2197 1127 2237 quoque
1157 2186 1254 2225 idem
1286 2201 1400 2241 prope
1429 2188 1497 2227 ho-

58 2253 126 2277 nos
163 2253 185 2278 a
221 2240 355 2291 populo
382 2238 607 2277 Atheniensi
645 2239 804 2277 tributus
833 2246 905 2278 est.
965 2239 1084 2278 Unius
1124 2243 1221 2280 enim
1250 2254 1299 2280 cx
1326 2244 1496 2283 omnibus

60 2295 214 2346 tragicis
252 2295 398 2333 fabulae
439 2295 519 2345 ipso
562 2295 673 2334 etiam
704 2302 849 2334 mortuo
878 2301 920 2333 ut
958 2294 1210 2345 docerentur,
1249 2296 1402 2337 decreto
1430 2313 1498 2353 pu-

62 2350 160 2388 blico
189 2357 364 2389 statutum
395 2356 492 2388 erat.

136 2530 180 2566 ’Ὀ
200 2530 270 2560 vid.
290 2532 407 2561 Athen.
426 2531 480 2560 lib.
500 2531 582 2561 XIV.
601 2537 674 2567 pag.
694 2530 767 2562 63⁰.
788 2532 823 2561 Γ.

165 2589 207 2625 )
228 2591 314 2619 Haec
340 2593 439 2620 verba
465 2599 566 2627 usque
586 2592 627 2620 ad
646 2591 849 2620 incitarentur
866 2591 939 2621 hinc
957 2592 1086 2629 repetiit
1105 2594 1248 2623 Muretus
1269 2593 1439 2625 comment.
1467 2595 1500 2625 in

64 2594 200 2693 Aristot.
219 2628 318 2656 Ethic.
341 2628 419 2664 opp.
439 2630 527 2659 Τοιιι.
548 2631 601 2659 111.
622 2635 694 2664 pag.
715 2630 776 2658 276
796 2637 844 2665 sq.

143 2699 206 2708 ·········
173 2685 228 2722 ³³²]
249 2687 419 2716 Lambinus
448 2689 481 2717 in
508 2688 643 2724 epistola
666 2690 798 2718 laudata
823 2696 895 2725 pag.
915 2689 986 2718 399.
1019 2690 1109 2718 docte
1139 2690 1304 2724 disputans
1327 2690 1366 2718 de
1387 2690 1502 2720 discri-

64 2723 147 2753 mine
177 2724 258 2752 inter
286 2732 434 2758 spernere
458 2728 489 2754 et
509 2728 702 2755 contemnere
730 2728 821 2757 malit
841 2728 1097 2756 contemnemlmn.
1132 2729 1169 2757 l).
1190 2730 1228 2756 Π.
1250 2742 1287 2748 -
1324 2728 1502 2758 Discrimen

64 2769 85 2791 a
112 2762 264 2790 Lambino
300 2762 417 2792 factum
454 2765 566 2796 probat
593 2764 806 2793 Doederlinus
835 2766 905 2793 Lat.
943 2766 1060 2797 Ξμιοιι.
1090 2767 1177 2793 Τοιιι.
1207 2766 1245 2793 11.
1273 2768 1425 2800 nag.181
1453 2774 1502 2802 sq.

64 2797 113 2866 ξιξ
119 2800 339 2867 2Ιῧίειιιιὲἆιιιιὲιιι.
369 2801 410 2829 ad
439 2801 501 2831 vit
533 2801 683 2831 duumvv.
714 2809 786 2837 pag.
808 2803 876 2832 135.
901 2803 1050 2832 Ochsueiu
1079 2803 1120 2831 ad
1141 2803 1204 2833 Cic.
1226 2804 1331 2839 Eclog
1360 2810 1432 2842 pag.
1451 2806 1503 2835 45.

148 2590 184 2600 ιιιιι

1511 1114 1573 1144 127
