1778 3096
185 1850 248 1880 285

263 123 346 167 272
829 120 954 161 VAR.
986 120 1140 160 LECT.

267 240 530 285 argumentum
568 233 686 270 simile
722 243 796 270 non
833 237 931 268 erat.
992 230 1036 268 In
1069 237 1217 269 vetusto
1259 237 1380 269 autem
1418 228 1527 268 Fabii
1562 227 1709 277 codice,

266 291 329 342 qui
357 302 474 340 penes
506 301 565 325 ine
598 293 678 332 est,
710 285 779 322 hoe
809 285 942 323 modo:
990 287 1143 324 Veritus
1160 286 1358 336 sortasse,
1397 299 1444 323 ue
1472 298 1542 324 nos
1569 286 1606 322 in
1638 287 1713 323 Ca-

268 354 389 384 tonem
418 350 587 382 nostrum
619 340 914 392 transferremus
948 342 1037 378 illim
1067 342 1213 391 aliquid
1223 359 1234 380 .·
1273 343 1348 380 εἰεί
1375 346 1636 391 argumentum
1661 341 1714 377 si·-

266 402 352 439 mile
377 412 449 436 non
479 404 578 435 erat.
639 397 723 434 Hoc
757 410 803 434 ne
833 397 892 434 cui
920 396 1003 434 leve
1033 394 1224 442 videatur,
1255 410 1409 443 moneo,
1442 396 1535 434 alios
1568 406 1712 445 quoque

266 455 407 506 primae
429 453 558 491 elassis
589 453 810 503 scriptorum
836 452 936 489 locos
960 450 1091 489 eodem
1121 451 1228 490 modo
1258 459 1454 505 corruptos
1484 463 1592 490 esse:
1621 462 1713 501 quos

265 516 330 548 aut
358 521 427 547 nos
456 507 618 561 ipsi*),
652 514 715 546 aut
747 508 808 546 alii
838 506 1056 559 quandoque
1084 505 1312 546 indicabunt.

767 661 798 701 C
831 663 866 701 A
894 663 927 702 P
953 663 990 702 U
1018 663 1053 701 T
1107 662 1171 701 XI
1183 662 1214 702 Ι.

587 743 643 779 De
678 741 833 780 Thalete
858 743 1006 781 Milesio
1036 741 1198 779 lze'storz‘u
1227 744 1393 792 elegans.

269 833 456 891 THALES
485 850 662 889 Milesius
693 865 828 901 magno
858 853 918 891 vir
946 859 984 890 et
1013 851 1182 898 sublimi,
1222 858 1262 889 ut
1293 857 1418 889 notum
1450 855 1530 895 est,
1562 848 1714 899 ingenio

268 910 362 947 fuit:
396 908 582 958 multaque
611 906 847 945 admirabilia
877 921 958 946 cum
990 909 1027 945 in
1057 908 1139 946 aliis
1169 906 1392 958 disciplinis,
1424 912 1500 942 tum
1528 904 1565 942 in
1596 910 1716 941 astro-

267 964 370 1014 logia
406 964 546 1014 primus
586 964 828 1013 excogitavit.
897 963 933 1001 Is
982 976 1064 1001 cum
1102 963 1333 1014 reperisset,
1384 973 1492 1011 quam
1532 959 1716 997 rationem

268 1019 428 1058 haberet
455 1017 669 1069 magnitudo
699 1018 801 1056 Solis
828 1017 874 1056 ad
905 1018 1194 1069 magnitudinem
1225 1019 1306 1056 eius
1337 1016 1485 1061 circuli,
1518 1026 1624 1066 quem
1649 1013 1716 1052 Sol

268 1076 350 1127 ipse
376 1087 498 1112 annuo
525 1087 636 1110 eursu
668 1075 819 1112 metitur
846 1087 889 1111 ac
919 1075 1087 1122 conficit,
1109 1086 1255 1125 quoque
1284 1070 1393 1110 modo
1420 1069 1458 1108 id
1487 1069 1718 1120 geometrica

270 1130 475 1168 subtilitate
504 1128 753 1166 demonstrari
784 1136 931 1180 posset:
967 1142 1049 1168 eam
1077 1130 1260 1167 rationem
1289 1141 1370 1166 cum
1392 1125 1594 1164 Prienensi
1624 1137 1717 1175 quo-

270 1185 353 1223 dam
367 1184 468 1237 **),
503 1184 652 1222 homine
683 1192 721 1221 et
750 1186 874 1222 talium
905 1198 1028 1223 rerum
1060 1185 1235 1231 curioso,
1278 1190 1316 1221 et.
1345 1182 1458 1220 divite
1490 1193 1534 1218 ac
1564 1181 1716 1230 copioso

270 1240 570 1279 communicavit.
619 1239 694 1287 Qui
717 1247 755 1277 et
783 1238 938 1278 acumen
957 1241 1146 1286 Thaletis,
1170 1247 1208 1277 et
1238 1238 1378 1276 inventi
1405 1234 1716 1288 pulchritudinem

270 1295 474 1334 admiratus
511 1295 714 1345 praemium
749 1307 770 1332 a
802 1308 842 1332 se
872 1295 997 1340 illum,
1041 1302 1213 1346 quantum
1246 1293 1380 1338 vellet,
1422 1299 1552 1342 optare
1590 1290 1714 1328 iussit.

270 1353 426 1390 Nullum
454 1359 505 1395 te,
536 1350 671 1400 inquit,
694 1351 803 1387 aliud
823 1352 1035 1400 praemium
1057 1363 1190 1401 poseo,
1214 1350 1302 1394 nisi,
1326 1354 1370 1386 ut
1396 1360 1443 1385 ne
1464 1347 1536 1385 tibi
1556 1358 1717 1395 unquam

271 1408 384 1444 huius
406 1406 549 1443 inventi
569 1406 734 1454 gloriam
756 1418 942 1454 arroges.-
971 1406 1039 1442 sed
1057 1407 1095 1441 si
1116 1405 1264 1455 quando
1290 1405 1370 1441 eius
1393 1403 1488 1441 alios
1513 1401 1719 1452 participes

258 1460 400 1512 faeere
436 1461 622 1504 volueris,
670 1467 863 1497 auctorem
903 1461 1006 1497 illius
1054 1473 1133 1497 esse
1171 1473 1228 1496 me
1260 1465 1442 1509 perpetuo
1480 1456 1714 1508 profitearis.

272 1516 360 1554 Non
394 1515 508 1565 igitur
538 1520 779 1551 contemnunt
811 1515 965 1563 gloriam
1001 1526 1047 1551 ne
1078 1514 1344 1565 sapientissimi
1373 1511 1540 1563 quidem:
1583 1509 1718 1547 nedum

271 1584 363 1616 nos,
394 1570 454 1621 qui
486 1569 676 1619 sapientes
705 1582 777 1605 non
805 1582 954 1614 sumus,
987 1581 1106 1618 aequo
1136 1569 1260 1606 animo
1293 1568 1480 1612 feramus,
1521 1566 1553 1603 si
1582 1563 1667 1615 quid
1696 1577 1719 1602 a

271 1625 381 1664 nobis
407 1623 608 1669 interdum,
635 1636 683 1661 ex
712 1637 783 1675 quo
812 1624 891 1661 laus
917 1624 1041 1675 aliqua
1070 1625 1187 1674 possit
1216 1623 1396 1669 existere,
1418 1620 1719 1660 animadversum

273 1688 355 1728 est,
388 1679 426 1718 id
454 1680 593 1718 iniuste
623 1685 734 1730 atque
764 1678 1001 1731 impudenter
1028 1678 1074 1717 ab
1104 1680 1188 1717 aliis
1220 1677 1412 1730 occupari.

759 1833 1041 1875 CAPUT
1096 1835 1232 1875 XIII.

391 1913 448 1951 De
481 1911 701 1964 quibusdam
730 1913 824 1952 locis
851 1927 871 1952 e
895 1916 1021 1966 primo
1050 1915 1336 1953 Rhetorieorum
1365 1910 1600 1950 Aristotelis.

274 2001 573 2059 Amsrrommzs
603 2022 697 2060 libro
727 2024 846 2074 primo
878 2022 924 2062 de
950 2025 1046 2063 Arte
1076 2020 1366 2075 dicendiffiffi,
1395 2021 1459 2059 ubi
1491 2018 1625 2066 docet,
1655 2031 1720 2057 ne-

276 2077 411 2115 minem
452 2089 566 2114 sanae
599 2079 733 2115 mentis
762 2077 972 2118 deliberare
1011 2079 1056 2117 de
1086 2081 1157 2126 iis,
1198 2091 1292 2129 quae
1325 2091 1397 2114 uuo
1432 2083 1572 2113 tantum
1612 2073 1720 2111 modo

276 2133 431 2170 evenire
463 2139 640 2182 possunt,
673 2133 734 2182 qui
765 2134 872 2171 modo
902 2147 945 2171 ea
975 2135 1062 2171 talia
1091 2147 1176 2171 esse
1206 2133 1420 2176 existimet,
1453 2131 1503 2167 ita
1535 2130 1717 2179 loquitur:

276 2185 365 2239 περὶ
402 2182 474 2240 γὰρ
516 2189 593 2225 τῶν
630 2183 832 2227 ἀδυνάτων
864 2185 986 2235 ἄλλως
1022 2185 1049 2239 ἢ
1083 2188 1263 2241 γενέσθαι
1303 2183 1330 2238 ἢ
1369 2185 1526 2225 ἔσεσθαι
1560 2181 1587 2236 ’ἢ
1623 2182 1721 2234 ἔχειν

278 2239 408 2289 οὐδεὶς
433 2238 655 2294 βουλεύεται
687 2240 810 2290 οὕτως
837 2239 1143 2295 ὖπολαμβάνωνι
1184 2244 1245 2281 ubi
1275 2248 1378 2293 putat
1408 2241 1566 2292 optimus
1601 2240 1722 2276 inter-

277 2296 455 2350 pres†)‚
502 2309 587 2336 eum
624 2298 819 2350 complecti
853 2299 934 2343 *tria
980 2306 1163 2351 tempora.
1223 2297 1274 2336 Et
1311 2303 1416 2336 certe
1467 2296 1538 2333 tria
1578 2293 1718 2341 verba,

353 2446 398 2482 ere)
428 2444 475 2476 cf.
497 2445 579 2476 infra
598 2447 652 2476 lib.
673 2447 757 2476 XVI.
776 2453 846 2482 cap.
866 2448 896 2477 8.
916 2450 999 2477 extr.

354 2494 424 2530 netz-J
454 2497 504 2523 Ex
524 2494 675 2530 Appuleii
698 2495 834 2524 morinis
854 2503 926 2530 pag.
944 2496 1018 2526 361.
1058 2497 1095 2525 n.
1118 2497 1155 2524 R.
1176 2509 1214 2515 —-
1251 2493 1460 2528 Mandraytus
1477 2490 1661 2526 appellatur
1679 2490 1721 2518 ab

279 2532 460 2568 Appuleio,
490 2532 544 2568 qui
569 2540 650 2561 unus
670 2534 752 2561 hane
773 2533 939 2562 historiam
959 2535 1057 2562 habet
1084 2534 1113 2561 in
1135 2532 1271 2561 Floridis
1293 2532 1398 2567 [Toni.
1418 2529 1476 2565 11.]
1500 2536 1570 2564 pag.
1591 2529 1641 2556 33.
1669 2527 1719 2556 ed.

280 2571 470 2604 Altenburg.
510 2570 626 2599 W'one.
646 2585 684 2591 —
721 2571 902 2605 Appuleius
928 2575 1032 2600 tamen
1055 2571 1197 2599 Thaletis
1223 2575 1411 2603 responsum
1436 2568 1538 2595 minus
1559 2567 1721 2600 eleganter

280 2609 342 2637 hoc
360 2608 452 2637 modo
473 2607 618 2642 protulit:
648 2609 733 2636 Satis
752 2609 823 2636 mihi
840 2607 939 2642 fuerit
957 2611 1121 2643 mercedis,
1149 2609 1175 2635 si
1196 2609 1244 2642 id,
1273 2607 1355 2642 quod
1373 2613 1392 2633 a
1412 2612 1459 2632 me
1478 2604 1626 2636 aldim-ti,
1654 2608 1722 2629 cum

279 2645 431 2680 proferre
459 2646 501 2672 ad
519 2646 679 2679 quospiam
699 2646 856 2681 coeperis,
885 2647 940 2674 tibi
958 2653 1020 2675 non
1039 2647 1224 2683 adsciveris,
1251 2645 1306 2673 sed
1324 2644 1390 2673 eius
1415 2642 1529 2670 inventi
1554 2648 1602 2669 me
1618 2640 1722 2674 potius

282 2690 373 2720 quam
392 2683 485 2711 alium
504 2685 696 2717 repertorem
713 2684 952 2718 praedicaveris.

358 2729 452 2765 *ea-J
472 2736 542 2765 cap.
561 2731 591 2759 2.
612 2737 685 2766 pag.
706 2731 796 2760 1357.
816 2739 844 2759 α.
864 2732 894 2759 5.
916 2733 1020 2761 Bekk.

359 2779 406 2819 -Η
427 2780 587 2810 Victorius
607 2788 680 2817 pag.
700 2780 752 2816 42.
791 2781 839 2814 Cf.
858 2789 957 2818 supra
976 2783 1058 2813 vm.
1081 2784 1109 2813 8.
1150 2784 1212 2813 Pro
1236 2774 1348 2815 οὕτως
1373 2769 1644 2821 ὑπολαμβάνων
1663 2776 1719 2807 alii

285 2818 404 2865 ὀρθῶς
427 2816 533 2854 tino).-
571 2827 683 2854 Fusa
