1778 3096
487 122 590 161 LlB.
625 121 714 160 XII.
776 120 896 162 CAP.
929 121 1062 162 XVII.
1422 122 1501 165 281

61 247 142 273 sum
180 235 423 285 scripseram,
471 244 590 283 eaque
632 246 699 284 pro
736 233 814 270 suis
863 240 1049 271 sumentes
1093 246 1226 271 novum
1265 232 1503 285 proverbium

61 290 343 329 concinnarunt.
402 286 553 326 Versus
583 294 662 334 est,
692 288 845 340 opinor,
876 287 1068 339 Euripidis
1085 287 1154 341 *ὓς

279 349 341 393 ἐπ’
372 348 536 405 ἐχθροὺς
561 350 692 405 θυμὸς
720 350 862 401 ὁπλίζει
888 351 988 407 χέρα,

61 408 101 448 id
130 415 202 456 est,

279 465 323 502 In
351 463 477 502 hostes
503 465 662 514 ipsamet
689 465 751 502 ira
780 469 909 502 armat
933 476 1096 502 manum.

61 527 158 566 Eum
193 527 255 565 isti
292 528 342 566 ita
382 536 597 567 verterunt:
642 529 858 567 inimicitias
888 528 1056 567 armabit
1088 530 1149 567 ira
1186 542 1331 568 manas.
1402 528 1506 578 Quid

61 582 154 621 ina?
196 585 282 633 φῶς
319 580 495 637 ἀγαθὸνε
542 586 786 623 Manuarz'am
829 597 917 622 aes:
963 586 1285 623 sternutaverunt
1318 588 1505 624 Amores.-

60 639 156 677 Bz’lzs
183 639 222 676 z'n
250 640 431 678 naribus.-
462 641 601 678 Planus
627 640 743 677 semel
769 648 887 677 orara
914 639 1070 690 fregit.-
1112 640 1265 678 Absens
1293 641 1415 679 heres*
1432 653 1507 678 non

61 694 159 731 erit:
193 695 279 732 oleo
297 694 495 746 fraudare
520 697 718 734 lacernas:
747 701 786 732 et
809 695 886 741 ina,
915 696 1030 733 Nooea
1053 701 1169 745 caput
1185 697 1380 745 sequitur.-
1412 698 1508 733 Her-

61 749 158 786 culis
186 749 359 799 clypeus:
402 751 464 790 Ab
495 752 584 789 aula
612 751 768 789 recessit
779 767 791 787 .-
831 752 970 788 Levato
999 751 1078 787 velo
1116 751 1161 786 de
1194 763 1329 787 caussa
1368 764 1508 800 cogno-

60 815 189 841 scere.-
229 811 266 842 et
302 805 392 844 illud
431 806 592 844 omnium
631 805 907 851 stultissimum,
944 807 1027 844 Lea:
1054 804 1263 856 Africani.-
1306 812 1343 843 et
1384 806 1507 856 qualia

60 858 99 896 in
129 870 174 896 eo
214 859 308 896 libro
345 870 417 899 tam
449 861 561 900 multa
591 867 695 906 sunt,
740 867 780 898 ut
808 873 853 898 ea
884 873 1066 911 quaerere
1101 861 1148 897 sit
1176 874 1306 912 aquam
1345 860 1380 897 in
1415 862 1508 898 mari

62 912 357 967 quaerere**);
400 918 494 954 tanti
532 918 702 962 fuerunt,
743 922 781 953 ut
820 923 973 967 propter
1009 915 1104 953 tales
1141 929 1259 966 nugas
1300 915 1430 953 librum
1469 917 1507 953 in

62 975 201 1006 tantam
230 971 361 1009 molem
393 984 616 1010 excrescere
649 971 869 1022 oporteret?
919 969 1064 1009 Addam
1096 984 1214 1021 pauca
1240 970 1435 1022 quaedam,
1468 978 1509 1008 ut

63 1032 286 1072 occurrent,
333 1035 391 1074 et,
437 1028 466 1064 si
498 1035 651 1078 potero,
692 1027 877 1077 insignia:
921 1039 1137 1077 quamquam
1179 1027 1230 1064 ita
1272 1027 1384 1064 multa
1424 1034 1510 1064 sunt

62 1079 240 1129 insignia,
272 1088 311 1118 ut
335 1082 404 1119 hoc
435 1083 515 1133 ipso
545 1082 692 1120 difficile
719 1083 765 1118 sit
793 1083 979 1133 reperire,
1002 1094 1097 1132 quae
1128 1080 1301 1119 dieantur
1329 1083 1506 1132 insignia.

63 1133 211 1172 Versus
253 1143 311 1173 est
340 1136 633 1190 Luciani***):
677 1134 855 1190 Πώγωνα
890 1138 1004 1176 τίλλει
1030 1135 1200 1200 κουρέων
1237 1133 1307 1176 ’ὑπ’
1340 1134 1510 1184 ὠλέναις.

62 1188 175 1227 Hunc
205 1190 350 1240 quidam
368 1190 418 1244 †)
449 1206 496 1230 ex
526 1193 599 1230 illis
629 1194 862 1243 proverbium
894 1193 985 1229 facit
1023 1199 1061 1229 et
1091 1193 1140 1228 ita
1169 1194 1303 1229 vertit:
1343 1193 1510 1230 Barbam

61 1246 153 1282 velle
182 1258 205 1282 a
229 1260 434 1296 paerozmn
466 1249 578 1285 almsss
641 1248 742 1295 Quot
772 1247 909 1292 verba,
941 1253 995 1283 tot
1024 1253 1190 1296 peccata.
1250 1244 1441 1299 Πώγωνα,
1473 1247 1511 1285 id

63 1306 122 1336 est
158 1301 334 1342 barbam.
378 1303 644 1353 interpretatur
672 1302 787 1352 pilos,
830 1303 890 1351 qui
922 1302 959 1338 in
993 1301 1089 1339 ulnis
1123 1310 1342 1340 nascuntur.
1404 1303 1509 1340 Nihil

63 1354 240 1405 ineptius.
306 1357 429 1396 Τίλλει
469 1371 540 1394 non
573 1364 631 1395 est
665 1358 778 1402 velle,
820 1356 886 1394 sed
916 1357 1032 1395 vellzssl
1093 1356 1266 1396 Ridicule
1306 1364 1425 1395 autem
1435 1357 1510 1452 'jn

63 1409 236 1477 κουρέων
276 1412 365 1450 facit
401 1409 587 1465 κούρους,
631 1411 667 1449 id
706 1419 766 1449 est
803 1426 854 1450 ex
893 1413 1106 1450 tonsorzbus
1140 1426 1295 1464 puer-os.
1356 1412 1406 1450 Et

64 1462 222 1512 ὠλέναις
248 1468 375 1517 inepte
404 1469 673 1519 interpretatur
701 1467 748 1505 ab
781 1469 899 1513 alnis,
934 1481 1016 1505 cum
1047 1464 1114 1506 υπ’
1150 1465 1307 1515 ὠλέναις
1339 1468 1511 1520 κουρέων

65 1521 114 1557 sit
146 1522 215 1558 sab
252 1523 423 1560 mambres
460 1530 664 1561 tonsorum.
732 1522 881 1560 Versus
917 1530 975 1560 est
1013 1523 1280 1589 Aristophanis
1327 1525 1510 1575 principio

65 1578 133 1626 τῆς
163 1574 355 1629 Εἰρηνης·
386 1573 475 1630 Αἶρ’
509 1574 590 1630 αἶρε
617 1579 738 1627 μᾶζαν
766 1593 818 1624 ως
845 1574 998 1628 τάχιστα
1026 1577 1224 1634 κανθάρω.
1278 1578 1374 1616 Eum
1406 1581 1511 1617 aiunt

67 1631 130 1667 isti
170 1632 216 1669 ab
255 1632 410 1669 eruditis
449 1633 638 1684 proverbii
680 1633 762 1670 loco
799 1633 950 1670 referri.
1012 1620 1197 1680 Quaero,
1235 1635 1296 1685 qui
1335 1635 1410 1671 sint
1448 1636 1511 1672 isti

66 1685 226 1724 eruditi:
253 1695 316 1724 aut
340 1689 421 1738 quis
451 1701 620 1739 umquam
642 1687 799 1725 idoneus
822 1695 953 1725 auctor
982 1688 1052 1726 hoc
1083 1701 1209 1735 versu,
1237 1697 1275 1726 ut
1296 1690 1511 1740 proverbio,

68 1754 156 1778 usus
187 1743 250 1780 sit.
298 1742 480 1780 Erasmus
504 1745 540 1781 in
569 1743 725 1794 quodam
758 1756 869 1781 versu
883 1742 967 1796 ††)
998 1745 1216 1795 scripserat,
1252 1745 1362 1782 facile
1389 1745 1510 1783 videri

66 1797 265 1848 proverbia
306 1798 498 1845 scribere3
549 1798 659 1850 idque
704 1811 745 1836 se
788 1811 860 1836 non
907 1812 1072 1849 negare:
1122 1800 1187 1837 sed
1236 1799 1384 1838 difficile
1426 1814 1515 1839 esse

68 1851 248 1891 chiliadas
287 1854 470 1891 seribere
538 1853 592 1891 At
627 1854 657 1891 si
696 1854 783 1891 talia
817 1854 1014 1904 proverbia
1046 1855 1292 1906 recipiamuS,
1338 1856 1408 1893 iam
1440 1870 1514 1895 non

70 1907 274 1955 chiliadas,
320 1908 384 1946 sed
419 1908 623 1960 myriadum
665 1908 851 1961 myriadas
870 1908 987 1962 †††)
1026 1911 1195 1948 scribere
1234 1911 1342 1948 facile
1384 1912 1510 1950 fuerit.

69 1961 221 2009 Quanto
243 1965 341 2001 enim
373 1965 507 2001 iustius
536 1965 572 2002 in
604 1965 701 2002 hunc
723 1963 889 2002 ordinem
919 1966 1108 2003 referetur
1135 1965 1224 2003 illud
1248 1978 1294 2004 ex
1315 1966 1424 2005 Pluto
1433 1967 1515 2021 ’ψ

233 2027 302 2077 Ὡς
331 2027 513 2082 ἀργαλέον
540 2027 682 2084 πρᾶγμ’
718 2029 839 2080 ἐστὶν,
869 2023 901 2069 ὦ
932 2033 1009 2069 Ζεῦ
1038 2030 1103 2069 καὶ
1135 2031 1238 2081 θεοὶ,

232 2089 388 2125 Δοῦλον
411 2084 593 2138 γενέσθαι
618 2089 963 2139 παραφρονοῦντος
991 2083 1188 2126 δεσπότου.

70 2155 123 2193 Ut
153 2154 276 2204 dieas,
318 2158 507 2209 proverbii
538 2171 643 2196 usum
683 2171 769 2196 esse
799 2170 911 2208 posse
941 2158 978 2195 in
1010 2170 1098 2204 eos,
1139 2161 1200 2211 qui
1233 2161 1400 2198 serviunt
1432 2160 1516 2198 lihi-

70 2210 203 2250 dinoso
232 2214 373 2256 amori,
412 2220 475 2250 aut
503 2214 706 2260 avaritiae,
748 2220 811 2251 aut
846 2211 1006 2264 denique
1044 2215 1156 2252 alicui
1196 2215 1404 2267 cupiditati.
1466 2216 1517 2254 Et

71 2267 132 2304 ilia
164 2280 211 2306 ex
240 2268 399 2306 Nebulis
415 2266 516 2320 **).

229 2325 283 2371 Ὠ,
312 2336 389 2373 Ζεῦ
417 2335 595 2385 βασιλεῦ,
627 2331 669 2375 τὸ
697 2338 822 2387 χρῆμα
848 2337 924 2374 τῶν
954 2337 1103 2374 νυκτῶν
1131 2332 1225 2376 ὅσον

231 2384 474 2441 Ἀπέραντον.
505 2387 647 2431 οὔποθ’
681 2388 803 2444 ἡμέρα
830 2386 1044 2444 γενήσεται,·

78 2521 313 2628 οπλξζέιὶἰὴθέ.
335 2533 365 2555 ν.
387 2526 439 2557 84.
478 2528 606 2562 Integer
625 2535 742 2558 versus
762 2527 810 2557 sic
828 2527 961 2563 legitur:
984 2518 1121 2559 ἁπλοῦς
1146 2521 1203 2556 ἐπ’
1230 2522 1378 2569 ἐχθροῖς
1400 2523 1520 2568 μῦθος

163 2606 221 2659 {J
249 2574 538 2643 ffugzroverniale
558 2608 680 2638 dicendi
700 2617 800 2644 genus
820 2611 949 2639 veteres
969 2609 1167 2645 ignorabant.

204 2645 362 2680 '-'·)Oc)p.
385 2654 414 2675 v.
435 2647 484 2674 59.
508 2649 595 2675 T.0m
616 2649 668 2676 111.
690 2655 761 2683 pag.
781 2648 853 2677 668.
875 2649 924 2677 ed.
945 2649 1049 2678 Reitz.

153 2643 199 2728 τι)
221 2682 265 2709 u
268 2683 330 2710 omi
352 2691 467 2717 operae
487 2686 614 2718 quidem.

154 2717 227 2756 *sl-J
250 2721 318 2748 Vid
340 2721 421 2750 titul
444 2722 596 2755 Anagior
619 2729 688 2756 pag
710 2728 836 2750 aversa.
876 2724 987 2752 Fansr.

152 2758 263 2801 Τῆ--Η
275 2759 466 2787 voca'iulum
488 2761 602 2796 myn'as
624 2758 748 2788 Latinis
767 2759 962 2789 inusitatum.

153 2800 177 2823 ³1:
154 2797 196 2862 ³¹.)
219 2796 379 2830 principio.

164 2838 396 2876 amprineipio,
415 2839 466 2868 ubi
483 2846 564 2868 nunc
578 2839 694 2874 legitur
714 2832 923 2868 οὐδέποθ’
942 2832 1057 2880 ἡαέρα
1083 2850 1137 2877 pro
1157 2847 1174 2869 ο
1186 2830 1204 2869 ὑ
1216 2835 1313 2870 ποθ
1332 2834 1448 2883 ἧιιέρη
1464 2848 1523 2876 cet.

1539 1753 1602 1783 294
