1726 3106
112 602 173 633 10⁰

465 590 547 647 Μ.
594 589 972 650 ANTONII
1017 590 1368 650 MURETI

198 702 969 853 HIPPOLYTUlil
1043 781 1638 856 ESTENSEM

488 907 524 936 S.
556 906 597 934 R.
630 907 670 933 E.
705 905 978 933 CARDINALEM
1006 905 1354 936 ILLUSTRISSIMUM

366 1027 855 1076 VARIARUM
922 1027 1468 1078 LECTIONUM

543 1132 812 1172 LIBER
869 1131 1294 1183 QU1NTUS.

723 1345 1014 1385 CAPUT
1070 1345 1101 1383 Ι.

434 1424 648 1464 Itzsularum
669 1423 964 1476 fortunatarum
997 1425 1199 1475 descriptio
1229 1431 1266 1463 ct
1293 1426 1400 1463 situs.

195 1514 437 1574 Pnonmm
468 1543 527 1575 est
555 1550 575 1574 a
606 1537 797 1574 veteribus
827 1538 967 1588 poetis,
1009 1549 1094 1574 esse
1126 1536 1301 1587 quasdam
1331 1537 1369 1574 in
1400 1536 1555 1575 Oceano
1587 1538 1641 1574 in-

197 1593 321 1638 sulas,
351 1591 398 1630 ad
428 1606 518 1644 quas
547 1599 631 1642 post
659 1601 813 1630 mortem
843 1592 1060 1630 deferantur
1091 1604 1217 1629 eorum
1247 1593 1381 1639 animi,
1423 1594 1483 1644 qui
1514 1600 1640 1632 sancte

195 1649 448 1698 religioseque
466 1649 643 1685 vixerint.
695 1648 749 1685 Ibi
781 1661 846 1686 eos
875 1649 973 1685 inter
998 1660 1039 1685 se
1064 1647 1328 1685 iucundissime
1351 1660 1394 1685 ac
1422 1649 1641 1687 suavissime

195 1704 341 1749 vivere,
374 1705 410 1740 in
433 1704 696 1741 amoenissimo
719 1704 872 1754 quodam
898 1710 1017 1754 prate,
1051 1702 1146 1754 quod
1172 1716 1339 1753 gemmea
1369 1704 1499 1741 ssorum
1524 1704 1641 1742 oculis

195 1759 423 1809 naribusque
444 1759 738 1810 gratissimorum
768 1761 949 1797 varietate
967 1757 1011 1808 ᾇ)
1044 1765 1222 1809 perpetuo
1244 1757 1455 1796 distinctum
1482 1760 1640 1810 pictura-

195 1821 345 1864 tumque
363 1813 438 1866 ²³²²)
482 1816 543 1851 sit.
615 1814 813 1865 Nunquam
853 1828 925 1852 non
963 1814 1037 1850 illic
1075 1815 1193 1851 nitere
1236 1814 1404 1860 caelum,
1461 1814 1640 1854 frondere

195 1869 369 1915 arbores,
404 1869 612 1920 pubescere
643 1870 794 1916 herbas,
826 1871 951 1907 ridere
980 1870 1118 1914 omnia,
1150 1869 1295 1919 spirare
1324 1868 1475 1907 assidue
1504 1871 1641 1908 mollis-

196 1926 310 1962 simos
341 1925 554 1969 Favonios‚
593 1939 745 1976 quorum
786 1926 941 1963 flabellis
979 1924 1150 1962 arborum
1184 1937 1312 1962 comae
1350 1924 1487 1962 leniter
1524 1926 1642 1964 venti-

195 1979 291 2017 latae
312 1977 413 2030 *²⁶²2
451 1979 703 2031 placidissimo
733 1994 920 2019 murmure
957 1981 1107 2017 auribus
1135 1979 1385 2017 blandiantur.
1445 1979 1505 2018 Eo
1532 1994 1640 2020 acce-

195 2034 286 2072 dere
311 2036 613 2073 innumerabilem
637 2037 707 2072 vim
732 2050 774 2073 ac
802 2037 942 2087 copiam
966 2035 1224 2072 immortalium
1253 2035 1494 2082 avicularum,
1529 2049 1638 2087 quae,

195 2103 312 2141 usque
342 2098 379 2127 et
410 2103 526 2141 usque
542 2090 592 2142 †)
623 2090 889 2141 liquidissimos
920 2099 1050 2128 cantus
1080 2092 1181 2127 tenui
1213 2097 1363 2140 gutture
1394 2091 1638 2139 funditantes,

195 2146 344 2183 intimos
365 2144 591 2183 audientium
619 2158 752 2182 sensus
776 2146 986 2184 incredibili
1013 2145 1199 2195 voluptate
1224 2145 1491 2195 permulceant.
1545 2146 1640 2185 Pra-

196 2207 270 2238 tum
301 2202 420 2251 ipsum
460 2201 686 2251 perennibus
719 2202 847 2238 rivulis
886 2201 988 2238 varie
1027 2201 1270 2245 imm-secari,
1313 2214 1465 2251 quorum
1504 2203 1639 2253 aquula

195 2255 418 2294 nitidissima
461 2255 507 2293 ad
546 2255 797 2294 versicolores
836 2256 980 2307 lapillos
1019 2256 1180 2292 molliter
1215 2256 1332 2293 fracta
1371 2263 1408 2293 et
1441 2257 1546 2295 allisa
1577 2271 1638 2295 su·

195 2325 342 2349 surrum
391 2311 527 2349 efficiat
564 2310 831 2349 dulcissimum.
908 2311 989 2356 Ita,
1043 2324 1112 2361 qua
1151 2311 1387 2348 flosculorum
1430 2313 1637 2351 ambrosios

195 2366 333 2404 odores
362 2367 612 2405 exhalantium
642 2368 840 2414 suavitate,
868 2380 938 2418 qua
966 2366 1226 2418 Zephyrorum
1257 2365 1499 2406 viridantibus
1529 2369 1640 2407 arho-

271 2488 314 2523 ÷::-)
336 2490 419 2517 Tota
440 2490 517 2516 haec
534 2487 703 2523 descriptio
724 2488 880 2523 poeticum
900 2495 978 2523 prae
998 2494 1034 2515 se
1054 2485 1115 2515 fert
1134 2487 1272 2515 colorem
1289 2489 1385 2522 atque
1403 2487 1565 2524 spiritum3
1586 2487 1638 2518 in—

195 2529 269 2555 sunt
290 2530 394 2554 tamen
415 2528 577 2560 nonnulla,
599 2527 631 2554 in
650 2526 762 2560 quibus
778 2527 941 2556 audaciam
958 2525 1114 2559 quandam
1136 2525 1372 2559 deprehendere
1389 2526 1504 2562 possm,
1526 2534 1639 2561 quem-

194 2565 364 2593 admodum
384 2566 413 2592 h.
435 2565 454 2592 l.
484 2571 618 2599 qenmzea
636 2565 748 2598 florum
768 2566 912 2592 varietas.
952 2563 1074 2592 Plinius
1096 2564 1194 2596 Epist.
1216 2564 1251 2591 V.
1274 2564 1304 2591 6.
1325 2564 1355 2598 ὅ.
1380 2565 1428 2592 11.
1455 2565 1547 2599 prata
1566 2564 1638 2600 qui-

195 2603 266 2631 dem
287 2604 382 2630 habet
400 2602 513 2637 florida
532 2603 562 2629 et
579 2609 731 2637 9emmea;
760 2602 836 2630 illud
859 2609 934 2630 vero
956 2608 1086 2637 vereor,
1109 2603 1142 2628 ut
1162 2603 1245 2628 recte
1267 2601 1398 2629 dicatur.

270 2650 338 2684 ιτε-ῑῑε)
358 2651 546 2683 Picturalus,
568 2649 725 2683 poeticum
746 2650 888 2679 verbum.
921 2651 959 2678 D.
981 2651 1018 2678 R.
1039 2663 1075 2669 —
1115 2650 1193 2677 stat.
1215 2649 1313 2678 Theb.
1333 2650 1386 2678 VI.
1405 2650 1457 2678 58.
1477 2651 1520 2678 Et
1535 2649 1639 2685 piceu-

194 2688 282 2716 ratus
300 2689 462 2716 morituris
479 2688 610 2723 floribus
629 2694 733 2722 ayyer.

270 2736 363 2769 *xz-²:2⁴)
387 2736 477 2764 Ovid.
498 2737 607 2764 Amor.
628 2737 651 2763 Ι.
669 2736 696 2769 7,
719 2735 769 2764 54.
790 2736 825 2763 u!
842 2742 910 2763 cum
928 2735 1077 2768 populeas
1096 2735 1221 2762 ventilat
1241 2741 1321 2763 aura
1340 2741 1453 2764 comas.
1481 2737 1522 2764 Et
1541 2736 1638 2765 arbo-

195 2780 265 2801 rum
284 2780 389 2801 comae
408 2774 491 2808 apud
512 2773 648 2802 Plinium
668 2773 768 2807 Epist.
790 2774 827 2802 Y.
848 2774 877 2802 6.
899 2774 929 2808 ὃ.
954 2773 999 2801 19.

271 2818 316 2857 ἡ)
337 2822 426 2849 Unus
446 2820 606 2850 Martialis
633 2821 795 2855 copulavit
823 2828 919 2857 usque
945 2823 973 2850 el
1000 2827 1095 2856 usque
1121 2819 1227 2856 Epigr.
1254 2820 1308 2850 lib.
1330 2802 1430 2851 Vsssfi
1449 2821 1518 2854 init.
1546 2822 1637 2852 Alla-

194 2859 259 2887 ires
279 2859 349 2889 lice!
367 2865 463 2894 usque
482 2866 539 2888 nos
558 2863 586 2889 et
607 2866 711 2894 usque.
