1778 3096
537 158 636 198 LIB.
668 159 762 198 XV.
823 158 941 198 CAP.
973 160 1003 197 1.
1409 158 1488 200 331

55 271 138 310 fieri
175 284 248 309 non
284 282 422 322 posse,
472 268 569 320 quod
609 269 680 307 iam
720 270 875 320 egregie
910 268 1109 307 Perionius
1126 266 1177 320 qlss)
1221 268 1486 319 praestitisset.

56 325 204 373 Credo,
242 325 379 376 inquit,
420 323 519 361 illum
549 323 669 371 dicis,
713 325 774 375 qui
805 323 901 375 quod
937 325 1086 375 quincto
1125 336 1269 374 quoque
1299 336 1396 361 anno
1411 322 1487 376 ΗΕ)

56 381 263 420 faciendum
292 379 495 430 significari
524 380 654 426 vellet,
685 378 721 416 id
750 380 912 429 szhgnlz’s
942 381 1103 430 quinque
1131 381 1239 417 annis
1267 379 1349 416 fieri
1380 392 1491 430 opor·
1516 385 1579 415 345

55 444 138 475 tere
174 435 337 485 scripsit.
406 433 504 471 Eum
543 436 686 486 ipsum,
728 435 897 484 inquam,
938 440 976 471 et
1010 433 1207 472 Ciceronis
1244 434 1491 485 eloquentiam

55 491 175 530 vides.
234 489 311 528 Sed
343 496 383 527 ut
412 502 471 527 me
495 489 541 527 ad
570 490 797 541 propositum
834 489 1020 534 referam,
1061 490 1207 526 etiamsi
1241 489 1311 527 hoc
1341 488 1489 534 demus,

54 552 188 584 novata
224 557 310 583 esse
351 544 463 582 multa
502 545 547 582 ab
584 546 652 592 iis,
698 546 760 595 qui
799 551 881 594 post
921 543 1145 581 Ciceronem
1185 545 1361 590 fuerunt,
1403 543 1492 595 quid

54 613 209 638 caussae
249 607 331 645 est,
373 612 440 637 cur
476 613 520 638 ea
550 601 717 643 reiicere¹
752 597 982 637 debeamus?
1040 598 1212 646 Quorsus
1250 600 1365 651 igitur
1402 599 1492 638 illud

53 655 204 694 Horatii
218 652 348 708 ***)‘?
409 657 457 694 Ut
473 655 580 707 solia
608 657 656 694 in.
675 656 800 701 silves,
832 662 869 692 et
896 652 1009 692 illud:

490 754 542 759 —
574 732 683 770 licuit
706 744 924 782 semperque
954 731 1083 769 licebit

244 788 442 837 &gnatum
467 794 666 838 praesente
693 793 783 825 nota
806 787 1023 838 producere
1051 799 1198 824 nomen.

53 861 191 901 Nonne
215 863 352 902 Cicero
381 870 420 902 et
452 865 563 902 multa
595 864 744 902 novavit
774 864 853 914 ipse
868 862 942 916 ἦ),
975 870 1012 902 et
1036 862 1234 908 Catonem,
1262 860 1492 909 Varronem,

53 917 209 956 Brutum
241 920 431 970 aliosque,
469 928 507 957 ut
537 919 634 957 idem
666 920 857 965 facerent,
890 919 1056 956 hortatus
1086 917 1174 955 est‘?
1229 915 1290 954 An
1320 918 1492 955 fortassis

53 974 254 1025 personale
275 975 364 1012 illud
384 975 620 1026 privilegium
636 974 718 1027 ††)
745 975 835 1011 fuit:
862 981 901 1011 ut
920 987 1001 1011 cum
1024 972 1227 1018 Cicerone,
1259 979 1297 1011 et
1321 986 1402 1010 cum
1428 973 1490 1018 iis,

140 1053 209 1103 qm·
234 1058 309 1090 tum
337 1052 512 1090 vivebant
539 1054 705 1091 homines
733 1059 845 1102 alque
874 1064 1000 1089 aevum
1030 1050 1237 1100 agitabant
1249 1048 1379 1102 †††)‚

57 1127 281 1166 exstinctum
312 1140 397 1166 esse
428 1128 626 1167 videatur?
681 1126 1112 1180 Jacompreloensibile2³)
1143 1125 1320 1164 Ciceroni
1353 1127 1496 1176 fingere

54 1182 182 1220 licuit:
217 1181 343 1234 quidni
369 1184 452 1221 aliis
479 1185 547 1222 alia
574 1184 620 1222 ad
643 1184 800 1222 eundem
832 1183 974 1220 modum
997 1190 1128 1232 postea
1155 1181 1332 1219 licuerit?
1382 1181 1497 1232 Equi-

54 1235 136 1274 dem
167 1238 365 1286 existimo,
408 1238 656 1285 Ciceronem,
689 1241 719 1276 si
748 1238 793 1276 ad
824 1238 1066 1286 Quinctiliani
1096 1244 1133 1274 et
1161 1235 1275 1273 Plinii
1305 1243 1343 1273 et
1370 1237 1496 1274 Taciti

52 1299 221 1342 tempora
249 1293 359 1330 vitam
391 1293 599 1344 producere
629 1295 835 1344 potuisset,
877 1299 913 1330 et
943 1293 1146 1329 Romanam
1178 1291 1339 1341 linguam
1370 1292 1495 1330 multis

52 1348 205 1385 vocibus
237 1348 433 1397 eleganter
461 1350 701 1386 conformatis
731 1361 859 1385 eorum
889 1346 1009 1384 studio
1048 1353 1192 1383 auctam
1223 1360 1266 1383 ac
1296 1346 1497 1397 locupleta-

53 1409 127 1439 tam
159 1402 337 1450 vidisset,
379 1417 547 1454 magnam
581 1406 635 1442 eis
664 1405 821 1454 gratiam
852 1403 1062 1440 habiturum
1092 1408 1203 1452 atque
1239 1402 1310 1439 illis
1344 1403 1496 1440 vocibus

54 1456 187 1508 cupide
226 1471 377 1496 usurum
408 1460 540 1497 fuisse.
601 1460 697 1497 Nam
738 1460 890 1496 istorum
923 1457 1069 1508 quidem
1100 1456 1229 1494 audire
1263 1464 1321 1494 est
1358 1470 1495 1508 operae

54 1513 212 1563 pretium
245 1514 457 1552 amentiam.
509 1513 569 1552 Ad
592 1515 715 1552 Taciti
744 1522 807 1551 aut
836 1513 1010 1551 Suetonii
1040 1525 1153 1550 voces
1185 1519 1389 1549 nauseant:
1423 1513 1496 1563 ipsi

56 1580 119 1604 eas
151 1568 300 1619 scriptis
331 1568 406 1605 suis
438 1569 631 1616 intexunt,
664 1582 757 1620 quae
787 1582 833 1606 ne
865 1570 901 1606 in
931 1568 1053 1605 culina
1083 1566 1230 1618 quidem
1260 1567 1404 1605 illorum
1433 1581 1498 1619 pa-

54 1623 194 1660 tienter
230 1622 351 1660 audiri
388 1624 608 1673 potuissent.
680 1624 870 1668 Mentior,
913 1623 984 1660 nisi
1022 1622 1112 1668 tibi,
1158 1635 1240 1659 cum
1281 1622 1411 1668 voles,
1459 1623 1498 1660 in

56 1678 208 1728 scriptis
239 1678 483 1729 quorundam,
515 1680 575 1729 qui
605 1680 713 1717 huius
744 1687 868 1716 sectae
900 1678 1105 1729 coryphaei
1133 1677 1336 1724 habentur,
1367 1691 1500 1728 specu-

56 1734 254 1780 lationem,
307 1735 641 1783 iugrate‘tmlz‘nern,
697 1736 1004 1772 contrarietatem
1021 1731 1094 1783 ᾒξΔἏὺ)
1141 1733 1283 1782 aliaque
1331 1732 1497 1771 eiusdem

55 1788 209 1838 generis
245 1788 401 1840 plurima
436 1790 654 1828 ostendero.
715 1791 791 1828 Sed
815 1791 910 1827 satis
947 1795 1005 1826 est
1033 1789 1198 1832 delmkse,
1240 1801 1308 1837 ego
1331 1789 1498 1839 pulchra

49 1846 228 1894 poemata
259 1857 388 1895 pango
403 1841 519 1896 iiiiii).
591 1844 685 1883 Cum
727 1845 842 1883 semel
882 1845 920 1882 in
960 1843 1055 1881 hanc
1093 1841 1324 1894 disciplinam
1363 1856 1498 1882 nomen

130 1951 173 1987 ἐκ)
194 1953 241 1980 De
260 1953 319 1980 hoc
338 1952 402 1981 vid.
423 1953 538 1982 Mureti
558 1952 705 1982 iudicium
726 1953 757 1981 in
777 1952 875 1986 Epist.
898 1953 937 1981 ad
958 1951 1144 1981 LambInum
1170 1952 1250 1986 Opp.
1272 1953 1360 1981 Tom.
1381 1954 1404 1982 1.
1425 1959 1499 1989 pag.

55 1988 128 2018 384.
167 1989 214 2018 Cf.
236 1991 323 2019 Toni.
346 1993 398 2019 111.
420 1998 490 2025 pag.
511 1992 581 2019 350.
602 1991 746 2026 inprimis
766 1991 866 2025 Epist.
889 1992 977 2019 Tom.
998 1992 1050 2019 IV.
1072 1997 1144 2024 pag.
1166 1991 1239 2018 595.
1278 1992 1390 2018 ansr.

133 2037 201 2071 -:::-÷t:-)
223 2039 293 2066 Huc
312 2039 447 2072 pertinet
467 2039 703 2067 animadversio
725 2041 759 2067 G.
782 2039 920 2074 scioppii
940 2039 979 2067 de
1004 2038 1079 2066 stilo
1102 2039 1211 2066 histor.
1233 2044 1304 2071 pag.
1323 2038 1384 2066 226
1407 2037 1499 2073 [pag.

59 2075 130 2103 187.
152 2076 197 2102 ed.
218 2076 340 2110 Fabul.
381 2077 499 2113 „Fugit
519 2080 676 2105 muretum
698 2077 791 2109 ratio,
815 2084 883 2105 cum
905 2084 960 2110 pro
981 2076 1110 2110 sinqulis
1131 2077 1259 2110 quinque
1279 2077 1369 2103 annis
1390 2076 1500 2104 dicen-

59 2112 132 2140 dum
154 2116 240 2146 putat
263 2114 366 2147 quinto
386 2122 504 2149 quoqne
523 2121 613 2142 mmo.
653 2116 718 2142 Nec
738 2114 821 2142 enim
842 2115 953 2142 eadem
979 2114 1144 2147 utriusque
1165 2113 1241 2141 dicti
1262 2116 1310 2140 est
1330 2114 1500 2143 sententia.

59 2149 94 2177 Si
114 2150 186 2184 quid
208 2150 290 2178 enim
310 2151 371 2185 fiat,
394 2152 476 2186 quod
493 2152 714 2186 quinquennio,
737 2159 795 2180 seu
816 2151 951 2186 singtilis
972 2150 1194 2185 quinquenniis
1211 2151 1320 2186 semel,
1344 2151 1420 2178 nihil
1441 2159 1501 2179 ne-

60 2193 151 2215 cesse
173 2191 221 2216 est
251 2187 281 2215 id
301 2188 408 2222 quinto
429 2197 554 2223 semper
581 2197 662 2218 antio
683 2189 766 2221 fieri,
795 2197 865 2218 cum
886 2189 983 2218 etiam
1011 2189 1128 2225 primo,
1158 2189 1314 2225 secundo,
1342 2192 1399 2217 aut
1421 2196 1501 2223 quo-

59 2231 180 2259 cunque
201 2225 402 2260 quinquennii
422 2233 503 2255 anno
525 2227 641 2255 factum
666 2226 896 2261 intelligatur.“
936 2228 972 2254 D.
995 2227 1032 2254 R.

58 2310 91 2339 in
109 2272 226 2339 annos)
246 2275 317 2303 Art.
338 2275 427 2304 Pcet.
446 2281 478 2304 v.
498 2276 539 2304 58
558 2283 605 2310 sq.
628 2274 680 2305 ubi
699 2274 832 2309 tegitur:
856 2275 902 2304 Ue
921 2275 1050 2303 silvae
1067 2272 1188 2308 foliis
1206 2280 1326 2308 pronos
1345 2274 1502 2304 mutantur

136 2357 182 2396 72)
204 2359 252 2388 Cf.
271 2361 385 2388 Mutet.
407 2359 508 2388 oratt.
530 2359 601 2389 Vol.
621 2361 658 2389 11.
681 2361 732 2389 Or.
758 2360 805 2389 14.
828 2360 906 2395 Opp.
929 2361 1018 2389 Tom.
1039 2361 1063 2388 Ι.
1084 2366 1156 2394 pag.
1177 2359 1249 2387 310.

62 2450 81 2473 a
125 2402 209 2472 {issi-J
238 2409 287 2473 ltlrg
314 2406 381 2435 fere
408 2408 637 2436 pandectarum
669 2408 842 2444 scriptores
871 2410 1059 2443 loquuntur,
1096 2415 1158 2435 non
1187 2408 1288 2436 honae
1317 2407 1503 2437 Latinitatis

84 2451 121 2472 UC
137 2452 217 2473 0183.
290 2453 380 2473 HAFT.
756 2466 757 2470 ,

85 2529 101 2557 d
133 2490 236 2564 {Tg}
263 2493 385 2557 Versu&
414 2494 463 2564 eth
489 2493 658 2559 Enniiiglp.
682 2494 760 2523 Gell.
780 2495 818 2523 N.
838 2494 879 2522 A.
900 2493 952 2522 lib.
973 2494 1040 2522 XII.
1061 2499 1129 2528 cap.
1151 2493 1180 2522 2.
1208 2497 1245 2515 =
1264 2493 1358 2522 Ennii
1377 2495 1503 2528 Fragm.

64 2537 81 2558 e
106 2551 113 2558 .
162 2551 167 2556 .
204 2534 208 2540 “
241 2537 361 2565 paugeu
387 2538 440 2564 erg
465 2552 470 2558 .
493 2538 562 2565 pag.
648 2552 654 2559 .

140 2578 183 2611 ἔἑὲ)
213 2579 280 2606 Hoc
300 2579 382 2612 apud
406 2579 605 2615 Ciceronem,
635 2581 762 2614 qualem
787 2587 869 2608 nunc
895 2580 1065 2613 habemuS,
1097 2585 1159 2606 non
1179 2578 1313 2613 legitur,
1342 2578 1399 2607 sed
1419 2585 1505 2606 com-

63 2615 278 2651 prehensibilis
307 2617 458 2645 Academ.
478 2616 530 2644 lib.
551 2618 574 2645 Ι.
595 2623 662 2650 cap.
686 2619 733 2645 11.
756 2616 788 2651 §.
808 2618 859 2646 41.
888 2619 928 2646 ad
953 2616 1191 2650 exprimendam
1213 2618 1365 2645 Graecam
1394 2624 1504 2645 vocem

67 2650 300 2695 καταληπτός.
341 2658 387 2686 Cf.
419 2661 573 2687 Goerenz.
603 2660 642 2687 ad
671 2658 735 2687 Cic.
765 2660 804 2687 de
824 2660 892 2688 Fin.
922 2659 975 2687 lib.
994 2661 1032 2687 11.
1054 2666 1123 2693 cap.
1145 2660 1193 2687 17.
1216 2659 1248 2694 ξ.
1268 2660 1318 2686 57.
1340 2665 1412 2694 pag.
1432 2659 1504 2688 207.

66 2698 170 2726 Etiam
197 2698 479 2732 incomprehensus,
513 2699 594 2732 quod
616 2697 689 2725 olim
710 2699 812 2727 locum
838 2700 974 2727 habebat
993 2700 1094 2727 Aean.
1116 2699 1167 2727 lib.
1190 2701 1229 2727 ΙΙ.
1248 2706 1316 2734 cap.
1338 2698 1388 2727 29.
1410 2700 1504 2735 extr„

67 2735 262 2765 Goerenzius
284 2739 315 2763 et
337 2735 475 2764 Orellius
497 2737 656 2764 eiecerunt
676 2739 868 2770 reponentes
888 2743 950 2764 non
969 2737 1214 2770 comprehensu&

142 2784 210 2817 zzz-³22)
238 2783 295 2812 llis
316 2786 347 2811 et
367 2782 522 2811 similibus
543 2786 578 2813 P.
600 2784 775 2813 Manutium
803 2792 893 2813 usum
923 2791 995 2812 esse
1016 2783 1112 2813 refert
1133 2784 1257 2820 Sciopp.
1279 2783 1318 2813 de
1338 2782 1412 2814 stilo
1432 2782 1506 2814 nist.

65 2827 140 2857 pag.
158 2822 208 2849 58.
230 2821 279 2849 ed.
300 2820 403 2849 Fabri.
433 2822 562 2850 Rhetor.
583 2821 720 2850 exercit.
743 2829 813 2857 pag.
835 2824 883 2850 18.
924 2824 1035 2851 FAESt.

142 2870 240 2906 >aziz-*J
262 2871 367 2899 Verba
388 2873 463 2899 sunt
483 2870 606 2900 Horatii
626 2872 700 2900 Art.
722 2871 813 2901 Poet.
830 2877 862 2900 v.
883 2870 956 2900 416.
