1726 3106
550 88 653 131 LIB.
686 90 758 129 ΠΙ.
818 89 937 129 CAP.
969 91 1082 133 XIX.
1487 93 1538 136 71

101 199 209 236 cilis.v
256 198 353 238 Mihi
381 198 433 236 ita
460 197 655 249 legendum
687 198 855 237 videtur:
899 202 1102 248 Tria-ones,
1139 203 1283 240 morosi
1307 209 1344 239 et
1374 203 1425 241 ad
1453 205 1538 242 red-

102 253 261 293 dendum
288 255 389 292 duri.
447 255 615 292 Lucilius
639 257 772 304 Satyr.
805 255 872 293 lib.
905 256 976 294 ΙΧ.

263 327 397 369 Lucia’
429 332 538 368 Cotta
565 344 681 369 senex
712 333 845 369 Crassi
865 341 980 382 pater
1007 333 1118 371 huius
1140 346 1323 384 peracet',

265 384 425 434 Magnu’
444 385 531 437 suit
560 387 654 424 trz'eo
682 388 921 433 nummaria}
952 388 1099 426 solvere
1128 390 1227 428 nulli

263 442 426 488 Lentus,
457 442 498 478 z'd
524 447 602 487 cst,
621 441 774 493 faciles.

99 518 176 557 Iam
207 517 267 568 qui
298 517 410 554 fuerit
438 517 499 555 iile
528 517 655 564 Cotta,
686 526 723 557 et
747 519 807 569 qui
835 520 1012 569 potuerit,
1043 520 1117 557 nisi
1147 520 1244 558 forte
1272 533 1341 571 per
1367 519 1535 571 adoptio-

100 586 209 618 nem,
262 572 391 610 Crassi
427 573 642 623 cuiusquam
691 581 796 625 pater
842 587 952 621 esse3
1003 587 1086 612 cum
1126 575 1282 613 alterum
1320 575 1533 623 Aurelium,

99 629 255 667 alterum
295 627 479 665 Licinium
529 629 644 665 fuisse
682 629 885 667 verisimile
924 631 995 667 sit:
1047 642 1251 680 quanquam
1298 631 1379 668 [ieri
1422 633 1534 669 etiam

100 690 246 734 potest,
290 689 329 719 ut
358 682 488 720 Crassi
524 696 653 721 nomen
694 684 763 721 hoc
798 684 881 722 loco
912 685 1098 735 proprium
1137 699 1210 723 non
1246 686 1314 723 sit:
1352 684 1419 723 sed
1446 686 1533 731 hoc,

99 745 181 776 utut
209 735 351 801 eost-⁴4),
381 745 581 789 quaerant,
614 739 744 790 quibus
775 740 847 778 ista
875 753 988 778 curae
1017 747 1116 779 sunt.
1174 740 1259 792 Ego
1288 740 1386 792 quod
1413 742 1535 793 potui,

98 799 286 845 praestiti.

583 925 615 964 C
648 924 685 963 A
714 924 746 963 P
774 925 811 964 U
839 926 874 965 T
928 925 1058 966 XIX.

343 1004 501 1042 Horatii
523 1015 653 1041 versus
682 1015 704 1040 e
732 1005 861 1054 qm'nto
895 1004 1061 1042 Odarzcm
1088 1003 1288 1041 illustrati.

99 1083 442 1153 HoRATIAN1**)
478 1113 608 1138 versus
636 1107 723 1138 sunt
751 1113 798 1139 ex
826 1100 935 1148 Ode,
975 1115 1045 1153 qua
1075 1098 1365 1154 εἰρωνευόμενος
1393 1102 1537 1141 veniam

101 1172 123 1198 a
152 1156 312 1195 Canidia
339 1156 507 1195 venefica
540 1153 775 1207 petit***):

327 1234 477 1272 [lamere
505 1242 648 1271 matres
672 1234 768 1272 Iliae
796 1234 985 1271 addictum
1004 1231 1112 1282 seris

318 1289 490 1327 Alicibus
518 1295 631 1338 atque
660 1288 817 1326 canibus
845 1289 1067 1325 homicidam
1096 1289 1316 1326 Hectorem.-

317 1345 516 1394 Postquam
545 1345 690 1381 relictis
718 1343 908 1381 moenibus
934 1356 1006 1380 rex
1029 1343 1198 1393 procidit

316 1400 398 1437 Heu
421 1399 632 1449 pervicacis
661 1400 713 1436 ad
735 1399 850 1449 pedes
877 1399 1056 1437 Achillei.

98 1477 263 1517 variant
298 1482 421 1514 autem
459 1475 545 1513 libri
575 1482 750 1514 veteres:
791 1474 888 1527 quod
924 1476 960 1513 in
991 1475 1074 1513 aliis
1108 1476 1259 1514 Unoeere
1292 1473 1453 1524 legitur,
1498 1473 1537 1510 in

100 1533 182 1572 aliis
223 1535 389 1571 Luoeere.
456 1531 576 1579 Quam
609 1531 857 1581 posteriorem
898 1531 1118 1581 scripturam
1156 1530 1311 1567 mirifice
1350 1529 1539 1566 Homerus

99 1588 318 1627 confirmat:
359 1585 456 1638 apud
492 1599 599 1636 quem
629 1585 766 1624 Iliados
795 1584 899 1637 52†)
939 1586 1142 1623 Hectorem
1179 1585 1335 1623 relatum
1370 1582 1415 1621 ad
1451 1597 1539 1621 suos

98 1641 387 1687 Andromacha,
431 1648 470 1679 et
498 1641 678 1687 Hecuba,
724 1648 762 1679 et
791 1641 939 1679 Helena
976 1643 1186 1691 θρηνοῦσι,
1229 1647 1380 1678 ceterae
1417 1645 1539 1677 autem

99 1699 277 1737 mulieres
314 1693 534 1744 ἐπαιάζουσι
569 1694 635 1734 καὶ
673 1696 935 1747 στεναχίζουσι.
997 1696 1130 1746 Neque
1175 1703 1298 1732 tamen
1338 1694 1398 1731 illa
1437 1694 1541 1745 prior

99 1751 329 1804 repudianda
356 1760 432 1789 est:
465 1765 547 1789 cum
567 1758 730 1797 constet,
762 1753 850 1800 ungi
880 1752 988 1788 solita
1015 1750 1110 1801 apud
1139 1751 1310 1800 antiquos
1339 1748 1536 1794 cadavera,

98 1817 139 1847 ut
182 1807 318 1845 diutius
355 1808 503 1857 integra
537 1813 874 1844 conservarentur:
925 1807 1082 1857 eiusque
1121 1806 1285 1843 muneris
1321 1804 1539 1843 muliebrem

100 1864 328 1903 curationem
359 1862 502 1908 fuisse,
533 1862 591 1899 vel
623 1874 671 1898 ex
700 1862 763 1898 illo
790 1860 904 1898 Ennii
920 1860 1024 1913 ††),

269 1940 469 1990 Tarquinii
494 1951 628 1989 cotpus
660 1938 756 1976 bona
775 1937 929 1989 semina
959 1939 1052 1976 Ιαυίί
1076 1944 1114 1976 et
1143 1938 1269 1975 unxit.

98 2019 178 2069 ltaq
181 2030 227 2055 ue
260 2023 297 2055 et
326 2016 489 2054 urbanus
521 2028 651 2054 scurra
684 2015 871 2054 Martialis
909 2027 983 2052 non
1017 2013 1206 2066 illepidum
1242 2012 1379 2052 dictum
1414 2025 1462 2052 ex
1492 2025 1538 2052 eo

99 2071 356 2126 dumi-ii»

380 2150 455 2199 Qui
478 2162 552 2187 non
580 2155 715 2187 coenat
740 2155 778 2187 et
804 2149 982 2198 ungitur,
1014 2147 1184 2193 Fabulle,

374 2206 412 2243 Is
440 2217 530 2242 vero
557 2205 650 2242 mz‘lzz'
672 2211 842 2243 mortuus
867 2204 1028 2241 videtur.

176 2331 278 2365 ]*L1
298 2331 319 2358 I.
341 2332 424 2358 recte
450 2331 517 2358 utut
543 2337 613 2359 cum
639 2328 811 2358 indIcativo
837 2328 1034 2358 coniunctum
1062 2329 1128 2362 est·
1156 2327 1233 2357 alibi
1262 2329 1367 2357 tamen
1395 2327 1540 2356 Muretus

103 2368 134 2397 ei
160 2369 255 2396 etiam
281 2367 514 2396 coniunctivum
534 2368 709 2402 subiungit,
737 2370 771 2396 ut
790 2367 843 2396 liu.
864 2369 916 2395 XI.
937 2374 1006 2401 cap.
1030 2367 1043 2395 1
1068 2369 1147 2394 extr.
1187 2367 1251 2394 διά
1269 2367 1336 2394 utut
1354 2367 1410 2401 sit,
1439 2371 1539 2400 quon-

102 2408 165 2434 iam
183 2407 220 2434 cle
239 2413 275 2434 eo
293 2406 391 2433 Taciti
409 2406 478 2434 loco
499 2407 593 2434 multa
612 2406 741 2433 dicenda
761 2406 841 2441 sunt,
863 2413 899 2433 ea
914 2405 1061 2439 proximo
1085 2405 1183 2435 capite
1198 2410 1394 2438 eaeequemm.
1403 2387 1469 2431 ’.lib
1485 2402 1538 2430 IV.

104 2450 174 2477 cap.
198 2444 243 2471 13
275 2444 434 2477 Utcunque
460 2446 560 2471 aulem
586 2444 635 2471 sit.
665 2443 718 2471 lib.
739 2444 819 2471 XIV.
842 2450 912 2476 cap
934 2442 982 2470 14.
1011 2442 1238 2477 quotuscunque
1263 2442 1384 2469 tandem
1411 2441 1462 2468 ille
1489 2439 1539 2467 sz't.

105 2482 180 2508 Obs.
202 2480 258 2508 iur.
279 2487 346 2514 cap.
370 2480 415 2508 14.
437 2481 501 2509 sive
520 2482 587 2508 inre
606 2481 670 2508 sive
689 2481 803 2508 ιἠῐιινῖα
822 2480 997 2507 nunciatum
1016 2480 1063 2507 sit.
1103 2479 1173 2507 vid
1196 2478 1354 2507 Heindorf.
1375 2478 1414 2507 ad
1430 2478 1540 2506 Horat.

104 2520 172 2547 Sat.
194 2519 216 2546 1.
239 2517 287 2553 10,
309 2519 359 2546 88.
379 2525 450 2552 pag.
471 2520 542 2546 225.
577 2520 689 2546 FAESI.
728 2518 810 2546 Add.
834 2519 1006 2546 vavassor.
1026 2517 1134 2545 Antib.
1155 2524 1227 2552 pag.
1247 2517 1320 2547 613.

180 2563 246 2598 =.':·-:::-)
267 2565 347 2594 Vide
366 2566 510 2594 Lambini
530 2566 699 2601 epistolam
716 2566 738 2595 l.
758 2573 784 2595 c.
806 2572 877 2601 pag.
897 2564 968 2594 397.
1007 2565 1046 2593 D.
1063 2565 1100 2594 R.

177 2612 270 2647 {xz-22:⁴³3)
291 2613 388 2647 Epod.
408 2614 503 2643 XVII.
524 2615 574 2644 11.

178 2659 224 2697 †)
245 2668 275 2688 v.
298 2661 484 2690 722-776.

178 2705 252 2745 ††)
272 2707 366 2741 Apud
387 2708 478 2737 Serv.
507 2709 546 2737 ad
576 2709 664 2744 virg.
691 2710 773 2740 Aen.
794 2710 846 2740 VI.
866 2709 937 2740 219.
987 2707 1057 2738 vid.
1085 2706 1175 2737 Ennii
1203 2708 1462 2744 Anna1.1‹¹ragn1.
1492 2707 1540 2736 ed,

106 2746 141 2776 Ε.
163 2745 438 2781 swangenbergj.
459 2753 529 2781 pag.
549 2747 599 2776 57.

182 2791 282 2831 03-—5-32)
302 2792 408 2830 Epigr.
428 2793 482 2825 lib.
499 2796 551 2824 111.
573 2795 612 2825 12
629 2796 713 2825 extr.

1557 637 1598 668 76
