1778 3096
196 534 260 565 383

285 138 368 182 366
849 137 979 179 VAR,
1011 138 1165 180 LECT.

287 247 465 289 cendunt.
525 248 577 288 Ut
606 247 811 295 haec-est,
851 261 946 301 quac
977 261 1074 287 nunc
1104 248 1203 288 aliud
1231 251 1358 302 agenti
1388 250 1490 288 venit
1517 250 1554 289 in
1583 262 1729 290 manus.

286 306 451 344 Habitus
482 311 563 342 erat
594 305 630 342 in
668 303 826 355 prandio
863 317 987 342 sermo
1018 304 1065 342 de
1097 317 1237 343 summo
1278 305 1434 358 quodam
1473 312 1510 344 et
1552 307 1734 357 potentis-

287 363 380 399 simo
409 360 613 409 Principe,
644 360 706 410 qui
735 373 818 397 cum
852 359 888 397 in
918 360 1089 397 omnibus
1119 361 1254 397 aetatis
1283 362 1448 411 partibus
1477 359 1734 400 admirabilem

288 415 469 468 quandam
512 415 764 464 integritatem
815 422 851 453 et
891 417 1143 453 innocentiam
1179 417 1451 465 praestitisset,
1502 417 1573 454 iam
1615 429 1736 455 senex

287 471 334 509 ad
365 471 560 520 imperium
591 476 742 507 evectus
771 478 924 521 peccata
956 471 1141 508 hominum
1173 471 1275 508 ferre
1305 485 1376 509 non
1413 478 1585 522 potcrat;
1616 485 1736 524 eaque

289 525 501 563 durioribus
525 537 568 562 ac
599 526 853 563 severioribus
878 527 1040 577 legibus,
1062 539 1168 575 quam
1192 526 1398 564 inveterata
1418 527 1557 565 saeculi
1583 527 1737 566 licentia

287 582 476 634 postulare
505 579 714 626 videretur,
745 581 961 620 co'c'rcebat.
1008 581 1120 618 Multi
1149 594 1193 618 ac
1220 582 1314 619 varii
1346 595 1538 621 sermones
1569 583 1734 629 fuerant,

287 637 399 684 aliis,
442 642 481 673 ut
513 636 576 682 lit,
620 635 776 686 rigidam
808 636 904 673 illam
935 643 972 674 ct
1003 636 1250 686 praefractam
1283 637 1518 675 severitatem
1549 650 1738 676 commen-

288 690 478 737 dantibus,
507 704 627 742 neque
657 692 768 729 aliter
792 692 882 728 vitia
913 692 1081 729 resecari
1112 704 1225 742 posse
1254 690 1488 731 dicentibus:
1520 692 1739 745 quibusdam

288 746 433 786 modice
462 746 719 797 culpantibus,
761 759 844 783 cum
878 745 1074 794 dicerent,
1114 746 1159 784 ab
1191 747 1262 783 illis
1292 747 1497 798 repentinis
1526 749 1739 787 mutationi-

287 803 357 841 bus
392 809 560 840 naturam
591 814 737 852 quoque
772 802 890 852 ipsam
924 802 1160 848 abhorrere,
1207 815 1301 852 quae
1331 815 1398 840 nos
1428 816 1501 840 non
1535 804 1657 841 statim
1691 803 1738 841 ab

288 858 412 896 hieme
440 857 487 895 ad
526 864 733 902 aestatem,
780 864 842 894 aut
872 857 917 895 ab
957 864 1098 895 aestate
1135 856 1181 895 ad
1212 857 1395 903 hiemem,
1440 857 1507 896 sed
1538 859 1738 897 interiecto

287 914 389 951 inter
422 913 504 950 illas
540 925 630 950 vere
670 919 919 962 autumnoque
960 911 1199 964 perduceret.
1262 912 1475 951 Abscessus
1517 926 1661 964 quoque
1700 921 1740 951 et

287 969 452 1007 vomicas
484 968 519 1004 in
549 967 769 1017 corporibus
799 969 937 1005 nostris
967 981 988 1005 a
1017 967 1171 1005 medicis
1214 967 1360 1005 lenibus
1401 969 1522 1018 primo
1562 969 1739 1007 fomentis

287 1037 331 1062 ac
361 1023 636 1073 cataplasmatis
677 1022 813 1060 molliri
849 1023 1000 1068 solere,
1045 1035 1167 1074 neque
1198 1024 1301 1074 prius
1340 1022 1478 1069 incidi,
1517 1036 1624 1074 quam
1653 1036 1740 1075 sup-

287 1079 520 1130 puraverint.
583 1076 820 1124 Cardinalis,
860 1091 942 1116 cum
973 1084 1011 1115 et
1040 1076 1174 1115 blande
1211 1091 1339 1115 omnes
1368 1077 1415 1115 ad
1445 1077 1642 1116 dicendum
1682 1080 1740 1116 in-

286 1135 451 1181 vitaret,
481 1145 603 1184 neque
633 1133 822 1183 patienter
850 1132 984 1178 modo,
1018 1131 1085 1170 sed
1117 1139 1154 1170 et
1182 1132 1344 1171 libenter
1367 1131 1540 1180 audiret,
1572 1132 1738 1180 dicebat,

287 1189 327 1227 in
360 1190 406 1226 iis
435 1187 662 1239 reprehendi
692 1201 803 1238 posse
831 1190 1098 1234 severitatem,
1141 1189 1202 1239 qui
1232 1187 1278 1226 ad
1308 1188 1503 1226 formulam
1533 1202 1636 1226 suam
1665 1202 1741 1226 non

286 1245 484 1290 viverent,
526 1243 593 1281 sed
622 1243 695 1280 alia
732 1243 904 1280 facerent
933 1244 1031 1294 ipsi,
1073 1243 1144 1280 alia
1172 1244 1320 1293 publice
1351 1242 1523 1282 facienda
1553 1244 1742 1294 praescri-

288 1299 446 1338 berent:
487 1299 526 1336 in
557 1311 602 1336 eo
636 1311 711 1334 non
742 1310 854 1348 posse
892 1300 953 1348 qui
982 1299 1116 1336 nullam
1147 1299 1229 1335 aliis
1259 1299 1379 1348 legem
1410 1305 1590 1349 poneret,
1633 1313 1742 1351 quam

289 1368 365 1393 non
394 1355 475 1405 ipse
508 1353 581 1391 sibi
608 1353 722 1390 multo
750 1360 837 1390 ante
868 1353 1069 1404 posuisset.
1116 1353 1189 1390 His
1219 1354 1376 1404 aliisque
1402 1354 1439 1391 in
1467 1353 1625 1392 eandem
1656 1367 1740 1392 sen-

291 1409 448 1447 tentiam
486 1408 722 1446 sermonibus
761 1420 874 1458 super
907 1421 1072 1445 mensam
1105 1408 1267 1455 habitis,
1310 1409 1535 1460 Hippolytus
1574 1409 1740 1447 dimissis

291 1464 432 1503 ceteris
481 1477 529 1501 ex
564 1475 669 1500 more
720 1475 777 1499 me
816 1463 853 1499 in
906 1463 1112 1500 cubiculum
1158 1462 1205 1500 ad
1244 1476 1285 1501 se
1328 1466 1455 1501 vocari
1497 1464 1615 1502 iubet.
1684 1465 1741 1503 lbi

290 1533 375 1558 cum
406 1518 479 1556 alia
508 1518 620 1556 multa
650 1517 926 1567 sapientissime
956 1517 1073 1565 dixit,
1114 1518 1246 1569 quibus
1277 1530 1324 1555 ne
1360 1519 1431 1555 sibi
1462 1519 1610 1570 quidem
1640 1519 1741 1558 illam

291 1581 431 1613 tantam
461 1574 700 1612 severitatem
730 1585 883 1623 prorsus
915 1573 1066 1623 probari
1094 1572 1326 1618 ostenderet,
1352 1586 1459 1624 quam
1482 1581 1606 1613 tamen
1636 1583 1741 1614 certo

291 1630 410 1668 sciret
436 1629 482 1667 ab
513 1629 651 1680 optima
678 1635 801 1665 mente
826 1628 1037 1678 proficisci:
1070 1635 1144 1666 turn
1175 1628 1259 1675 has,
1292 1642 1381 1680 quas
1411 1630 1622 1676 subiiciam,
1656 1643 1742 1669 sen-

291 1686 431 1724 tentias
472 1683 660 1735 adspersit
695 1683 856 1721 orationi
896 1696 1009 1722 suae:
1056 1697 1146 1735 quas
1182 1697 1278 1734 ego,
1320 1684 1415 1734 quod
1455 1692 1493 1724 et
1528 1698 1664 1736 graves
1702 1693 1742 1724 et

291 1741 488 1791 eleganter
520 1752 724 1790 expressae
763 1737 1010 1785 viderentur,
1054 1746 1094 1776 ut
1122 1740 1278 1790 primum
1311 1740 1356 1777 ab
1395 1753 1439 1778 eo
1477 1739 1662 1788 discessi,
1701 1742 1741 1779 in

290 1797 446 1843 libello,
479 1809 586 1848 quem
618 1802 693 1832 tum
723 1794 819 1832 forte
850 1795 887 1831 in
920 1795 1002 1832 sinu
1030 1795 1239 1845 gestabam,
1272 1796 1460 1834 annotavi.
1520 1798 1632 1835 Nihil
1648 1810 1742 1847 pro-

291 1852 421 1899 hibet,
462 1865 541 1890 0330
572 1852 734 1901 aliquem
768 1856 807 1887 et
833 1851 1008 1900 optimum
1036 1852 1180 1896 virum,
1221 1857 1259 1889 el
1286 1864 1360 1890 non
1391 1852 1567 1902 optimum
1596 1853 1744 1890 Princi-

286 1921 390 1960 pem.
456 1908 650 1958 Optandas·
686 1912 744 1944 est
780 1906 969 1951 medicus,
1015 1907 1083 1956 qm·
1114 1907 1317 1956 aliquando
1361 1908 1592 1956 aegrotarit.
1652 1909 1739 1946 Non

292 1965 389 2001 satis
419 1971 529 2014 aptus
558 1969 617 2000 est
643 1963 695 2000 ad
725 1961 914 2011 regendos
942 1961 1123 2006 homines,
1148 1963 1216 2011 qui
1241 1962 1289 1999 ab
1319 1961 1528 2000 hominibus
1553 1974 1615 2009 ea,
1645 1975 1742 2013 quae

293 2025 382 2056 sunt
417 2031 534 2068 supra
570 2018 778 2064 hominem,
818 2018 953 2066 eaz'gessc
1012 2018 1176 2055 Miseros
1209 2018 1400 2062 hommes,
1443 2018 1479 2054 si
1513 2019 1594 2055 sola
1634 2020 1743 2056 iuno-

295 2074 420 2111 0011Ι1ἀ
452 2080 552 2111 tutos
569 2072 690 2123 facit.
743 2074 909 2122 Cogthet
932 2085 994 2122 qm
1022 2085 1139 2122 1111]101
1141 2078 1195 2117 111,
1223 2074 1403 2123 quomodo
1432 2072 1510 2110 sibe
1527 2074 1616 2110 olim
1644 2075 1742 2111 alios

295 2130 486 2179 imperare
515 2128 707 2165 voluisset.
767 2126 942 2172 Deinde,
985 2128 1091 2177 quasi
1135 2139 1217 2164 eum
1248 2127 1390 2176 ipsum,
1431 2126 1478 2165 de
1513 2140 1584 2178 quo
1618 2140 1741 2166 sermo

297 2190 400 2229 erat,
443 2183 715 2233 alloqueretur,
762 2183 869 2231 Quod
896 2189 959 2226 tec,
1002 2182 1139 2231 inquit,
1181 2183 1277 2219 altos
1303 2189 1505 2232 p7aesmre
1533 2196 1606 2220 11011
1629 2196 1742 2233 posse

296 2240 475 2284 miraris,
515 2239 557 2275 id
586 2244 620 2276 te
650 2238 722 2275 alie·
750 2242 956 2287 praestare
987 2249 1101 2286 posse
1130 2238 1333 2274 mirantur,
1393 2238 1440 2275 Sc·
1462 2238 1554 2288 quid
1583 2244 1622 2275 tec
1653 2252 1744 2289 quo-

298 2308 370 2346 que
399 2295 486 2332 olim
517 2294 592 2331 tale
611 2291 771 2344 fecisti,
805 2293 956 2341 13110300
986 2298 1026 2329 et
1050 2292 1156 2337 ale’e‘s,
1189 2299 1231 2330 ul
1259 2293 1428 2342 rgnotum
1458 2300 1516 2330 est
1552 2292 1642 2342 ῐίᾷίι
1681 2295 1742 2332 sin

297 2351 418 2395 nz'lzz'l,
452 2350 595 2399 cogita,
626 2361 700 2386 11011
729 2348 882 2385 eandem
913 2359 936 2384 a
967 2348 1042 2384 Deo
1073 2348 1200 2384 datam
1227 2360 1306 2384 0330
1335 2347 1506 2385 omnibus
1533 2347 1743 2398 01111111·βο-

297 2406 479 2443 mitatem.
544 2405 620 2454 Qui
650 2404 703 2441 ad
729 2404 875 2440 minora
901 2408 1063 2452 peccata
1091 2403 1280 2439 interdum
1316 2403 1514 2441 connivere
1541 2416 1615 2441 11011
1644 2404 1740 2449 vult,

296 2473 408 2511 saepe
435 2459 487 2497 ad
509 2461 656 2497 maiora
681 2459 845 2496 homines
873 2459 986 2507 cogit.
1034 2458 1159 2495 Aliud
1183 2458 1276 2494 ultio
1306 2464 1377 2502 est,
1402 2458 1510 2494 allud
1536 2459 1738 2496 correctio.

302 2516 379 2566 ‚Qut
403 2515 537 2553 ulcisci
561 2515 663 2560 vult,
701 2515 824 2551 iratus
852 2519 930 2551 est:
972 2514 1283 2562 ι]ιιίο01’1·1ζ,ς·01’0,
1325 2513 1479 2550 amicus.
1538 2514 1607 2551 Ille
1642 2526 1738 2559 eune,

208 2581 271 2612 384
300 2584 363 2622 quz
386 2570 583 2621 peccavzt,
621 2582 694 2607 non
724 2569 883 2619 amphus
912 2580 991 2605 esse
1018 2569 1121 2605 vult.-
1160 2569 1221 2605 lzz'c
1249 2581 1330 2605 0330
1354 2568 1636 2617 911111οη133οά
1667 2581 1741 2607 non

301 2627 460 2676 amphus
500 2626 612 2663 talem
645 2637 739 2662 0330.
798 2625 884 2662 Νο11
920 2629 1010 2661 sunt
1032 2621 1201 2672 serenda
1237 2624 1350 2660 vztz'a:
1393 2622 1462 2660 secl
1501 2623 1570 2673 qui
1598 2624 1742 2661 nullum

299 2683 428 2719 m'tz‘zcm
451 2680 566 2731 fert,
616 2681 757 2717 nullum
798 2679 978 2717 hominem
1006 2678 1132 2730 ι]“01·.01
1200 2677 1309 2715 Haec
1347 2678 1507 2728 optimus
1552 2684 1590 2715 et
1628 2678 1741 2728 longo

301 2749 426 2774 rerum
464 2748 533 2773 usu
570 2734 903 2773 exercitatissimus
933 2746 1072 2771 senex:
1117 2745 1211 2783 quae
1246 2739 1419 2786 tanquam
1448 2732 1598 2772 oracula
1627 2745 1742 2784 quae-

302 2790 386 2830 dam
415 2791 556 2838 fuisse,
587 2796 741 2830 eventus
769 2790 850 2841 ipse
878 2795 1011 2841 postea
1038 2788 1178 2827 docuit.
