1726 3106
576 159 674 199 LIB.
705 160 779 201 xl.
840 159 959 202 CAP.
992 160 1105 199 XIX.
1485 163 1567 205 259

120 271 364 322 geometriam
403 269 441 308 in
480 269 552 317 iis,
591 282 687 321 quae
727 269 1041 321 magnitudinibus
1076 268 1272 309 accidunt:
1323 272 1361 309 in
1402 274 1567 311 numeris

120 327 378 365 arithmeticen
407 325 651 376 similiterque
682 326 719 363 in
750 326 834 363 aliis
865 326 982 363 alias:
1017 326 1214 364 manifesto
1240 333 1425 378 sumptum
1455 335 1513 365 est
1545 341 1566 366 e

121 380 370 432 disputatione
410 379 580 417 Socratis
625 380 805 418 adversus
843 379 1020 430 Gorgiam
1038 378 1097 427 ᾖ).
1167 381 1275 420 Haec
1324 388 1455 420 notare
1492 396 1566 420 non

119 436 280 473 alienum
307 435 455 485 putavi:
492 436 576 484 quia
603 434 648 472 P.
678 435 889 480 Victorius,
922 436 984 485 qui
1015 435 1104 472 mihi
1134 434 1256 474 adhue
1285 435 1433 475 videtur
1462 438 1565 474 solus

117 491 157 528 in
196 502 261 528 eos
301 489 416 526 libros
457 490 679 540 scripsisse,
725 489 763 527 id
797 490 924 528 facere
965 489 1156 529 omiserat.
1213 490 1349 542 Neque
1389 504 1479 530 sane
1517 492 1564 529 ab

117 557 192 582 uno
222 544 336 582 scribi
369 544 492 581 omnia
517 552 579 581 aut
603 551 805 595 potuerunt
831 551 895 581 aut
928 542 1150 581 debuerunt.
1208 546 1311 583 Satis
1341 559 1427 585 esse
1452 546 1565 584 debet

116 599 292 638 Victorio
329 597 376 636 ad
415 599 594 648 gloriam,
649 598 746 650 quod
786 611 831 636 ea
870 599 907 636 in
951 599 1025 637 illis
1061 598 1167 637 libris
1205 602 1416 652 praestitit,
1467 614 1563 653 quae

116 666 225 692 nemo
252 653 322 692 hae
351 659 574 706 tempestate
602 653 696 692 alius
724 654 992 706 praestitisset.

598 793 630 832 C
661 793 700 832 A
728 793 761 832 Ρ
787 792 825 833 U
850 793 886 833 T
946 792 1078 833 XIX.

223 871 321 910 Loez·
345 871 492 922 aliquot
516 883 537 908 e
566 871 730 910 Poenulo
757 872 936 910 Plautina
966 871 1158 910 emendate·
1182 877 1221 911 et
1249 871 1448 911 illustrati.

114 958 248 1017 APUD
285 979 457 1017 Plautum
495 980 532 1017 in
563 979 730 1018 Poenulo
748 976 822 1031 *ἢ
860 979 913 1018 ita
951 992 1034 1017 cum
1063 979 1273 1032 Milphione
1312 993 1424 1021 servo
1454 979 1561 1033 Ago-

114 1035 296 1073 rastocles
324 1034 545 1072 adolescens
575 1035 818 1086 colloquitur:

173 1112 273 1161 Quid
297 1124 397 1149 nunc
426 1112 521 1148 mila·
545 1124 585 1149 es
612 1117 748 1149 auctor·
776 1110 966 1161 Milphio?
1021 1110 1123 1149 Mn„
1157 1118 1203 1150 ut
1227 1125 1284 1151 me
1313 1113 1504 1162 verberes,

169 1168 298 1216 Alque
325 1167 533 1203 auctionem
548 1166 697 1217 facias.
757 1167 855 1204 Nam
886 1168 1139 1216 z‘mpunzlssime

175 1221 263 1260 Tibi
285 1222 432 1270 quidem
463 1221 588 1258 hercle
617 1221 780 1258 vendere
806 1221 918 1258 hasce
946 1222 1052 1258 aedis
1083 1222 1185 1259 lt'eet.

166 1275 247 1314 Aa.
282 1276 381 1324 Quid
403 1275 507 1312 iam?
560 1274 661 1311 Ma.
696 1277 883 1313 Maior-em
906 1282 1023 1326 purte
1054 1277 1198 1313 minore
1225 1275 1377 1315 habitas
1405 1289 1500 1315 mea.

167 1330 246 1368 AG.
281 1330 494 1381 Supersede
524 1330 607 1368 εἱςίῑὶς
634 1329 772 1368 verbis.

112 1416 191 1456 Sed
209 1416 408 1455 Turnebus
423 1414 524 1469 ***)
555 1429 576 1454 e
605 1416 743 1463 veteri,
771 1422 811 1454 ut
837 1416 918 1468 ipse
937 1417 1007 1463 ait,
1031 1415 1246 1456 membrana
1267 1430 1375 1457 unam
1398 1418 1560 1458 litteram

113 1472 216 1512 addit
246 1473 410 1524 legitque
441 1471 511 1510 hoc
542 1470 673 1509 modo:

331 1550 519 1588 Maiorem
541 1555 692 1599 partem
721 1548 865 1587 minore
895 1547 1046 1587 habitas
1075 1562 1174 1587 mea.

114 1633 239 1686 Atque
267 1633 363 1672 hanc
393 1635 611 1673 sententiam
639 1647 725 1673 esse
755 1634 865 1673 dicit:
896 1635 984 1673 Tibi
1013 1636 1102 1673 licet
1125 1637 1273 1688 impune
1303 1636 1417 1676 hasce
1443 1637 1558 1677 aedes

113 1689 279 1728 vendere
307 1690 345 1726 in
377 1690 568 1727 auctione:
612 1690 730 1727 maior
760 1691 857 1728 enim
889 1703 974 1741 pars
1001 1697 1064 1728 tua
1093 1698 1173 1737 est,
1218 1693 1339 1730 minor
1366 1706 1469 1731 meaz
1519 1701 1560 1732 ut

116 1745 397 1783 accessiuncula
413 1744 464 1797 †)
504 1758 585 1782 mea
630 1743 811 1795 impedire
855 1744 1106 1784 venditionem
1146 1746 1342 1798 legemque
1383 1749 1559 1800 mancipii

114 1814 188 1838 non
225 1800 354 1850 possit.
416 1800 524 1847 Quae
560 1799 765 1837 declaratio
797 1801 830 1838 si
868 1813 958 1838 vera
996 1808 1075 1846 est,
1120 1802 1276 1852 primum
1314 1801 1359 1840 de
1388 1803 1557 1842 Turnebi

114 1855 300 1892 sententia
328 1867 459 1892 novum
491 1855 548 1892 ius
578 1855 686 1893 civile
716 1854 970 1906 recipiendum
1002 1857 1098 1902 erit,
1130 1864 1195 1903 ut,
1225 1870 1378 1908 quarum
1407 1857 1556 1897 aedium

113 1910 232 1947 maior
265 1922 351 1960 pars
389 1909 546 1947 alicuius
586 1916 667 1955 est,
722 1910 757 1947 ei
794 1911 904 1947 etiam
954 1911 1070 1948 invito
1111 1923 1180 1957 eo,
1234 1912 1340 1951 cuius
1375 1920 1434 1950 est
1470 1927 1556 1964 pars

113 1965 251 2009 minor,
283 1977 346 2002 eas
375 1971 472 2002 totas
501 1963 614 2002 aedes
646 1963 808 2002 vendere
835 1965 961 2005 liceat.
1019 1964 1095 2003 Sed
1126 1966 1197 2004 hoc
1225 1966 1300 2013 ius,
1330 1968 1402 2005 nisi
1433 1968 1558 2006 obstet

112 2018 281 2058 Turnebi
314 2020 537 2065 auctoritas,
573 2019 681 2057 valde
710 2027 991 2058 controversum
1022 2021 1183 2058 futurum
1215 2028 1296 2059 est:
1336 2029 1374 2060 et
1406 2024 1469 2061 vix
1495 2030 1560 2061 aut

113 2088 162 2112 ne
184 2075 246 2112 vix
274 2073 419 2124 quidem
437 2073 519 2127 ††)
552 2075 650 2112 illius
682 2075 869 2113 sententia
902 2074 1098 2113 obtinebit.
1151 2075 1228 2114 Sed
1253 2083 1291 2114 et
1319 2076 1418 2115 aliud
1449 2078 1558 2116 nobis

115 2129 230 2166 multo
260 2128 456 2166 absurdius
488 2128 737 2167 devorandum
777 2131 862 2167 erit.
923 2129 1118 2176 Quomodo
1147 2131 1245 2169 enim
1276 2131 1389 2170 aedes
1419 2133 1558 2171 domiui

113 2191 153 2222 et
181 2184 280 2221 servi
309 2197 523 2222 communes
560 2197 645 2222 esse
675 2184 858 2235 possunt?
897 2191 961 2222 aut
991 2186 1053 2236 qui
1092 2186 1150 2222 sui
1179 2185 1349 2224 dominus
1377 2201 1451 2226 uon
1481 2196 1556 2234 est,

114 2239 148 2276 is
175 2239 290 2289 partis
322 2238 467 2277 aedium
498 2238 667 2281 dominus
697 2239 815 2277 esse?
868 2238 930 2277 An
960 2252 1042 2277 eam
1069 2247 1213 2291 partem
1244 2241 1389 2280 dicetur
1418 2242 1558 2281 habere

115 2293 153 2331 in
179 2294 354 2344 peculio?
409 2293 461 2331 At
493 2307 614 2332 nonne
645 2294 813 2332 dominus
844 2301 881 2332 et
909 2295 1010 2333 servi
1041 2302 1079 2333 et
1110 2297 1245 2345 peculii
1275 2296 1444 2336 dominus
1474 2297 1559 2336 est?

113 2348 175 2385 Au
207 2349 267 2399 qui
305 2348 415 2386 facile
445 2350 717 2399 pronunciant,
761 2349 871 2387 facile
900 2351 1011 2387 etiam
1038 2351 1378 2403 παραλογίζονταιε
1418 2365 1558 2404 nosque

115 2403 189 2453 ipsi
213 2402 369 2440 ridicule
394 2404 565 2450 facimus,
596 2404 678 2442 dum
708 2406 745 2442 iu
771 2404 1024 2443 declaratione
1049 2413 1121 2443 tam
1151 2406 1308 2446 ridicula
1334 2407 1558 2447 confutanda

115 2463 189 2495 tam
216 2458 318 2496 multi
344 2458 496 2496 sumus?
551 2459 769 2510 Legendum
801 2460 900 2499 enim
931 2459 1039 2510 plane
1069 2467 1142 2506 est,

331 2536 517 2574 Maiorem
541 2544 692 2588 partem
720 2539 758 2576 in
787 2550 853 2575 ore
883 2537 1034 2575 habitas
1063 2550 1159 2585 meo,

190 2665 237 2700 κε)
258 2671 331 2700 pag.
351 2665 423 2695 453.
441 2667 478 2696 Ε.
499 2668 545 2696 st.

189 2713 261 2748 *tq
282 2715 305 2742 1.
324 2714 354 2742 3.
375 2713 442 2744 init.

190 2761 285 2797 *ik-3²)
305 2762 483 2791 Adversar.
503 2763 556 2792 lib.
577 2764 643 2793 XV.
664 2770 733 2798 cap.
755 2763 784 2792 7.

189 2807 236 2846 72]
257 2810 469 2848 Vocabulum,
491 2813 526 2839 ut
545 2810 683 2848 videtur,
705 2818 726 2840 a
747 2813 892 2841 Turnebo
912 2812 1027 2842 fictum.

191 2855 266 2895 ’δ’-Ἠ
287 2859 354 2888 Hoc
373 2859 521 2895 loquendi
547 2866 647 2895 genus
667 2862 802 2890 sumtum
824 2867 865 2890 ex
886 2860 950 2891 Cic.
971 2859 1012 2889 de
1031 2859 1100 2893 mn.
1121 2857 1175 2890 lib.
1194 2858 1248 2889 IV.
1269 2866 1338 2897 cap.
1360 2860 1408 2891 13.
1430 2859 1462 2897 S.
1483 2860 1534 2890 32.

1196 2896 1289 2940 17*

1584 1867 1644 1897 271
