1726 3106
562 123 665 163 LIB.
696 123 748 163 ΙΙ.
811 123 930 164 CAP.
962 124 1055 164 XX.
1483 129 1538 172 49

88 236 164 274 Iam
194 233 336 298 pridem
365 232 461 270 enim
492 245 708 283 persuasum
739 232 824 272 esse
855 234 1029 273 existimo
1059 235 1248 282 omnibus,
1280 238 1341 288 qui
1374 251 1531 279 versan—

88 298 149 328 tur
196 291 232 326 in
277 289 436 332 litteris,
488 288 567 324 siue
609 289 746 326 Graeci
800 291 983 326 sermonis
1036 292 1252 341 cognitione
1271 292 1316 343 ᾗ)
1363 307 1528 333 mancam

89 358 235 383 omnem
265 356 307 380 ac
338 343 497 379 mutilam
527 356 610 381 csse
641 342 861 389 doctrinam,
895 351 933 382 et
962 346 1021 395 qui
1053 347 1133 383 eius
1161 353 1336 397 expertes
1358 349 1451 396 sint,
1481 350 1528 387 ah

87 402 142 438 eis
174 412 219 437 ne
239 398 372 435 Latine
404 396 549 447 quidem
581 400 718 449 scripta
746 400 892 448 penitus
923 401 1079 450 percipi.
1128 400 1241 439 Nunc
1270 403 1383 452 igitur
1401 404 1527 442 Theo-

87 455 172 493 criti
208 465 341 490 versus
379 451 578 502 quosdam,
623 466 714 503 quos
754 466 873 504 neque
915 455 1005 491 satis
1036 455 1232 494 emendate
1261 459 1421 508 seiiptos
1452 460 1526 497 cir-

86 509 284 553 cumferri,
327 519 447 556 neque
477 509 566 544 satis
598 508 756 558 intelligi
785 509 972 554 arbitror,
1003 510 1186 560 quomodo
1217 513 1406 551 scribendi
1437 527 1526 565 quo-

85 577 156 616 qne
193 562 298 600 modo
330 562 540 612 accipiendi
570 563 786 610 videantur,
825 566 1007 616 aperiam.
1066 565 1145 604 Sed
1173 567 1331 617 primum
1366 582 1433 607 eos
1461 568 1525 608 de-

85 619 246 657 scribam
276 618 348 662 ita,
378 624 419 654 ut.
444 618 618 667 leg-untui
635 616 735 671 465);

166 698 209 737 Γ,
255 696 331 732 M&
359 690 483 733 πόθεν
513 691 747 748 ὥνθρωπος
776 695 855 735 τίδε
880 694 939 735 τὶν
966 696 1001 735 εἰ
1026 697 1182 736 κωτίλαι
1210 695 1333 750 daeg,-

248 747 503 800 Πασσάμενος
531 749 715 790 ἐπίτασσε.
773 752 1034 821 Συρακοσίαιὲ·
1065 750 1289 802 ἐπιτασσεις,

246 801 314 851 Ὡς
339 805 459 873 εἰὸῃς
470 804 535 844 καὶ
564 809 688 845 τοῦτο.
746 807 959 858 Κορίνθιαι
991 806 1091 858 εἰμὲς
1117 805 1285 857 ἄνωθεν,

244 857 313 906 Ὡς
342 860 406 899 καὶ
437 857 459 899 ὁ
486 863 537 899 Be
540 864 598 899 λλε
583 858 753 913 οοφών,
782 861 1109 902 Πελοποννασιστὶ
1136 867 1329 915 λαλεῦμες.

246 916 419 967 Amnis&
423 931 444 954 ν
475 913 512 954 δ’
545 915 600 963 ε’ξε
604 929 679 966 στι,
713 917 839 965 δοκῶ,
868 922 948 964 τοῖς
976 917 1192 969 Δωριέεσσι.

166 971 218 1010 Π.
250 967 325 1021 Μι]
356 974 439 1025 φυῇ
429 948 728 1039 ]μελιῖῶδες,1“,
718 970 763 1018 dg
789 969 897 1022 ἇμῶν
924 970 1104 1025 καρτερὸς
1133 974 1205 1025 εἴη,

249 1022 361 1064 Πλαν
389 1022 483 1072 ἑνός.
528 1023 600 1065 οὐκ
629 1023 749 1079 ἀλέγω
778 1024 830 1078 μή
860 1042 923 1078 μοι
947 1027 1081 1068 κενεὰν
1110 1025 1319 1083 ἆπομαξῃς.

79 1101 310 1140 Inducuntur
338 1108 459 1140 autem
491 1102 540 1139 ibi
571 1102 665 1140 duae
697 1104 871 1141 mulieres
903 1105 1177 1156 Syracusanae,
1209 1105 1335 1156 Goigo
1364 1113 1401 1143 et
1430 1105 1525 1144 Pra-

78 1159 209 1202 xinoa‚
252 1170 345 1208 quae
387 1157 578 1207 profectae
617 1157 661 1195 ad
693 1158 929 1209 spectandam
963 1173 1129 1210 pompam
1160 1173 1352 1198 sacrorum
1376 1160 1524 1199 Adoni-

79 1212 159 1258 dis,
200 1226 306 1257 cum,
346 1213 406 1262 qui
437 1226 514 1249 mos
547 1214 739 1251 mulierum
771 1221 857 1260 est,
898 1214 1048 1252 assidue
1078 1216 1289 1264 garrientes
1327 1217 1523 1267 implerent

79 1269 202 1305 omnia
246 1269 402 1317 strepitu
434 1274 472 1304 et
500 1281 610 1305 aures
640 1281 790 1314 eorum,
830 1270 890 1319 qui
920 1283 1035 1320 prope
1066 1277 1195 1316 erant,
1241 1271 1520 1317 obtunderent3

79 1324 242 1360 offensus
281 1329 379 1359 tanta
416 1336 541 1361 carum
580 1324 799 1373 garrulitate
834 1324 969 1376 hospes
1000 1325 1175 1375 quidam,
1218 1326 1388 1377 illamque
1419 1327 1521 1365 ferre

79 1379 234 1429 amplius
266 1392 336 1415 non
368 1378 523 1424 valens,
563 1379 902 1417 subcontumeliose
931 1380 1126 1430 imperavit
1151 1381 1234 1427 eis,
1270 1389 1308 1418 ut
1335 1389 1518 1419 tacerent.

77 1434 171 1472 Tum
203 1432 393 1483 indignata
422 1433 576 1482 Gorgo,
608 1433 786 1481 Quaeso,
829 1436 970 1485 inquit,
1003 1435 1089 1486 quid
1122 1436 1191 1473 hoe
1222 1436 1371 1474 tandem
1404 1437 1522 1474 homi-

79 1490 137 1527 nis
168 1488 259 1526 est?
288 1487 372 1539 quid
404 1501 492 1525 vero
520 1496 581 1526 tua
611 1491 745 1536 refert
778 1490 810 1527 si
839 1491 1000 1541 gairulis
1032 1504 1117 1528 esse
1149 1491 1255 1529 nobis
1288 1492 1412 1529 libet?
1440 1492 1521 1529 Ad-

78 1543 133 1582 dit
163 1543 321 1581 deinde.
361 1540 602 1594 πασσάμενος
631 1544 829 1593 ἐπέτασσε,
871 1545 932 1583 ubi
963 1546 1156 1596 legendum
1183 1560 1322 1585 censeo
1352 1543 1522 1599 πασάμε-

76 1614 156 1647 νος,
187 1613 257 1637 non
287 1595 538 1649 πασσάμενος.
596 1599 730 1650 Neque
759 1613 849 1638 vero
879 1614 1005 1651 parum
1036 1602 1366 1640 inte1est.Naiu
1397 1600 1521 1642 πάσα-

77 1660 173 1693 σθαι
202 1655 319 1705 prima
362 1655 502 1706 s3llaba
544 1654 647 1692 brevi
677 1662 737 1692 est
765 1652 991 1708 γεύσασθαι.
1048 1656 1109 1694 Ex
1140 1670 1211 1707 quo
1239 1660 1399 1708 poetae,
1437 1672 1518 1696 cuin

77 1722 159 1747 eam
197 1710 374 1761 syllabam
414 1709 623 1760 producere
664 1710 813 1757 volunt,
852 1712 992 1748 faciunt
1028 1709 1263 1752 πάσσασθαι.
1320 1711 1373 1750 Αἰ
1400 1725 1521 1752 πασα-

77 1770 174 1804 σθαι
215 1766 332 1815 prima
370 1765 478 1814 longa
509 1772 564 1801 est
592 1762 822 1816 κτήσασθαι.
882 1766 989 1804 Unde
1020 1775 1076 1803 est.
1106 1764 1370 1831 πολυπάμμων
1385 1767 1516 1832 *Ὴῆε

78 1828 208 1871 estque
238 1833 282 1857 ea
311 1833 383 1857 vox
408 1819 551 1857 Dorum
587 1822 748 1871 propria.
810 1820 894 1857 Erit
924 1822 1037 1871 ioitur
1064 1819 1305 1872 πασάμενος,
1335 1836 1520 1875 κτησαμε·

77 1890 154 1922 νος.
212 1875 338 1932 Atque
367 1875 437 1912 hoc
468 1874 566 1913 (licet
596 1875 724 1926 Gorgo
756 1875 913 1926 hospiti:
937 1851 1100 1926 ἶ,ιγιΙιψιιῑι
1131 1879 1272 1915 ancillis
1305 1879 1396 1923 tuis,
1437 1878 1520 1918 ἐπί-

76 1941 189 1969 τασσε
216 1932 277 1976 αἱς
303 1928 491 1981 κέκτησαι.
549 1906 698 1968 Νοὺί5ὒ
697 1931 793 1967 enini
825 1945 905 1968 cuni
939 1932 1118 1981 impetus,
1162 1934 1257 1971 scito
1288 1940 1324 1970 te
1353 1934 1520 1985 Syracu-

78 1987 179 2023 sanis
209 1985 414 2036 imperare:
449 1998 493 2022 ne
527 1986 622 2023 forte
653 1999 719 2023 nos
750 1987 841 2023 viles
862 1987 1016 2050 aliquas
1044 1994 1080 2024 et
1109 1987 1274 2025 abiectas
1302 2001 1387 2026 esse
1412 1990 1519 2026 femi-

77 2054 145 2078 nas
177 2047 297 2091 putes.
359 2039 578 2078 Corinthiae
608 2055 734 2078 sumus
765 2054 785 2078 a
815 2042 930 2092 prima
963 2043 1126 2091 origine,
1159 2056 1229 2080 non
1263 2044 1381 2081 minus
1410 2058 1516 2096 quam

77 2095 344 2146 Bellerophon.
392 2095 604 2141 Postremo,
635 2097 806 2146 quoniam
836 2096 969 2147 hospes
1000 2098 1295 2147 reprehendeiat
1326 2112 1404 2145 eas,
1437 2107 1518 2137 tan-

77 2164 183 2201 quam
212 2150 546 2199 πλατειασδοίσας,
584 2151 620 2188 id
653 2158 734 2197 est,
777 2152 850 2189 lato
889 2159 925 2189 et
961 2151 1111 2190 diducto
1141 2166 1207 2191 ore
1235 2156 1517 2204 pronuntiantes

79 2206 182 2257 (erat
213 2207 310 2243 enim
338 2205 481 2243 Dorum
512 2208 549 2243 in
581 2207 740 2244 Graecia
772 2206 899 2244 eadem
929 2208 1010 2245 fere
1040 2210 1315 2258 pronuntiatio,
1357 2223 1450 2261 quae
1479 2211 1514 2247 in

76 2261 182 2299 Italia
214 2261 536 2312 Bergomatium):
569 2263 707 2299 iccirco
732 2261 859 2309 addit,
892 2275 932 2300 se
962 2264 1012 2300 ita
1040 2264 1158 2314 loqui,
1194 2272 1233 2301 ut
1265 2266 1299 2302 in
1329 2264 1515 2316 Pelopon-

76 2329 166 2354 neso
192 2316 456 2367 loquerentur:
489 2324 653 2355 ceterum
682 2331 752 2355 non
785 2325 938 2369 putare,
970 2331 1138 2356 caussam
1166 2333 1251 2357 esse
1283 2320 1415 2367 ullam⁹
1450 2334 1518 2358 cur

77 2384 150 2408 non
180 2371 345 2409 Doribus
377 2371 518 2410 Dorice
547 2374 787 2423 pronuntiare
817 2374 873 2410 fas
901 2381 1017 2412 esset.
1075 2374 1116 2411 In
1146 2375 1192 2412 iis
1221 2383 1343 2413 autem
1374 2375 1516 2413 duobus

76 2427 275 2474 versibus,
308 2428 369 2478 qui
396 2434 528 2479 postea
558 2427 732 2466 dicuntur
759 2442 781 2467 a
808 2428 1014 2476 Praxinoa,
1045 2430 1134 2467 mihi
1159 2430 1305 2482 quidem
1337 2431 1516 2469 tenebrae

151 2566 195 2600 -:::-)
217 2565 263 2594 Cf.
284 2568 363 2594 Mur.
393 2566 484 2601 epist.
513 2567 551 2595 ad
582 2568 640 2596 Iul.
664 2567 814 2596 Roscium
844 2566 921 2601 Onu.
945 2567 1031 2595 Tom.
1052 2568 1074 2596 1.
1105 2574 1176 2602 pag,
1197 2569 1269 2599 529.
1317 2571 1394 2599 voc.
1414 2575 1517 2597 sermo

76 2610 175 2636 saepe
198 2605 258 2631 hac
277 2604 310 2630 vi
331 2603 426 2632 utitur
447 2607 605 2641 Muretus,
632 2608 664 2633 ut
684 2607 737 2633 lin.
761 2607 813 2633 VI.
834 2611 903 2638 can.
927 2605 951 2632 1.
974 2605 1040 2633 vn.
1065 2605 1115 2634 17.
1137 2607 1268 2636 V1!1.3.
1290 2608 1341 2636 15.
1363 2608 1422 2641 al.;
1445 2614 1517 2635 raro

78 2642 208 2677 Cicero,
232 2644 263 2669 ut
285 2642 323 2669 de
345 2642 651 2677 Oiat.1it›.11.cap
674 2644 700 2671 7.
723 2644 756 2678 5'.
778 2643 827 2671 28.
849 2642 1038 2675 saepissime
1060 2643 1452 2677 Quinctilianus.FA1·:si.

157 2696 199 2705 ““““““
169 2694 223 2729 επ)
243 2696 337 2729 1d311.
358 2694 424 2722 XV.
447 2700 476 2722 v.
498 2694 539 2722 89
559 2702 626 2730 sqq.
666 2697 704 2725 V.
727 2698 754 2725 1.
775 2696 867 2725 scrib
889 2687 1113 2736 ὤνθρωπος;
1136 2693 1171 2723 τί
1192 2692 1245 2725 δὲ.
1287 2705 1319 2727 ν.
1340 2699 1369 2727 2.
1394 2687 1519 2725 πασά-

77 2742 188 2783 μενος
218 2739 335 2768 Muieti
365 2743 447 2764 nunc
478 2740 647 2772 receptum.
687 2747 718 2769 v.
739 2740 769 2769 4.
799 2747 878 2771 corr.
907 2737 1163 2782 Βελλεροφιῦν.
1202 2750 1233 2771 v
1253 2742 1285 2772 6.
1315 2741 1520 2777 interpungas

78 2777 144 2818 Μὴ
170 2779 267 2823 (Ιυῇ,
294 2773 518 2811 Mamm&-

156 2850 223 2859 ,,,,,,,,,
204 2836 246 2869 -·-)
268 2837 365 2864 Immo
386 2826 628 2875 πολυπάμων.
667 2839 780 2866 FAEsr.

133 2888 261 2916 Munm.
284 2889 357 2918 Orr.
381 2889 457 2918 Vm..
479 2891 533 2918 111.
555 2890 702 2925 (numm.
716 2892 773 2922 En.
791 2892 947 2927 Tom.11.)
1220 2874 1248 2916 4

1538 2276 1581 2306 54
