1778 3096
157 1012 222 1044 420

247 102 329 146 400
604 115 608 117 ”
808 101 937 143 VAR.
969 100 1123 142 LECT.

247 212 509 267 profuderunt.
555 211 686 253 Verba
717 217 855 258 autem,
878 211 1010 262 quibus
1037 211 1132 249 hane
1161 212 1381 250 sententiam
1409 211 1687 278 complectitur,

247 271 342 309 haee
373 276 457 308 sunt
470 268 548 335 *:)
592 267 635 306 αἱ
658 263 729 335 γὰρ
758 270 834 306 τῶν
863 264 1025 320 ἀγαθῶν
1053 264 1205 319 ἀνδρῶν
1244 265 1410 320 εὐλογίαι
1437 263 1506 306 τὸν
1542 265 1690 319 ε’λεγχον

247 328 355 376 σαφῆ
390 321 486 364 κατὰ
523 325 600 362 τῶν
637 320 819 362 τάναντία
847 318 1146 373 ἐπιτηδευόντων
1180 326 1370 362 ποιοῦσιν.
1429 321 1506 360 Sed
1534 335 1555 359 a
1585 322 1689 361 libris

246 381 397 419 excusis
424 379 530 416 abest
558 391 631 416 vox
659 375 831 431 ἀνδρῶν,
870 391 964 429 qnae
992 385 1113 415 tamen
1144 384 1180 415 et
1211 390 1338 415 sonum
1377 385 1414 416 et
1441 375 1689 428 granditatem

246 435 350 474 addit
382 433 557 472 orationi.
619 432 671 470 At
703 434 771 472 hoc
805 434 886 472 leve
917 440 1000 479 est,
1046 439 1176 487 praeut
1206 431 1302 484 quod
1333 434 1524 498 sequitur:
1568 431 1621 472 ε’τι
1651 430 1691 472 δὲ

244 490 312 531 καὶ
345 489 515 537 δίκαιον,
562 485 628 528 τὸν
664 488 839 538 ἔπαινον,
882 504 925 535 ος
960 485 1077 539 μόνος
1113 488 1237 555 ἆθλον
1274 491 1350 527 τῶν
1384 485 1574 528 κινδύνων
1611 491 1692 535 τοῖς

246 543 412 599 ἀγαθοῖς
439 541 624 611 ἀνδράσιν
651 543 746 592 ἐστὶ,
787 548 940 592 τοῦτον,
985 540 1114 594 ἐπειδὴ
1153 540 1325 582 κάκεῖνοι
1357 544 1410 590 εἰς
1445 559 1514 595 την
1556 539 1692 594 κοινὴν

247 601 438 653 σωτηοίαν
467 597 535 647 τὰς
563 597 691 651 ψυχὰς
720 597 845 639 αὐτῶν
875 596 1087 650 ἆνηλωσαν,
1117 597 1158 638 ἐν
1185 602 1266 644 τοῖς
1295 599 1492 650 δημοσίοις
1517 598 1583 639 καὶ
1613 613 1692 638 κοι-

246 661 329 703 νοῖς
358 653 477 709 ἀγῶσι
504 653 648 702 πόλεως
676 653 728 706 μὴ
766 658 994 707 παοαλιπεῖν
1012 655 1110 705 θΜΨ).
1171 653 1213 691 In
1244 654 1373 699 libris,
1414 656 1477 722 qui
1506 668 1622 706 usque
1655 656 1692 692 in

248 712 347 750 hunc
379 711 476 749 diem
512 711 601 749 editi
634 719 738 757 sunt,
783 711 953 748 omnibus
984 712 1033 747 ita
1073 709 1232 759 legitur:
1274 705 1402 760 ἐπειδη
1431 706 1603 749 κάκεῖνοι
1639 709 1693 757 εἰς

246 764 317 816 τὴν
351 763 485 818 κοινὴν
518 766 707 818 σωτηρίαν
742 769 812 817 τῆς
839 763 984 812 πόλεως
1023 761 1285 814 ἐτελεύτησαν.
1326 765 1508 815 quomodo
1542 772 1692 802 senten-

247 824 335 860 tiam
366 821 512 873 quidem
542 823 697 859 eandem
728 834 895 867 manere,
920 820 985 859 sed
1017 820 1063 859 de
1095 819 1370 872 pulchritudine
1392 833 1436 860 ac
1455 820 1692 860 vehementia

248 879 430 917 orationis
460 877 655 930 plurimum
685 875 832 916 detrahi
860 890 968 915 nemo
1000 890 1073 915 non
1107 874 1222 915 videt.

744 1006 1030 1047 CAPUT
1092 1007 1194 1048 VII.

534 1085 782 1138 Antiphontis
808 1087 1031 1125 Rhamnuse’c’
1057 1089 1180 1125 oratio
1211 1093 1400 1126 correcta.

247 1166 553 1229 ANTIQUISSIMI
580 1185 767 1232 rhetoris,
800 1184 1044 1237 Antiphontis
1072 1185 1318 1232 Rliamnusii,
1350 1198 1421 1237 quo
1451 1181 1692 1236 Thucydides

248 1242 430 1292 magistro
457 1254 546 1278 usus
578 1239 854 1292 dicitur***)‚
897 1242 1031 1293 quique
1061 1242 1108 1279 ob
1146 1243 1331 1291 insignem
1364 1241 1692 1290 suaviloquentiam

247 1296 392 1336 Nestor
420 1297 604 1333 vocitatus
628 1303 709 1342 est,
752 1297 1005 1334 oratiunculae
1035 1297 1175 1347 aliquot
1210 1303 1335 1334 extant
1365 1297 1459 1333 lectu
1491 1294 1690 1340 iucundae,

247 1359 289 1389 ut
312 1353 350 1389 in
381 1351 512 1402 quibus
535 1352 675 1402 primos
705 1351 805 1389 rudis
837 1350 955 1389 adhuc
987 1358 1024 1389 et
1048 1352 1245 1389 inchoatae
1273 1351 1507 1401 eloquentiae
1537 1357 1692 1387 conatus

247 1407 338 1444 licet
366 1419 589 1456 agnoscere.
651 1406 691 1443 In
725 1408 823 1443 omni
854 1413 975 1444 autem
1008 1419 1049 1444 re
1080 1406 1388 1444 iucundissimum
1425 1413 1482 1443 est
1512 1406 1692 1456 principia

248 1462 330 1513 ipsa
367 1468 405 1498 et
434 1474 657 1511 progressus
689 1460 833 1499 videre.
894 1461 990 1498 Nam
1033 1463 1161 1512 etqui
1200 1461 1399 1498 herbarum
1437 1474 1480 1498 ac
1521 1461 1692 1510 stirpium

247 1524 401 1555 naturas
432 1517 580 1553 curiose
609 1516 815 1567 inquirunt,
839 1517 929 1553 satis
958 1529 999 1554 se
1029 1516 1151 1554 studio
1183 1529 1250 1553 suo
1279 1516 1418 1553 fecisse
1446 1529 1516 1553 non
1547 1522 1691 1566 putant,

247 1572 323 1610 nisi
355 1584 421 1609 eas
452 1578 489 1609 et
518 1584 566 1608 ex
596 1577 722 1609 terrae
749 1571 893 1621 gremio
924 1571 1117 1622 primulum
1148 1578 1386 1621 erumpentes
1416 1577 1454 1609 et
1483 1571 1693 1621 pubescen-

247 1633 305 1665 tes
333 1640 377 1665 ae
408 1633 708 1672 succrescentes,
742 1633 780 1663 et
808 1627 983 1664 florentes
1016 1625 1175 1678 denique
1206 1639 1249 1663 ac
1281 1627 1472 1676 vigentes,
1504 1632 1692 1677 postremo

249 1683 358 1720 etiam
388 1689 607 1719 arescentes
637 1695 681 1720 ac
711 1680 927 1719 decidentes
958 1683 1195 1732 contemplati
1226 1682 1373 1720 fuerint.
1435 1680 1580 1729 Quodsi
1610 1682 1691 1732 quis

247 1744 322 1776 tam
352 1738 633 1789 perspicacibus
658 1737 775 1775 oculis
805 1744 989 1782 uteretur,
1021 1744 1060 1774 ut
1087 1738 1202 1788 ipsius
1233 1744 1386 1774 naturae
1416 1736 1693 1788 unumquidque

248 1793 487 1845 procudentis
519 1800 557 1830 et
593 1792 638 1830 ad
671 1794 804 1830 iustam
835 1792 1122 1843 magnitudinem
1164 1793 1334 1843 paulatim
1369 1792 1606 1843 perducentis
1633 1804 1694 1829 ar-

248 1849 400 1886 tificium
443 1855 612 1898 spectare
653 1855 803 1899 posset,
849 1861 892 1885 ac
932 1855 1007 1886 tum
1049 1848 1232 1899 quomodo
1272 1846 1431 1898 quidque
1471 1853 1690 1893 mutaretur,

248 1911 323 1941 tum
355 1910 527 1954 quantum
557 1917 701 1954 quoque
733 1911 916 1941 momento
949 1910 1214 1951 accresceret,
1246 1903 1408 1948 intueri3
1448 1915 1556 1940 nemo
1584 1915 1693 1953 repe-

249 1960 409 2004 riretur,
446 1959 507 2009 qui
538 1972 609 1996 non
651 1959 749 1996 illius
780 1959 981 2010 spectaculi
1012 1959 1184 1996 suavitati
1220 1959 1278 1996 vel
1307 1959 1462 1995 inemori
1479 1957 1530 2010 †)
1563 1958 1688 1995 vellet.

250 2013 328 2052 Sed
361 2021 399 2051 ut
427 2014 473 2051 ad
501 2012 794 2064 Antiphontem,
837 2015 941 2052 cuius
973 2028 1107 2052 caussa
1141 2014 1199 2051 hic
1231 2027 1354 2051 sermo
1391 2014 1579 2050 institutus
1615 2019 1689 2059 est,

249 2068 424 2114 redeam,
458 2069 492 2105 in
521 2082 702 2119 perparva
731 2070 922 2115 oratione,
954 2083 1023 2120 qua
1057 2070 1164 2107 homo
1194 2068 1436 2114 adolescens,
1470 2069 1531 2119 qui
1561 2080 1690 2105 senem

249 2125 288 2162 in
326 2125 530 2162 certatione
573 2138 694 2174 pugno
732 2126 970 2162 interfecisse
1010 2125 1257 2174 arguelritur,
1303 2125 1443 2161 crimen
1481 2122 1569 2160 illud
1598 2135 1618 2160 a
1649 2136 1690 2160 se

250 2179 439 2230 repellens
474 2178 681 2225 inducitur,
726 2179 820 2217 duae
851 2180 1017 2216 maculae
1049 2180 1269 2224 haeser,unt
1311 2192 1400 2228 quas
1434 2178 1564 2216 tollere
1594 2176 1691 2215 haud

252 2235 298 2272 ab
330 2247 370 2272 re
394 2235 519 2272 suerit,
567 2234 729 2272 Primum
762 2247 852 2285 ergo
882 2234 943 2271 ubi
974 2234 1107 2284 legitur
1122 2233 1226 2299 ἦῆ),
1256 2230 1334 2272 ἀλλ’
1368 2229 1390 2272 ὁ
1411 2229 1528 2283 νόμος
1557 2232 1692 2284 εἰὀγων

251 2305 344 2342 μ-ητε
373 2287 514 2337 αόίκως
542 2286 802 2339 ἀποκτείνειν,
841 2288 972 2341 ε’νοχον
999 2292 1068 2329 τοῦ
1098 2286 1224 2340 φόνου
1259 2292 1339 2336 τοῖς
1369 2287 1569 2340 ἐπιτιμίοις
1598 2287 1691 2328 ἀπο-

311 2428 370 2498 ῐεῑε)
396 2435 468 2464 pag.
490 2429 560 2458 174.
581 2430 629 2460 ed.
650 2429 761 2459 Reisk.
787 2435 859 2465 pag.
881 2428 951 2458 208.
972 2428 1021 2458 ed.
1043 2429 1147 2458 Bekk.
1186 2430 1212 2458 Ε
1234 2427 1331 2458 codd.
1362 2421 1509 2470 ἀνδρῶν
1535 2435 1617 2458 nunc
1635 2435 1690 2458 re-

251 2476 307 2505 cep
325 2477 384 2498 um.

326 2522 395 2557 δῖε-ἓξ)
415 2522 584 2551 Bekkerus
605 2524 636 2551 et
656 2522 805 2555 editores,
827 2521 880 2557 qui
901 2522 1050 2557 deinceps
1071 2521 1171 2551 secuti
1192 2524 1282 2553 sunt:
1308 2517 1355 2555 εἰς
1376 2515 1442 2559 τὴν
1465 2514 1590 2559 κοινὴν
1612 2526 1689 2551 σω-

250 2565 376 2609 τηρίαν
401 2563 479 2604 τῆς
501 2561 677 2599 πόλεως
700 2585 751 2596 ...
778 2560 1030 2595 ἀνάλωσαν
1133 2561 1253 2606 ἀγῶσι
1279 2564 1353 2605 τῆς
1377 2561 1531 2600 πόλεως.

327 2618 418 2653 :eelz-³1³]
439 2618 509 2646 vid.
530 2617 767 2647 westermann.
792 2618 899 2646 (ἔθει-ἠ.
919 2619 977 2645 der
995 2618 1330 2652 91·iech.Beredtsamk.
1351 2624 1422 2653 pag.
1440 2619 1491 2648 61.
1512 2620 1618 2647 annot.
1637 2618 1687 2647 11.

324 2665 371 2705 ζ’)
391 2665 557 2694 Horatium
575 2665 608 2694 in
628 2666 678 2694 liis
698 2666 841 2700 sequitur
860 2668 1003 2694 Muretus
1024 2667 1122 2699 Epod.
1142 2668 1172 2694 5
1193 2673 1222 2694 v.
1242 2666 1292 2695 34.
1315 2667 1445 2695 inemori
1463 2667 1648 2701 spectaculo.

325 2719 398 2758 ’δ’-τ)
427 2726 498 2755 pag.
520 2718 569 2747 37.
592 2718 622 2753 8
643 2719 673 2746 3.
701 2719 748 2746 ed.
771 2720 872 2748 Bekk.
902 2719 955 2754 qui
975 2719 1116 2753 senipsit:
1147 2715 1226 2758 είρ)
1229 2727 1280 2748 ων
1304 2712 1399 2772 μήτε
1423 2714 1572 2754 δικαίως
1593 2712 1686 2760 μήτε

251 2759 415 2798 ἀδίκως.
446 2783 456 2793 .
482 2757 684 2812 ἀποφαίνει
705 2768 758 2793 σε.
805 2764 943 2794 Deinde:
973 2756 1016 2791 οὐ
1040 2758 1111 2806 γὰρ
1139 2758 1251 2794 ταύτά
1278 2783 1328 2794 ...
1363 2760 1399 2794 οἱ
1423 2756 1594 2806 ἄρξαντες
1626 2759 1686 2794 δί-

250 2817 345 2840 καιοι
368 2801 617 2848 αντιπάσχειν.
