1778 3096
159 862 222 892 462

241 113 325 157 438
803 112 932 152 VAR.
963 111 1117 151 LECT.

246 225 447 276 pleraeque
486 230 608 261 tamen
648 220 840 259 nimbosae
881 234 925 259 ae
961 228 1142 259 ventosae
1180 229 1218 260 et
1255 221 1427 260 turbidae
1466 228 1565 260 sunt.
1633 221 1688 260 At

246 287 390 319 aestate
419 292 534 330 prope
563 290 693 314 omnes
732 289 891 314 serenae
929 283 967 314 et
997 277 1131 314 breves
1166 283 1204 314 et
1238 278 1350 315 multa
1388 277 1471 315 luce
1508 275 1685 315 suffusae.

248 335 341 373 Cum
381 335 494 383 igitur
524 333 645 370 hieme
678 340 829 382 propter
866 331 1132 382 longitudinem
1165 333 1323 370 noctium
1356 333 1525 370 homines
1557 332 1690 370 studiis

248 390 364 428 dediti
389 396 425 426 et
447 388 592 438 vesperi
621 387 833 432 lucubrare,
860 394 896 424 et
919 400 1039 432 mane,
1068 388 1180 424 multo
1203 395 1288 424 ante
1308 401 1478 425 auroram
1503 386 1690 425 radiorum

248 445 441 483 ardentum
474 443 659 489 indicem,
702 443 832 479 librum
865 456 946 479 cum
977 443 1112 480 lumine
1149 455 1304 492 poscere
1339 444 1503 481 soleant:
1548 449 1691 480 aestate

248 508 370 537 tamen
404 513 475 536 non
508 499 608 536 multi
644 499 903 548 reperiuntur,
938 499 999 548 qui
1030 512 1101 535 non
1132 498 1212 535 illas
1244 499 1376 535 breves
1406 512 1448 537 ac
1480 504 1692 536 contractas

249 562 380 593 noctes
424 555 591 604 integras
635 552 840 590 dormiant:
897 552 991 590 idem
1042 561 1191 590 veteres
1236 553 1409 591 videlieet
1448 554 1691 591 factitabant:

248 623 369 661 neque
400 610 653 647 antelucanam
684 609 974 646 lucubrationem
1007 609 1087 647 fere
1118 608 1362 659 incipiebant,
1387 609 1459 647 nisi
1487 609 1553 647 sub
1584 609 1693 647 [inem

248 666 427 704 autumni.
487 665 673 703 luvenalis
689 662 757 716 ²³ss

363 767 411 773 -
445 766 496 773 —
523 765 576 772 —
608 748 652 779 at
676 754 777 779 nunc

359 800 448 837 Post
463 797 583 849 finem
615 797 804 842 autumni,
839 796 960 833 media
990 796 1035 832 cle
1062 801 1170 833 nocte
1198 797 1372 846 supinum

363 855 557 892 Clamosas
586 854 748 890 iuvenem
772 858 890 903 pater
917 853 1087 889 eoecicat:
1119 852 1264 901 Accipe
1295 863 1421 897 ceras,

358 909 492 948 Scribe
517 920 631 959 puer.

248 984 345 1023 Erat
374 985 519 1036 quidem
550 986 586 1022 in
616 982 886 1022 consuetudine
916 984 1090 1035 positum,
1116 991 1156 1020 ut
1176 981 1221 1021 de
1254 995 1383 1021 mense
1406 982 1578 1033 Augusto
1603 982 1698 1023 Vul-

251 1041 441 1078 canalibus
472 1041 668 1078 lucubrare
705 1040 937 1090 inciperent:
980 1038 1045 1076 sed
1078 1037 1113 1076 id
1145 1046 1281 1076 tantum
1315 1034 1562 1088 ἀφοσιώσεως
1590 1035 1699 1092 χάριν

250 1097 420 1148 plerique
446 1096 656 1133 faciebant:
690 1094 820 1132 eodem
843 1095 950 1145 plane
974 1094 1097 1139 modo,
1123 1107 1193 1144 quo
1217 1093 1396 1131 Kalendis
1422 1094 1586 1132 Ianuarii
1612 1107 1699 1132 suas

250 1152 407 1203 quisque
430 1159 531 1189 artes
563 1150 707 1189 modice
731 1150 964 1200 attingebant
990 1149 1204 1200 auspicandi
1232 1163 1378 1190 caussa.
1426 1148 1585 1188 Ovidius
1598 1147 1697 1203 **):

367 1231 529 1280 Quisque
557 1241 647 1266 suas
676 1235 781 1266 artes
809 1227 855 1265 ob
885 1229 980 1265 idem
1011 1228 1152 1265 delibat
1181 1227 1349 1276 agendo.-

412 1287 493 1322 Nec
518 1286 605 1334 plus
635 1296 743 1334 qaam
774 1284 923 1320 solitam
953 1283 1182 1332 teslfficalm·
1210 1295 1324 1337 opus3

253 1360 311 1398 Ita
337 1360 483 1398 Plinius
511 1361 635 1398 iunior
665 1360 763 1397 illum
790 1360 1046 1410 parcissimum
1080 1359 1256 1409 temporis
1282 1357 1595 1410 dispensatorem,
1623 1358 1701 1396 avi·

255 1416 447 1453 dissimum
481 1416 657 1453 librorum
690 1415 914 1459 helluonem,
941 1415 1160 1452 avunculum
1192 1427 1313 1459 suum,
1342 1415 1400 1464 qui
1436 1414 1524 1450 mihi
1555 1412 1702 1451 videtur

253 1484 370 1522 prope
410 1477 463 1507 tot
506 1471 615 1508 horas
655 1470 793 1519 legisse
831 1477 893 1506 aut
930 1470 1151 1520 scripsisse,
1190 1475 1278 1519 quot
1306 1469 1420 1505 vixit:
1465 1482 1549 1506 eum
1587 1469 1704 1519 igitur

254 1526 409 1564 laudans
425 1523 552 1578 ἢῆ,
591 1525 816 1569 lucubrare,
847 1525 985 1574 inquit,
1019 1537 1041 1561 a
1074 1523 1346 1561 Vulcanalibus
1374 1524 1597 1574 inczpz'cbal,
1628 1537 1702 1562 non

255 1582 483 1631 auspicandi
518 1593 680 1625 caussa,
721 1580 787 1616 sed
823 1580 1012 1616 studendi.
1083 1578 1210 1628 Negat
1250 1592 1331 1615 eum
1371 1579 1422 1616 ita
1460 1579 1619 1625 fecisse,
1665 1585 1704 1616 ut

256 1637 372 1674 ceteri
411 1636 604 1681 solebant,
648 1635 709 1685 qui
736 1641 823 1671 tunc
861 1633 956 1671 dicis
997 1640 1135 1671 tantum
1166 1647 1296 1672 caussa
1337 1634 1568 1684 incipiebant
1601 1635 1704 1672 lucu-

255 1691 387 1738 brare,
418 1704 462 1729 ac
492 1690 625 1729 deinde
657 1690 693 1727 id
725 1689 946 1727 differebant
975 1688 1021 1727 ad
1050 1690 1159 1727 finem
1191 1690 1377 1726 autumni:
1418 1702 1502 1727 cum

366 1771 445 1808 Iam
476 1768 645 1807 Phoebus
673 1768 844 1806 breviore
874 1769 934 1805 via
966 1773 1221 1805 contraoeerat
1249 1774 1372 1805 ortam

367 1826 502 1870 Lucis,
534 1831 571 1862 et
602 1824 756 1861 obscuri
779 1823 1004 1861 crescebant
1033 1830 1200 1873 tempora
1229 1824 1370 1860 somni:

257 1909 294 1941 at
319 1902 418 1940 illum
449 1914 540 1940 vero
563 1914 607 1939 ac
632 1901 732 1939 serio
762 1913 783 1937 a
805 1899 1068 1938 Vulcanalibus
1090 1901 1256 1950 incipere
1284 1900 1448 1937 solitum.
1504 1898 1703 1937 Lucretius

258 1959 373 2008 igitur
401 1971 459 2004 se,
495 1956 578 1994 dum
612 1970 740 1994 munus
770 1954 857 1993 illud
887 1969 991 1992 suum
1014 1955 1194 1993 Memmio
1225 1956 1438 2001 concinnat,
1462 1955 1515 1991 ait
1545 1955 1703 2004 vigilare

259 2021 297 2051 et
329 2013 525 2050 lucubrare
558 2026 629 2050 non
658 2012 780 2049 hieme
810 2018 967 2057 tantum,
1001 2010 1095 2062 quod
1127 2024 1254 2048 omnes
1286 2011 1443 2056 faciunt,
1477 2008 1543 2047 sed
1573 2011 1702 2056 etiam,

259 2068 355 2119 quod
386 2068 622 2118 paucissimi,
664 2074 829 2112 aestate,
872 2080 953 2104 cum
990 2080 1148 2104 serenae
1179 2067 1394 2117 plerumque
1435 2072 1525 2103 eunt
1555 2072 1700 2103 noctes.

257 2122 402 2161 Eodem
433 2136 546 2174 prope
586 2121 693 2159 modo
722 2121 955 2159 commendat
985 2121 1122 2159 Cicero
1150 2122 1269 2159 Bruto
1301 2121 1460 2158 libellum
1488 2119 1705 2157 Paradoxo-

258 2193 355 2217 rum.
414 2179 596 2228 Accipies
635 2179 777 2227 egitur,
823 2176 1034 2229 inquit†),
1076 2179 1146 2214 hoc
1169 2189 1327 2227 paruum
1369 2177 1586 2226 opusculum
1626 2176 1705 2212 elu-

259 2234 458 2272 cubratum
488 2234 546 2271 bz's
575 2234 647 2270 iam
672 2233 991 2270 contractioribus
1019 2232 1207 2269 noctibus.
1257 2232 1341 2268 Hoc
1370 2244 1457 2281 ego,
1489 2229 1584 2281 quod
1613 2230 1704 2267 mihi

258 2302 350 2328 sane
384 2295 492 2326 acute
521 2295 629 2338 atque
660 2288 857 2337 ingeniose
890 2286 1187 2324 animadversum
1218 2286 1380 2332 videtur,
1414 2300 1484 2323 non
1516 2293 1555 2322 ut
1584 2298 1704 2323 meum

259 2346 434 2396 profero:
468 2343 534 2381 sed
561 2350 600 2381 ut
623 2350 813 2391 acceptum
836 2342 881 2380 ab
906 2343 969 2379 illo
989 2343 1072 2379 vivo
1094 2355 1136 2380 ac
1161 2343 1326 2393 spirante
1347 2355 1490 2387 museo,
1518 2341 1704 2378 Gulielmo

260 2400 401 2438 Sirleto
430 2398 644 2444 Cardinali,
685 2394 731 2437 οὗ
761 2397 826 2437 καὶ
862 2394 937 2436 ἀπὸ
978 2394 1142 2450 γλώττης
1178 2411 1250 2435 non
1289 2398 1395 2436 melle
1432 2403 1596 2442 tantum,
1637 2395 1706 2433 sed

260 2456 449 2493 ambrosia
479 2454 623 2492 dulcior
654 2461 776 2491 manat
806 2455 927 2491 oratio
943 2452 1042 2506 ††).
1093 2454 1219 2505 Atque
1248 2454 1281 2490 is
1310 2453 1379 2491 boc
1410 2465 1450 2490 se
1484 2452 1571 2490 olim
1600 2451 1705 2489 audi-

260 2512 363 2549 visse
396 2510 487 2548 dicit
517 2510 562 2548 ab
591 2523 659 2556 ee,
704 2523 813 2561 quem
842 2509 923 2560 ipse
965 2510 1167 2561 praecipue
1198 2509 1368 2555 colebat,
1410 2508 1542 2560 cuique
1572 2508 1705 2546 merito

261 2595 283 2604 ..-

339 2648 383 2683 εἵς)
405 2647 498 2676 Satir.
520 2646 601 2675 XIV.
623 2643 684 2672 189
704 2650 772 2679 sqq.

338 2697 407 2731 am)
428 2697 515 2725 Fast.
535 2697 559 2724 1.
582 2693 652 2723 169.

338 2743 433 2779 ὲῐι-ὲὶεδῖε)
454 2742 557 2777 Epist.
578 2743 632 2770 111.
651 2741 682 2777 5,
703 2740 733 2768 8.

337 2792 383 2829 -Η
405 2793 550 2820 prooem.
572 2789 733 2819 paradox.
753 2788 785 2822 S.
807 2788 835 2816 5.
855 2786 907 2816 ubi
929 2787 1078 2818 scribitur
1098 2789 1300 2818 lucubratum.

336 2840 410 2877 ἢ]
433 2839 480 2870 cr.
501 2845 598 2874 suma
618 2839 659 2867 aa
689 2838 733 2865 ix).
755 2837 824 2865 xv.
843 2843 913 2872 cap.
935 2838 963 2865 1.
