1778 3096
134 1178 138 1182 “
159 1188 220 1218 297

247 110 330 155 284
819 110 947 150 VAR.
984 111 1139 151 LECT.

247 226 440 275 strz‘gones
476 224 648 262 homines
676 221 882 261 maleficos.
942 221 1109 270 Quorum
1141 223 1404 262 vocabulorum
1444 231 1600 276 utroque
1629 225 1696 264 ho·

248 278 382 331 dieque
413 279 543 330 vulgus
581 279 618 316 in
655 278 761 316 Italia
793 278 920 316 utitur.
983 277 1105 317 Vafer
1143 279 1257 329 igitur
1295 281 1358 318 ille
1389 293 1545 327 servus,
1586 293 1694 332 quem

247 335 407 373 lembum
446 334 651 372 maleficum
688 340 888 372 vocaturus
924 340 1025 379 erat,
1069 333 1167 384 quod
1196 347 1241 372 eo
1278 336 1420 386 piratas
1451 342 1578 375 vectos
1608 349 1695 374 esse

249 391 460 436 simularet,
492 402 576 428 eum
609 389 728 440 prius,
760 390 867 440 quasi
896 388 995 427 idem
1021 389 1169 427 valente
1184 389 1232 442 ἦε)
1263 392 1460 439 vocabulo,
1492 392 1696 443 strigonem

248 445 470 484 nominavit:
502 451 542 482 ut
568 444 675 496 plane
705 443 903 495 legendum
931 445 980 482 sit
1010 443 1081 482 hoc
1111 443 1242 484 modo:

412 524 613 573 Longum,
643 523 873 572 strzgonem,
902 521 1110 572 maleficum
1135 524 1377 563 exomarz‘er.

749 665 1039 705 CAPUT
1095 666 1197 707 XX.

337 747 434 785 Loez‘
458 746 609 797 quidam
640 759 691 783 em
723 746 885 784 Oratore
919 746 1115 784 Ciceronis
1144 745 1196 783 ad
1222 748 1383 784 Brutum
1411 747 1608 786 illustrati.

247 825 325 884 M.
359 845 516 884 CICERO
545 846 617 883 etsi
649 843 695 883 de
726 843 894 883 laudibus
925 845 1002 883 suis
1027 858 1099 883 non
1130 845 1266 883 invitus
1288 845 1528 897 praedicabat
1557 847 1698 898 potius-

248 915 320 954 que
358 903 396 940 in
427 915 507 940 eam
541 908 682 952 partem
713 901 916 951 peccabat,
958 907 999 938 ut
1028 901 1063 938 in
1095 902 1149 938 eis
1180 901 1398 939 immodicus
1430 909 1540 953 atque
1569 903 1698 940 immo-

249 958 400 996 deratus
440 963 562 995 esset:
605 969 758 1008 semper
792 963 914 994 tamen
953 956 1155 1006 diligenter
1193 958 1310 1002 cavit,
1356 970 1403 995 ne
1443 958 1515 995 sibi
1555 958 1697 1008 ingenii

248 1012 393 1051 laudem
435 1019 656 1064 arrogaret:
698 1012 895 1063 potiusque
934 1011 1054 1050 videri
1094 1012 1208 1050 voluit
1247 1013 1374 1050 labore
1413 1019 1452 1051 et
1486 1011 1695 1064 diligentia,

249 1082 357 1120 quam
390 1068 533 1119 ingenii
562 1068 791 1119 praestantia
831 1068 990 1118 aliquam
1021 1067 1170 1106 dicendi
1211 1069 1420 1106 facultatem
1453 1075 1694 1106 consecutus.

248 1124 488 1175 Intelligebat
531 1124 653 1170 enim,
696 1123 785 1160 nihil
817 1135 904 1160 esse
943 1122 1187 1170 invidiosius,
1229 1137 1334 1174 quam
1367 1122 1414 1162 de
1449 1125 1601 1175 ingenio
1631 1136 1698 1161 suo

250 1181 427 1230 gloriari:
469 1192 551 1217 cum
590 1180 719 1230 quavis
761 1178 868 1216 laudc
911 1180 1057 1216 facilius
1099 1180 1266 1216 homines
1297 1179 1406 1226 aliis,
1446 1192 1553 1231 quam
1587 1178 1696 1217 laude

249 1236 391 1287 ingenii
423 1233 580 1280 cedant,
611 1242 649 1271 ut
678 1247 768 1273 vere
798 1235 935 1271 cecinit
965 1235 1154 1272 Martialis
1171 1234 1270 1286 **):

359 1316 510 1352 Aurum
539 1319 577 1350 et
607 1325 695 1363 opes
725 1319 764 1349 et
791 1324 886 1349 rura
904 1309 1095 1362 frequens
1125 1300 1282 1351 donabit
1307 1314 1466 1352 amicus.

417 1369 493 1419 Qui
513 1368 604 1406 velit
628 1368 781 1418 ingenio
810 1368 965 1413 cedere,
999 1380 1115 1405 rarus
1144 1370 1231 1406 eric.

249 1445 349 1485 Nota
384 1445 498 1495 igitur
538 1445 600 1482 illa
641 1451 727 1481 sunt
741 1443 861 1495 3⁴³⁶³l⁵³*'³):
903 1446 1105 1494 Quome'nus
1143 1446 1293 1494 ingenio
1318 1458 1495 1495 possum,
1530 1444 1697 1482 subsidio

250 1503 345 1540 nn'lzz·
370 1502 604 1550 diligenciam
637 1500 876 1550 comparavi.-
924 1506 963 1536 et
979 1498 1053 1550 ᾧ),
1096 1501 1142 1537 Sz·
1168 1501 1260 1550 quid
1291 1507 1349 1538 est
1374 1503 1415 1538 in.
1452 1513 1509 1538 me
1536 1501 1694 1549 ingenii,

251 1557 416 1595 iudices.-
453 1556 554 1606 quod
579 1556 699 1592 sentio
732 1566 841 1604 quam
870 1556 921 1591 sit
950 1556 1154 1604 eoez'gztum:
1194 1553 1352 1606 et††)‚
1389 1556 1617 1593 Aristoteles
1644 1556 1702 1593 ait

250 1625 376 1650 omnes
405 1612 619 1661 mgem‘osos
657 1610 946 1647 melancholicos
976 1623 1079 1646 esse.-
1127 1616 1170 1647 αἱ
1197 1623 1267 1659 ego
1300 1612 1505 1648 tardiorem
1535 1623 1615 1647 esse
1643 1623 1699 1647 me

248 1681 322 1706 non
354 1667 507 1705 moleste
524 1665 682 1717 seram.-
722 1671 761 1702 et
793 1665 940 1702 similia.
1002 1663 1081 1702 Sed
1118 1671 1156 1702 et
1195 1665 1229 1701 in
1263 1665 1426 1703 Oratore
1466 1665 1512 1703 ad
1545 1664 1697 1703 Brutum

249 1724 353 1761 locus
389 1721 537 1773 quidam
576 1729 660 1766 est,
703 1721 739 1758 in
780 1733 852 1771 quo
891 1720 962 1758 sibi
999 1721 1141 1770 ingenii
1180 1720 1323 1758 laudem
1363 1721 1549 1759 detrahit:
1602 1720 1698 1772 quod

248 1786 375 1816 tamen
406 1790 451 1815 eo
481 1777 602 1814 miuus
634 1775 968 1821 animadvertitur,
1009 1777 1095 1826 quia
1125 1776 1227 1814 locus
1266 1777 1326 1814 ille
1364 1778 1504 1828 aliquot
1545 1776 1698 1814 vocibus

248 1846 402 1872 mancus
430 1845 474 1870 ae
506 1832 653 1870 mutilus
683 1832 821 1882 legitur
847 1833 958 1869 etiam
999 1832 1035 1868 in
1066 1832 1114 1868 iis
1143 1832 1274 1880 libris,
1312 1833 1371 1883 qui
1404 1845 1485 1869 cum
1520 1832 1696 1870 librorum

248 1896 417 1927 veterum
447 1889 596 1926 acervis
625 1888 750 1925 collati
777 1900 861 1925 esse
891 1886 1079 1925 dicuntur.
1135 1886 1190 1925 lta
1224 1890 1318 1925 enim
1353 1901 1436 1925 eum
1463 1888 1573 1938 vulgo
1604 1888 1697 1925 scri-

249 1952 348 1996 ptum
377 1943 503 1981 videas
519 1942 660 1996 ††·I-):
690 1946 820 1993 Atque
844 1943 949 1981 haud
969 1944 1046 1980 scio
1067 1956 1114 1980 an
1138 1945 1314 1994 plerique
1334 1950 1550 1982 nostrorum
1571 1950 1697 1981 orato-

249 2013 333 2038 rum
363 2001 513 2050 ingenio
544 2000 634 2049 plus
671 2000 886 2044 valuerint,
926 2011 1036 2049 quam
1067 1999 1265 2044 doctrinm
1310 2001 1438 2049 itaque
1476 2000 1538 2037 ille·
1572 2000 1698 2036 dicere

248 2056 380 2094 melius
417 2067 528 2104 quam
561 2059 812 2104 praecipere,
861 2067 930 2092 nos
965 2061 1100 2091 eontra-
1127 2054 1305 2106 forlasse
1335 2067 1549 2105 possumus.
1619 2054 1697 2092 Sed

250 2110 463 2161 complures
485 2110 558 2146 iam
588 2110 678 2146 anni
703 2117 801 2153 sunt,
831 2122 912 2146 cum
938 2108 1155 2146 Alexander
1176 2109 1405 2155 Glorierius,
1436 2116 1524 2146 tunc
1549 2109 1697 2160 quidem

251 2178 410 2216 magnae
452 2165 532 2216 spei
569 2163 811 2210 adolescens,
861 2177 955 2201 nunc
996 2171 1117 2201 autem
1157 2166 1214 2202 vir
1256 2165 1510 2209 clarissimus,
1562 2165 1697 2215 quique

251 2222 396 2272 magnis
425 2221 463 2258 in
494 2219 684 2270 republica
714 2219 928 2256 muneribus
965 2220 1178 2269 praefectus
1215 2220 1424 2257 concitatae
1456 2220 1526 2256 iam
1555 2220 1697 2270 pridem

251 2276 522 2327 exspectationi
550 2275 742 2326 praeclare
775 2274 874 2311 omni
897 2287 945 2311 ex
973 2282 1079 2324 parte
1108 2275 1346 2326 respondeat,
1372 2275 1503 2312 librum
1531 2282 1698 2313 veterem

252 2332 343 2370 mihi
373 2330 550 2369 utendum
582 2329 704 2375 dedit,
747 2330 783 2366 in
813 2343 883 2380 quo
914 2330 964 2366 ita
999 2331 1182 2380 integrius
1213 2338 1249 2368 et
1285 2330 1518 2368 emendatius
1549 2330 1699 2381 legeba-

250 2395 332 2426 tur:
370 2390 500 2438 Atque
534 2386 640 2424 haud
673 2387 751 2424 selo
788 2398 834 2423 an
869 2386 1043 2436 plerique
1079 2394 1294 2426 nostrorum
1334 2393 1528 2425 oratorum
1565 2393 1699 2426 contra

325 2518 369 2554 κε)
390 2518 521 2547 Rectius
542 2518 655 2547 dicitur
675 2518 875 2555 siym'ficanle.

325 2567 394 2602 {atq
414 2567 521 2601 Epigr.
542 2568 624 2595 vm.
647 2568 696 2603 18,
718 2567 747 2596 9.

326 2616 419 2650 *ze-:tq
442 2616 493 2644 Or.
515 2623 569 2650 pro
592 2615 718 2648 Quintio
739 2621 806 2649 cap.
831 2616 857 2643 1.
879 2615 910 2651 5.
932 2615 961 2643 ⁴2.

325 2664 372 2703 †)
396 2665 447 2692 Or.
468 2671 523 2698 pro
545 2665 642 2692 Ascli.
665 2666 760 2697 nocta
779 2662 845 2692 init.

325 2712 398 2750 ἡὴ]
420 2712 544 2746 Disput.
567 2713 693 2741 Tuscul.
714 2712 767 2740 lib.
786 2714 806 2740 Ι.
828 2718 896 2746 cap.
915 2712 964 2740 33.
981 2712 1011 2745 ξ.
1029 2712 1077 2740 80.
1101 2713 1152 2740 ubi
1175 2721 1255 2741 utine
1272 2713 1403 2748 tugitur:
1425 2714 1609 2742 Aristoteles
1630 2715 1698 2749 ([1ιὶ-

249 2752 317 2780 ‹lem
338 2754 382 2779 ait
402 2772 428 2779 ..
441 2772 448 2779 .
468 2751 502 2778 ut
521 2757 576 2785 eqo
597 2757 643 2778 me
661 2752 832 2777 tardiorem
852 2757 918 2777 esse
938 2757 999 2777 non
1021 2752 1146 2779 moleste
1163 2752 1277 2785 fierunt.

326 2797 426 2836 †††)
454 2805 522 2832 cap.
544 2797 594 2826 42.
616 2798 743 2832 §.14:3.
783 2799 922 2826 ofellius
944 2799 989 2826 nil
1009 2799 1161 2835 mutavit,
1190 2801 1385 2831 glossemata
1406 2800 1461 2829 illa
1483 2799 1701 2829 additamenta

255 2836 410 2867 iudicans.
450 2838 559 2866 Recte.
600 2837 652 2864 Sic
671 2836 767 2865 ctiam
789 2838 860 2865 Lm.
883 2842 913 2866 ez
934 2838 1054 2871 Meyer.
1095 2839 1205 2866 rm:
