1778 3096
515 113 617 152 LIB.
651 112 784 153 XVII.
845 110 964 151 CAP.
992 110 1065 150 VI.
1425 109 1508 151 399

71 227 188 265 bere?
242 228 377 264 Decem
406 224 524 262 millia
556 223 732 262 talentzim
768 223 940 262 Gabinior
963 234 1044 259 esse
1076 220 1276 271 permissa.
1334 220 1424 257 Hui.
1455 221 1511 258 vi-

71 283 211 320 delicet
236 294 333 331 puer
363 280 522 318 blandus
558 280 802 330 reperiendus
826 277 925 327 suit,
965 278 1032 328 qui
1055 277 1257 321 hominem,
1299 281 1342 312 ut
1368 281 1408 312 tu
1436 276 1508 320 vis,

69 338 327 376 avarissimum
353 341 548 379 exoraret,
575 337 642 373 HS
661 335 716 372 bis
737 334 870 371 millies
892 340 930 371 et
951 332 1260 382 quadringenties
1287 343 1333 368 ne
1353 342 1512 380 magno-

64 405 160 443 pere
188 398 453 429 contemneret.
513 390 597 427 Hoc
627 402 713 439 eg0,
745 401 792 425 ne
821 386 907 439 quid
937 386 1182 432 dissimulem,
1212 386 1338 423 verius
1369 393 1405 423 et
1434 385 1510 422 sin-

70 448 195 485 cerius
225 453 334 496 puto:
374 453 413 483 ut
437 452 474 483 et
504 445 596 491 hoc,
631 442 727 494 quod
757 444 925 495 sequitur
939 442 1011 494 ’Ὦς
1053 443 1106 480 Ec
1132 442 1278 493 quidem
1319 441 1356 478 in
1387 446 1511 478 custo-

68 503 132 540 dia
159 501 248 553 suit
283 503 394 539 etiam
425 503 558 550 regia.-
597 507 637 538 ec
664 501 740 537 vita
771 501 809 536 ez’
838 499 969 536 ablata
995 511 1119 548 paene
1149 504 1218 535 est.
1279 495 1331 533 Et
1368 496 1508 541 statim,

69 560 173 607 Quae
201 558 406 595 necessitas
448 558 574 606 eoe‘gz‘t
595 554 795 606 perferre,
827 554 1004 604 pertulit.
1066 552 1266 602 Aliquanto
1297 558 1420 589 autem
1453 551 1511 588 in-

66 613 186 650 ferius
200 611 304 664 **):
347 614 427 651 Nee
454 625 541 649 vero
571 612 612 649 id
638 611 780 647 homini
805 616 879 647 tum
912 609 1131 659 quisquam,
1163 609 1231 645 sed
1260 608 1421 658 tempori
1442 606 1511 643 acl-

65 668 289 717 szg‘nandum
314 669 478 718 putavit.
541 666 591 704 Et
617 666 723 716 paulo
750 671 855 716 post:
886 665 984 702 Nam
1015 670 1055 701 uc
1081 669 1226 700 ventum
1254 669 1312 700 est
1337 662 1512 700 Alexan-

66 723 220 768 dream,
260 724 424 768 iudices,
468 724 562 760 haec
591 734 665 760 una
706 721 832 765 ratio,
874 726 912 757 et
951 731 1044 770 quae
1072 724 1289 768 sequuntur.
1350 716 1446 754 Sunt
1474 722 1512 754 et

66 777 164 815 aliae
194 777 374 828 quaedam
405 778 441 814 in
472 778 534 823 iis,
565 789 660 828 quae
691 782 910 826 sequuntur,
939 774 1157 819 varietates,
1190 771 1255 810 sed
1284 786 1355 809 non
1386 771 1510 823 magni

66 833 258 873 momenti.
316 832 456 872 Cetera
484 845 639 885 prorsus
669 844 751 869 cum
779 830 952 868 Lambini
982 828 1148 867 editione
1175 829 1426 867 consentiunt.

578 956 869 996 CAPUT
924 955 1003 995 VI.

280 1036 454 1086 Lycurge·
480 1037 665 1074 orationis
696 1036 801 1073 locus
830 1034 1050 1073 emendatus
1077 1038 1117 1071 et
1144 1038 1294 1070 auctus.

67 1112 142 1170 Ur
170 1132 372 1184 Euripides
386 1132 489 1186 ***)
521 1135 707 1172 interesse
737 1135 808 1179 ait,
848 1147 921 1171 non
954 1139 1093 1170 tantum
1125 1129 1213 1183 quid
1242 1129 1409 1176 dicatur,
1443 1127 1511 1167 sed

65 1189 178 1226 etiam
207 1202 228 1226 a
261 1202 332 1240 quo
360 1188 526 1227 dicatur:
570 1189 666 1241 quod
697 1203 718 1228 a
748 1202 909 1240 persona
938 1188 1098 1225 dicentis
1128 1188 1276 1224 multum
1307 1186 1374 1232 iis,
1415 1196 1511 1236 quae

66 1243 263 1290 (licuntur,
302 1245 358 1281 vel
396 1244 543 1282 accedit
585 1245 819 1282 auctoritatis
854 1244 913 1282 vel
956 1242 1124 1280 decedit:
1166 1243 1218 1278 ita
1257 1254 1328 1277 non
1370 1247 1510 1276 tantum

64 1298 157 1350 quid
182 1297 352 1345 dicatur,
395 1300 536 1345 refert,
576 1312 702 1337 verum
740 1301 851 1337 etiam
889 1311 960 1349 quo
1001 1296 1107 1334 modo
1147 1295 1305 1333 dicatur.
1365 1294 1510 1332 Eadem

66 1354 165 1392 enim
199 1355 385 1391 sententia
415 1354 488 1392 alio
520 1361 629 1404 atque
656 1354 729 1392 alio
757 1354 953 1391 verborum
981 1364 1122 1403 genere
1147 1352 1242 1389 elata
1276 1350 1382 1388 modo
1412 1351 1512 1387 iacet

65 1421 110 1447 ac
148 1409 321 1459 languet,
370 1409 478 1446 modo
518 1410 699 1447 attollitur
737 1416 773 1446 et
811 1409 1036 1446 audientium
1075 1415 1219 1445 mentes
1263 1406 1510 1444 admiratione

64 1464 269 1515 perfundit.
330 1463 538 1502 Declarant
575 1463 613 1502 id
646 1465 702 1502 vel
732 1465 889 1502 maxime
921 1466 1075 1514 poetae,
1118 1464 1179 1512 qui
1210 1475 1292 1499 cum
1325 1460 1510 1498 interdum

63 1519 240 1569 vulgares
271 1526 308 1557 et
350 1532 371 1557 e
413 1519 536 1557 medio
573 1520 707 1570 petitas
747 1520 952 1557 sententias
998 1519 1212 1569 proferant,
1263 1517 1347 1568 quia
1387 1523 1510 1554 tamen

67 1587 133 1612 eas
172 1582 211 1611 et
242 1575 406 1612 numeris
444 1575 612 1611 vinciunt
643 1582 681 1612 et
710 1575 839 1624 figuris
876 1575 1105 1618 illuminant,
1144 1585 1259 1623 seque
1295 1572 1341 1609 ab
1374 1573 1512 1609 usitata

67 1628 241 1679 loquendi
271 1629 542 1667 consuetudine
579 1629 788 1674 abducunt3
834 1630 918 1680 quia
949 1627 1125 1678 grandius
1164 1635 1203 1665 et
1232 1627 1424 1664 sublimius
1455 1626 1512 1664 di-

67 1691 177 1730 cunt,
218 1684 421 1734 grandiora
451 1686 561 1722 etiam
603 1692 640 1723 et
669 1685 885 1722 sublimiora
925 1684 1052 1722 (licere
1090 1684 1364 1721 existimantur.
1422 1682 1510 1720 Non

66 1739 179 1777 aliter
210 1739 247 1776 in
274 1740 406 1777 vestitu
436 1753 479 1777 ac
509 1740 606 1777 cultu
637 1741 808 1790 corporis
838 1739 1012 1777 accidere
1042 1738 1234 1783 videmus,
1266 1745 1304 1775 ut
1333 1738 1513 1789 principi-

67 1794 136 1832 bus
162 1807 206 1832 ac
236 1795 511 1844 magistratibus
552 1807 598 1832 ex
626 1808 671 1833 eo
702 1795 894 1845 dignitatis
935 1793 1071 1845 aliquid
1101 1793 1284 1832 accedere
1323 1792 1508 1832 videatur.

66 1849 203 1901 Neque
227 1863 299 1887 non
322 1850 418 1900 quod
442 1849 519 1887 dixi
544 1852 661 1900 poetis
684 1852 853 1896 evenire,
877 1849 974 1888 idem
996 1850 1109 1887 etiam
1133 1849 1343 1886 oratoribus
1368 1849 1510 1894 evenit,

68 1911 131 1952 ut,
174 1905 205 1942 si
235 1905 316 1956 quis
355 1918 483 1943 eorum
521 1906 634 1943 verba
665 1906 852 1952 immutet,
893 1906 1058 1956 quamvis
1095 1903 1251 1942 eandem
1287 1905 1512 1942 sententiam

68 1961 246 2005 retineat,
272 1960 420 1997 multum
451 1967 573 1998 tamen
598 1961 651 1998 eis
683 1968 720 1999 et
749 1960 941 2011 dignitatis
972 1967 1010 1999 et
1035 1960 1292 1998 vehementiae
1322 1958 1509 1997 detrahat.

68 2015 122 2053 Ut
150 2015 307 2065 contigit
339 2017 418 2053 acri
448 2029 536 2053 sane
569 2023 607 2053 et
637 2016 746 2066 pleno
774 2018 965 2067 spirituum
996 2016 1156 2061 oratori,
1196 2014 1399 2066 Lycurgo,
1430 2015 1510 2065 qui,

69 2083 152 2108 cum
182 2071 218 2107 in
247 2070 495 2120 pulcherrima
525 2072 694 2110 oratione
725 2071 906 2109 adversus
936 2071 1160 2109 Leocratem
1190 2070 1301 2108 multa
1340 2069 1385 2107 de
1411 2072 1512 2108 viro-

69 2138 151 2163 rum
184 2125 357 2172 sorfium,
390 2127 451 2177 qui
484 2134 637 2164 mortem
674 2140 739 2178 pro
769 2128 889 2178 patria
918 2128 1173 2178 oppetierant,
1206 2124 1314 2164 laude
1343 2125 1511 2163 dicturus

70 2187 194 2226 esset,
235 2193 281 2218 ne
313 2182 422 2218 nimis
451 2194 471 2219 a
503 2194 544 2219 re
580 2183 771 2233 proposita
801 2181 946 2234 digredi
977 2181 1189 2227 videretur,
1233 2181 1285 2218 ita
1315 2180 1384 2218 sibi
1414 2181 1509 2217 viam

67 2234 116 2273 ad
145 2248 225 2273 eam
257 2234 544 2286 disputationem
572 2239 817 2288 praemuniit,
851 2245 890 2275 ut
919 2237 1085 2283 diceret,
1117 2236 1258 2274 duabus
1290 2235 1336 2273 de
1366 2236 1511 2273 caussis

69 2290 229 2329 libenter
257 2290 479 2329 audiendam
511 2305 596 2330 esse
624 2294 786 2331 virorum
815 2294 962 2331 fortium
985 2291 1359 2330 commendationem.
1412 2291 1509 2328 Nam

69 2352 108 2383 et
136 2358 183 2383 ex
212 2347 478 2393 contentione,
511 2348 653 2399 inquit,
689 2349 806 2399 magis
837 2349 1059 2398 intelligitur
1089 2361 1239 2392 eorum,
1272 2347 1332 2398 qui
1363 2347 1408 2384 ab
1439 2346 1511 2383 illis

70 2399 325 2450 degenerant,
365 2402 536 2451 ignavia:
581 2411 619 2440 et
657 2404 792 2441 iustum
831 2411 912 2449 est,
958 2403 1126 2449 laudem,
1168 2415 1261 2453 quae
1303 2401 1381 2439 sola
1417 2402 1510 2438 viris

70 2454 228 2493 fortibus
257 2458 461 2506 praemium
492 2458 735 2508 periculorum
764 2466 836 2505 est,
870 2460 923 2497 cis
952 2472 1022 2495 nou
1053 2457 1249 2508 denegari,
1281 2458 1342 2509 qui
1368 2457 1511 2494 animas

71 2510 143 2561 ipsi
183 2523 267 2548 suas
306 2512 343 2550 in
382 2512 541 2563 publicis
575 2515 839 2552 certaminibus
878 2514 1039 2552 civitatis
1076 2527 1143 2565 pro
1179 2513 1298 2551 salute
1329 2512 1512 2550 communi

123 2657 130 2664 ·
146 2619 189 2655 ἐκ)
216 2620 294 2663 Jbid.
317 2621 350 2657 S.
371 2622 423 2650 22.
450 2621 615 2650 Ernestius
643 2623 675 2652 et
701 2623 859 2652 Orellius:
888 2623 979 2652 etiam
1004 2622 1066 2659 fuit
1090 2623 1195 2660 reqia:
1222 2623 1252 2651 ec
1278 2623 1340 2651 vita
1367 2622 1432 2650 eius
1452 2622 1513 2650 cet.

70 2657 193 2686 Deinde
213 2659 324 2687 iidem:
346 2660 446 2694 coegit
462 2659 587 2694 ferre.

69 2705 308 2773 {adigit-{epae
331 2706 379 2736 10.
407 2706 439 2742 S.
461 2707 512 2737 27.
549 2707 666 2737 Paullo
686 2709 759 2743 post
784 2715 866 2737 nunc
891 2708 1025 2743 legitur:
1053 2709 1280 2738 Alea-andriam
1299 2708 1340 2737 ad
1359 2707 1510 2744 Auletem,

143 2789 237 2825 *ἔτ-ἕ)
257 2791 375 2820 Hecub.
395 2799 428 2822 v,
448 2792 510 2821 294
530 2800 597 2828 sqq.
634 2791 680 2822 Cf.
702 2792 794 2820 Ennii
814 2794 939 2827 Fragm.
960 2800 1011 2828 ap.
1033 2795 1112 2822 Gen.
1133 2795 1170 2822 N.
1187 2794 1226 2822 A.
1247 2793 1369 2822 lib.X1.
1389 2799 1458 2827 cap.
1477 2792 1509 2821 4.

68 2829 159 2858 Poet.
175 2830 266 2859 scen.
284 2830 353 2859 Lat.
369 2831 495 2866 Fragm.
514 2832 562 2859 ed.
578 2831 671 2860 Both.
687 2830 756 2860 Vol.
775 2832 797 2859 ι.
815 2838 887 2866 pag.
904 2831 956 2860 47.
982 2833 1063 2861 Mur.
1082 2833 1160 2868 opp.
1176 2833 1263 2861 Toni.
1282 2833 1334 2860 lu.
1353 2838 1424 2867 pag.
1436 2830 1509 2860 590.

1538 1413 1600 1444 419
