1726 3106
354 585 434 640 M.
481 584 858 643 ANTONII
902 585 1254 644 MURETl
1550 591 1611 622 ¹⁴⁸

88 696 856 846 HIPPOLYTUit}
929 775 1527 849 ESTENSEM

377 900 412 927 S.
445 900 486 926 R.
519 900 558 926 E.
594 899 866 943 CARDINALEM
893 900 1243 929 ILLUSTRISSIMUM

258 1019 744 1068 VARIARUM
811 1019 1356 1070 LECTIONUM

454 1123 688 1163 LIBER
745 1122 1169 1165 SEPTIMUS.

611 1332 905 1373 CAPUT
959 1334 992 1372 1.

155 1415 318 1452 Sorores
344 1424 484 1450 uxores
514 1412 651 1450 ducere
665 1409 712 1465 ὴὲ)
726 1440 739 1459 ,
770 1425 857 1450 num
887 1413 991 1463 apud
1016 1412 1268 1451 Athenienses
1294 1413 1458 1452 licuerit.

87 1503 380 1562 PERELEGANS
419 1530 521 1562 extat
558 1522 712 1562 Aemilii
750 1524 867 1562 Probi
907 1523 954 1562 ad
992 1525 1041 1563 T.
1080 1523 1323 1576 Pomponium
1363 1525 1530 1563 Atticum

89 1580 233 1618 libellus
249 1579 352 1632 Μ),
393 1593 464 1630 quo
494 1579 725 1617 Graecorum
757 1581 1019 1630 imperatorum
1061 1581 1161 1618 vitae
1202 1580 1444 1619 mundissimo
1485 1594 1528 1619 ac

90 1635 300 1673 castissimo
331 1634 509 1672 orationis
543 1646 684 1684 genere
715 1635 962 1685 explicantur.
1023 1633 1120 1672 Eum
1149 1649 1269 1686 nuper
1305 1649 1385 1674 cum
1416 1637 1529 1674 animi

89 1703 223 1729 caussa
250 1690 527 1736 evolveremus,
576 1690 612 1726 in
643 1690 723 1740 ipsa
754 1690 874 1727 statim
911 1690 1143 1740 praefatione
1182 1690 1354 1742 quiddam
1395 1690 1530 1742 depre-

88 1744 286 1783 hendimus
304 1744 439 1797 ***),
470 1743 566 1795 quod
595 1757 684 1783 sane
714 1745 834 1782 mirati
864 1758 1004 1784 sumus,
1060 1744 1188 1795 Negat
1216 1747 1330 1793 enim,
1362 1745 1528 1792 Cimoni,

89 1813 231 1839 summo
269 1799 558 1838 Atheniensium
604 1801 708 1845 viro,
759 1807 865 1851 turpe
906 1801 1047 1846 fuisse,
1099 1813 1266 1839 sororem
1312 1814 1530 1852 germanam

89 1856 230 1894 habere
266 1856 304 1892 in
334 1855 591 1892 matrimonio:
640 1856 773 1906 quippe
807 1868 889 1893 cum
921 1856 1022 1892 cives
1059 1856 1139 1893 eius
1178 1855 1307 1894 eodem
1336 1863 1530 1894 uterentur

90 1912 274 1949 instituto.
323 1909 408 1960 Ego
430 1923 519 1948 vero
543 1909 588 1948 de
609 1909 738 1948 Persis
760 1917 797 1947 ct
822 1911 904 1947 aliis
933 1910 1151 1961 quibusdam
1178 1911 1346 1949 barbaris
1368 1912 1530 1949 nationi-

88 1966 158 2004 bus
189 1978 302 2017 saepe
332 1965 368 2002 id
398 1965 587 2015 legeram:
625 1964 670 2003 de
699 1965 996 2003 Atheniensibus
1027 1966 1118 2003 nihil
1149 1966 1247 2012 tale,
1289 1966 1360 2004 nisi
1387 1966 1433 2003 ab
1464 1979 1526 2013 e0,

88 2022 328 2060 memineram
358 2021 541 2071 proditum
573 2033 671 2059 esse.
732 2021 860 2071 ltaque
891 2033 972 2058 cum
1003 2021 1178 2059 attentius
1208 2020 1254 2059 de
1285 2034 1331 2059 eo
1361 2022 1528 2073 cogitare

89 2077 299 2127 coepissem
330 2077 507 2126 quasique
543 2083 722 2113 excutere
759 2076 973 2113 memoriam
1005 2088 1147 2122 meam,
1190 2075 1408 2114 recordatus
1448 2090 1529 2114 sum

90 2132 164 2169 loci
201 2130 390 2169 cuiusdam
429 2143 475 2168 ex
513 2132 709 2176 oratione,
752 2134 857 2180 quam
890 2131 1167 2182 antiquissimus
1204 2139 1242 2169 et
1277 2132 1530 2170 nobilissimus

90 2193 217 2225 orator
236 2185 454 2224 Andocides
477 2185 655 2224 adversus
678 2185 909 2224 Alcibiadem
934 2186 1083 2224 habuit:
1118 2187 1178 2237 qui
1199 2199 1247 2225 ex
1266 2186 1447 2226 diametro
1465 2187 1528 2239 †)‚

89 2249 132 2280 ut
158 2242 283 2288 aiunt,
326 2255 408 2279 cum
439 2254 509 2287 e0‚
551 2240 645 2292 quod
677 2241 723 2278 ab
748 2242 911 2279 Aemilio
940 2241 1100 2287 dicitur,
1140 2249 1294 2293 pugnat.
1354 2242 1533 2280 Ostendit

92 2298 214 2343 enim,
245 2311 325 2335 eam
355 2298 472 2348 ipsam
502 2297 619 2334 fuisse
651 2310 841 2346 caussam,
883 2310 950 2335 cur
978 2296 1112 2334 Cimon
1148 2298 1184 2334 in
1215 2298 1362 2335 exilium
1397 2299 1532 2335 missus

94 2353 164 2398 sit,
204 2359 376 2404 tanquam
406 2353 525 2402 legum
557 2359 803 2403 contemptor.
861 2352 996 2404 Neque
1033 2353 1226 2403 quicquam
1260 2353 1294 2390 ei
1326 2353 1530 2404 profuisse,

95 2406 190 2458 quod
225 2415 262 2445 et
301 2408 380 2459 ipse
417 2407 592 2459 Olympia
630 2408 808 2453 vicisset,
849 2415 887 2446 et
924 2415 1044 2459 pater.
1114 2409 1278 2446 Veteres
1314 2408 1410 2445 enim
1450 2408 1531 2444 illos

94 2476 165 2500 non
207 2464 447 2501 certaminum
483 2470 546 2500 aut
583 2463 846 2509 victoriarum,
887 2463 952 2501 sed
985 2464 1105 2514 legum
1140 2470 1178 2501 et
1207 2464 1455 2501 institutorum
1494 2462 1531 2498 in

94 2516 292 2556 iudicando
321 2518 497 2558 habuisse
525 2519 722 2557 rationem.
783 2518 993 2557 Andocidis
1029 2519 1146 2557 verba
1175 2520 1208 2557 si
1237 2520 1319 2571 quis
1357 2517 1529 2569 requirit,
1561 2523 1621 2555 143

168 2637 212 2672 ὲκ)
232 2638 303 2666 Vid.
325 2638 407 2667 infra
427 2639 479 2667 lib.
500 2640 567 2669 XV.
588 2646 655 2675 cap.
676 2640 706 2669 5.

169 2686 238 2721 {te-tx)
259 2685 305 2715 Cf.
325 2687 406 2715 Hub.
427 2688 573 2722 Giphanii
594 2688 684 2723 epist.
705 2688 745 2717 ad
765 2690 845 2717 Mur.
867 2688 944 2723 Opp.
966 2689 1053 2717 Tom.
1074 2690 1097 2717 1.
1119 2695 1189 2723 pag.
1209 2687 1279 2717 505.
1301 2687 1372 2716 507.

171 2734 263 2769 ὶῐεῑὶἐέἱε)
285 2734 417 2763 Rectius
437 2737 505 2764 erat
524 2737 710 2771 invenimus,
731 2737 867 2772 leyz'mus.
907 2736 1030 2764 KRAFT.

174 2781 219 2817 ἢ)
240 2782 334 2816 Apud
362 2785 505 2812 veterem
532 2784 716 2820 scriptorem
736 2785 912 2813 Romanum
939 2785 998 2811 hoc
1023 2783 1226 2819 proverbiale
1246 2783 1395 2819 loquendi
1424 2790 1534 2821 genus,

99 2819 182 2856 quod
203 2828 259 2849 nos
279 2820 405 2856 quidem
425 2821 581 2859 sciamus,
602 2830 665 2852 non
684 2823 809 2857 legitur.
850 2822 972 2852 Kanai.
