1778 3096
472 125 570 167 LIB.
604 124 758 166 xvlu.
818 123 938 163 CAP.
971 124 1103 164 xvn.
1427 120 1509 163 443

537 251 568 289 C
600 250 637 289 A
666 251 698 290 P
728 252 764 290 U
791 251 826 290 T
880 251 994 290 XVI
1003 251 1036 290 l.

138 328 298 378 Virgilii
319 329 387 367 IV.
415 329 606 367 Aeneidos
634 331 736 367 loeus
762 342 837 367 non
868 335 970 366 recte
999 341 1024 366 a
1053 327 1183 373 Servio
1212 325 1438 377 eoeplzleatus.

70 403 316 464 Muumcus
346 427 454 465 homo
484 427 665 465 interdum
708 435 765 465 est
796 427 951 465 Servius
987 428 1022 464 in
1055 426 1176 464 sensis
1205 425 1361 475 Virgilii
1391 423 1511 475 expli-

72 480 224 517 candis:
273 490 309 519 et
349 485 515 533 quamvis
554 484 652 520 inter
690 483 962 520 Grammaticos
1007 485 1138 519 merito
1179 493 1326 531 semper
1363 480 1510 518 babitus

72 542 129 571 est
157 537 297 585 primae
327 538 482 584 classis3
524 545 581 575 est
611 545 754 583 tamen,
795 538 857 574 ubi
888 536 934 573 de
966 536 1102 573 tuenda
1132 536 1193 573 illa
1230 536 1406 586 opinione
1435 548 1509 572 non

71 590 179 627 nimis
209 592 385 630 sollicitus
417 593 574 631 videtur.
635 593 704 630 Vel
737 593 802 629 hos
834 605 881 630 ex
909 599 1039 643 quarto
1071 590 1266 628 Aeneidos
1281 588 1326 642 ᾖ)
1359 603 1508 635 versus,

71 645 201 695 quibus
230 645 329 684 Dido
361 661 518 694 verens,
557 662 604 686 ne
636 661 743 685 soror
773 661 838 685 sua
875 660 922 685 ex
951 647 1012 684 illo
1042 645 1285 683 immoderato
1324 644 1510 683 retinendi

69 700 226 738 Aeneae
257 702 401 749 studio,
444 705 698 754 suspicaretur
736 703 816 740 fore
858 702 893 739 id
931 700 1026 752 quod
1065 704 1212 747 evenit,
1252 707 1292 738 ut
1320 701 1402 752 ipsa
1429 701 1510 738 eius

70 755 205 794 abitum
238 757 339 795 ferre
373 772 445 796 non
476 766 627 810 posset,
661 759 710 796 ita
741 771 821 795 eam
854 757 1011 795 affatur:

177 836 285 873 Hane
315 849 387 885 ego
419 837 457 873 si
476 838 588 887 potui
614 843 756 874 tantum
784 849 940 886 sperare
969 835 1150 880 dolorem,

182 891 232 927 Et
253 891 457 942 perferre,
488 905 621 938 soror,
651 899 812 942 potero.-

70 976 136 1001 eos
166 965 281 1015 igitur
311 980 442 1005 versus
473 981 578 1019 quam
611 968 773 1007 absurde
804 965 1102 1017 interpretatur?
1158 965 1268 1004 Hanc
1299 965 1395 1003 enim
1428 977 1514 1003 sen—

71 1021 224 1058 tentiam
266 1023 408 1059 illorum
441 1037 526 1061 esse
557 1024 670 1061 dicit:
721 1026 767 1063 Si
800 1025 949 1061 scissem
989 1023 1178 1060 abiturum
1206 1024 1397 1067 Aeneam,
1440 1034 1513 1059 non

71 1081 214 1114 tantum
243 1078 454 1128 diligerem.
516 1080 563 1118 Si
587 1093 660 1117 non
689 1081 927 1123 dilexissem,
955 1079 1075 1115 minus
1103 1079 1279 1115 dolerem.
1340 1078 1387 1115 Si
1405 1077 1519 1127 potui

70 1138 219 1177 antem,
244 1146 341 1183 pro,
373 1135 411 1171 si
428 1136 632 1184 potuissem
649 1132 748 1186 **):
781 1141 818 1172 el
844 1135 900 1171 sie
930 1140 988 1170 est
1016 1134 1178 1177 dietam,
1211 1138 1253 1169 ut

184 1210 314 1247 Omnia
339 1213 523 1262 praecepi
547 1219 660 1262 atque
688 1213 810 1250 animo
841 1223 978 1248 meeum
1013 1216 1100 1248 ante
1124 1205 1396 1260 peregz‘***),

69 1297 116 1322 ac
149 1289 186 1322 si
218 1287 385 1333 diceret,
433 1289 533 1325 nz'tzz‘l
567 1289 660 1325 milli
696 1301 827 1326 novum
870 1289 1125 1337 contingeret.
1194 1285 1302 1322 Haec
1335 1284 1513 1322 Servius:

69 1339 202 1390 quibus
233 1341 292 1378 vix
324 1355 345 1378 a
369 1343 553 1379 sententia
576 1343 728 1393 Virgilii
758 1342 964 1392 excogitari
994 1353 1105 1392 posse
1136 1340 1329 1390 quicquam
1359 1340 1515 1377 alienius

68 1402 171 1446 puto.
233 1395 319 1446 Ego
352 1397 422 1434 boc
451 1396 638 1435 Didonem
672 1398 812 1435 sentire
844 1397 1039 1435 existimo:
1080 1395 1168 1434 Non
1198 1402 1277 1441 est,
1312 1394 1408 1446 quod
1439 1407 1517 1432 me-

69 1457 177 1497 tuas,
210 1465 338 1497 soror,
373 1465 419 1490 ne
449 1465 520 1502 ego
548 1453 644 1490 hunc
673 1454 742 1490 etsi
770 1452 1051 1490 acerbissimum
1082 1450 1272 1496 dolorem,
1314 1450 1346 1486 si
1377 1463 1417 1487 se
1450 1450 1516 1487 ob-

70 1504 179 1543 duret
206 1505 382 1552 Aeneas,
425 1508 596 1557 perl'erre
634 1522 706 1544 non
743 1509 897 1558 possim.
960 1506 1052 1544 Cum
1092 1506 1189 1543 enim
1234 1518 1317 1542 eum
1349 1503 1515 1543 dolorem

72 1573 250 1614 sperare,
281 1561 318 1599 id
350 1568 430 1608 est,
463 1569 682 1614 exspectare
716 1563 922 1613 potuerim,
963 1575 1084 1612 neque
1114 1574 1171 1598 me
1204 1561 1285 1611 ipsa
1315 1560 1412 1598 illius
1442 1561 1515 1598 iam

71 1616 217 1666 iamque
248 1617 475 1654 imminentis
515 1619 745 1668 exspectatio
786 1617 831 1655 ad
865 1615 1062 1668 quidquam
1098 1616 1134 1653 in
1168 1628 1225 1653 me
1262 1615 1390 1653 durius
1425 1629 1516 1653 con-

15 1708 22 1717 ,
72 1671 263 1709 sulendum
303 1672 498 1722 adegerit:
555 1686 661 1724 quam
708 1673 949 1711 acerbitatem
991 1671 1079 1709 forti
1125 1671 1247 1708 animo
1292 1678 1515 1722 exspectare

71 1728 197 1778 potui,
240 1727 397 1765 candem
430 1741 563 1779 magno
593 1741 637 1766 ac
674 1729 763 1766 forti
799 1729 948 1773 animo,
990 1729 1021 1764 si
1054 1739 1210 1764 necesse
1250 1726 1388 1772 suerit,
1430 1739 1516 1777 per-

73 1782 206 1821 feram.
266 1782 344 1820 Sed
372 1790 493 1820 tamen
526 1797 571 1821 ne
608 1784 718 1821 ullam
748 1784 828 1821 eius
867 1781 1051 1820 retinendi
1090 1783 1270 1819 rationem
1300 1782 1515 1820 intentatam

72 1838 301 1888 relinquam3
342 1839 463 1876 tribue
492 1839 561 1877 boc
593 1839 702 1885 mihi,
735 1846 774 1876 ut
802 1837 845 1876 ad
879 1850 962 1876 eum
993 1837 1128 1883 adeas,
1162 1838 1294 1888 eique,
1327 1838 1358 1873 si
1389 1845 1514 1888 potes,

73 1893 327 1944 persuadeas,
366 1901 404 1931 ut
435 1893 641 1932 discessum
681 1908 786 1932 suum
818 1905 933 1944 usque
974 1906 1019 1931 eo
1051 1893 1181 1930 saltem
1223 1891 1393 1942 differat,
1432 1891 1516 1930 dum

75 1955 277 1998 tempestas
307 1948 536 1987 commodior
566 1951 613 1987 sit
634 1949 678 1986 ad
711 1948 970 1999 navigandum.
1018 1948 1153 1999 Neque
1175 1960 1264 1984 vero
1295 1948 1376 1985 leve
1407 1960 1519 1998 argu-

76 2011 238 2041 mentum
271 2011 348 2050 est,
387 2018 457 2055 quo
489 2006 604 2042 utitur
632 2004 754 2050 Dido,
799 2013 835 2041 ut
865 2003 1037 2041 ostendat
1074 2016 1114 2041 se
1145 2002 1263 2040 dolori
1293 2003 1518 2053 perferendo

76 2058 173 2103 fore,
200 2058 296 2109 quod
324 2061 406 2097 eius
437 2062 753 2111 exspectationem
780 2060 919 2097 tulerit.
966 2059 1092 2097 Metus
1122 2059 1218 2095 enim
1249 2059 1517 2096 imminentium

77 2115 320 2152 acerbitatum
352 2115 608 2153 vehementius
636 2115 819 2154 interdum
851 2115 1019 2153 homines
1050 2114 1175 2159 afficit,
1208 2127 1313 2164 quam
1345 2127 1388 2151 ea
1420 2114 1516 2164 ipsa,

19 2195 27 2203 ,
77 2182 172 2219 quae
199 2171 389 2215 timentur,
427 2171 488 2208 ubi
522 2179 651 2222 postea
682 2173 935 2222 contigerunt.
994 2170 1140 2208 Pueros
1171 2168 1336 2206 videmus
1367 2169 1402 2205 in
1433 2181 1519 2206 ver-

77 2224 206 2262 berum
230 2233 327 2263 metu
349 2239 526 2276 nusquam
551 2228 763 2278 quiescere,
788 2239 964 2276 nusquam
986 2226 1210 2270 consistere,
1241 2224 1336 2261 velle
1360 2224 1517 2274 patriam

79 2286 117 2316 et
148 2287 322 2330 parentes
350 2281 586 2332 relinquere,
617 2283 679 2334 qui
709 2289 829 2320 tamen
859 2288 989 2332 postea
1016 2280 1204 2319 verberati
1231 2279 1514 2329 conquiescunt.

79 2334 173 2372 Vidi
214 2348 285 2386 ego
316 2344 481 2386 patrem,
524 2338 609 2388 qui,
651 2351 731 2375 cum
763 2338 994 2387 aegrotantis
1032 2337 1095 2373 filii
1137 2347 1252 2385 prope
1290 2333 1516 2383 deploratam

80 2391 234 2427 salutem
270 2403 354 2429 esse
384 2405 405 2428 a
435 2391 589 2430 medicis
621 2393 825 2439 audiisset,
857 2391 1063 2442 alligandus
1092 2391 1180 2435 fuit,
1212 2402 1258 2427 ne
1290 2389 1358 2426 sibi
1388 2402 1517 2426 manus

79 2445 259 2484 adferret.
319 2446 420 2484 Idem
457 2447 568 2485 hodie
607 2449 737 2486 multos
777 2449 848 2486 iam
879 2461 995 2484 annos
1029 2447 1102 2484 filio
1133 2451 1326 2496 superstes
1362 2451 1400 2482 et
1428 2445 1520 2482 vivit

80 2509 116 2538 et
148 2501 265 2539 hilare
293 2503 397 2539 vivit.
458 2502 514 2540 Ita
545 2504 780 2554 plerumque,
815 2515 908 2554 quae
939 2515 984 2539 ne
1014 2502 1212 2547 eveniant,
1246 2500 1516 2546 horrescimus,

80 2569 124 2594 ea
153 2569 234 2594 cum
266 2564 485 2605 evenerunt,
507 2560 793 2610 acquiescimus.
839 2557 925 2606 Qua
952 2556 998 2595 de
1022 2570 1063 2596 re
1087 2556 1364 2606 elegantissima
1394 2554 1518 2607 dispu-

154 2666 198 2701 zs)
219 2674 249 2695 v.
269 2667 331 2696 419
350 2675 398 2703 sq.

156 2714 225 2749 ³2³·2'02)
246 2715 316 2744 Vid.
335 2716 421 2751 virg.
439 2716 487 2744 ed.
505 2718 618 2752 Georg.
636 2717 773 2746 Fabricii
789 2724 815 2745 c.
829 2716 993 2746 comment.
1007 2713 1122 2744 Donati
1140 2715 1171 2742 et
1186 2712 1289 2742 Servii
1307 2711 1406 2741 Basil.
1426 2713 1518 2743 155¹.

81 2759 153 2787 pag.
173 2753 244 2781 411.
284 2755 318 2781 ln
340 2754 413 2782 edit.
436 2754 535 2783 Basil.
556 2755 632 2784 illud
654 2763 712 2789 ιντο
732 2756 839 2789 deest3
869 2756 918 2782 ed.
939 2755 1058 2782 Genev.
1081 2752 1170 2781 1656.
1192 2751 1296 2779 omnia
1323 2750 1387 2778 alio
1409 2751 1518 2781 ordine

82 2790 211 2819 exhibet
231 2793 262 2819 et
282 2794 444 2826 corrupte:
465 2795 497 2821 et
516 2793 562 2821 sic
582 2794 679 2823 etiam
699 2794 747 2823 ed.
769 2793 843 2822 Alb.
863 2792 953 2822 Lion.
975 2792 1063 2821 Tom.
1083 2791 1107 2819 1.
1126 2796 1198 2826 pag.
1219 2788 1289 2818 289.
1330 2790 1442 2819 Fausi.

155 2838 248 2875 ἥτεῑεϊέ)
267 2839 400 2870 Aeneia.
422 2841 474 2870 Vl.
496 2841 566 2871 105.

1540 1790 1604 1821 468
