1778 3096
198 1781 262 1813 3⁷0

285 144 367 188 354
848 141 973 183 VAR.
1007 142 1161 183 LECT.

286 255 479 309 republica
507 252 748 305 'scripserat,
792 265 860 291 cur
894 265 1024 291 eorum
1063 253 1220 292 alterum
1254 253 1482 293 Aristoteles
1521 253 1727 292 insectatus

286 320 363 359 est,
393 312 550 350 alterum
581 322 629 347 ne
658 309 861 347 nominavit
887 308 1064 359 quidem?
1094 322 1176 347 cum
1208 312 1428 361 praesertim
1458 308 1634 361 quosdam
1662 321 1731 346 no-

285 367 499 412 minaverit,
523 377 679 416 quorum
709 377 886 415 nusquam
915 365 1005 402 alibi
1030 365 1209 402 memoria
1237 372 1355 405 extat.
1403 365 1464 403 An
1489 363 1578 403 illud
1601 364 1729 402 verius

286 430 362 468 est,
395 433 442 459 ex
469 421 526 458 his
558 419 700 457 duobus
730 419 976 471 Hippodamis
1006 420 1163 458 alterum
1191 419 1336 467 Mileti,
1366 421 1539 465 alterum,
1573 426 1612 457 ut
1641 418 1730 456 Pal-

285 476 407 516 ladem
442 489 463 514 e
493 475 622 521 Iovis,
663 476 715 512 ita
752 487 799 513 ex
836 475 996 512 hominis
1037 474 1279 513 eruditissimi
1316 477 1474 514 cerebro
1511 475 1729 513 Florentiae

284 531 443 571 natum?
488 529 541 568 Et
569 529 671 568 addit
695 538 909 581 postremo:
946 532 1054 580 Quod
1080 537 1202 568 aulem
1225 533 1452 570 Aristoteles
1481 530 1728 581 signficavit,

283 601 391 633 eum,
436 600 540 637 quem
571 587 778 637 improbat,
811 588 999 624 Milesium
1016 585 1166 637 faisse,
1202 587 1340 636 putari
1365 587 1474 625 debet
1504 587 1544 624 id
1571 584 1726 635 secisse,

285 650 331 681 ut
357 644 613 692 distingueret
636 643 682 679 ab
713 643 835 679 altero
865 642 948 686 hoe,
972 642 1098 679 eodem
1126 642 1272 679 nomine
1298 649 1444 687 vocato,
1468 643 1726 691 Pythagoreo.

285 697 376 737 Non
404 696 529 744 video,
560 710 627 734 cur
662 698 714 733 ita
737 696 858 746 putari
888 696 1045 734 debeat:
1077 696 1210 733 multos
1240 697 1336 734 enim
1364 710 1386 734 a
1409 697 1527 746 patria
1549 697 1729 739 nominat,

284 754 399 792 etiam
437 752 500 790 ubi
545 753 636 790 nihil
675 764 767 802 opus
803 758 861 788 est
890 750 1152 789 distinctione:
1195 758 1234 788 ut
1265 764 1348 789 cum
1386 750 1478 790 dicit
1517 751 1680 804 Γοργίας
1710 747 1732 789 ὁ

284 811 503 854 Λεοντῖνος.
553 806 605 844 Et
635 806 731 844 libro
762 807 880 857 primo
895 805 942 856 ²⁴⁵)
975 820 1057 844 cum
1088 806 1199 844 dicit:
1232 801 1316 846 οἷον
1343 806 1410 846 καὶ
1436 804 1480 846 τὸ
1506 804 1637 846 Θάλεω
1662 808 1731 845 τοῦ

285 863 510 915 Μιλησίου,
550 875 622 900 non
652 863 808 912 opinor,
844 861 1037 900 Milesium
1068 860 1185 908 dixit,
1217 869 1259 898 ut
1290 875 1372 900 eum
1404 862 1450 900 ab
1481 863 1603 913 aliquo
1629 861 1732 900 Tha-

283 919 359 958 lete
404 919 536 957 Italico
577 916 838 968 distingueret.
910 918 1015 955 Illum
1054 917 1171 968 igitur
1204 912 1416 970 ὑπηνέμιον
1456 915 1732 970 Hippodamum

284 975 472 1013 omittam:
510 973 738 1024 pertinacius
768 971 1009 1011 contendenti
1039 973 1232 1010 occinam:

446 1038 524 1079 Σοὶ
550 1037 620 1091 μὲν
645 1041 764 1079 ταῦτα
792 1036 971 1079 δοκοῦντ’
1003 1038 1126 1089 ἐστὶν,
1155 1036 1239 1090 ἐμοὶ
1267 1036 1308 1078 δὲ
1336 1033 1424 1078 τάδε
1437 1035 1526 1093 ἢ).

773 1130 804 1169 C
834 1129 872 1168 A
903 1130 934 1168 P
963 1130 1001 1169 U
1028 1131 1063 1170 T
1118 1130 1246 1169 XIX.

283 1188 319 1226 D
348 1187 513 1226 litter-am
547 1186 700 1225 vocibus
729 1188 766 1225 in
802 1187 967 1225 vocalem
1008 1187 1262 1225 desinentibus
1299 1186 1508 1236 antiquitus
1544 1183 1730 1222 interdum

408 1242 505 1279 adde·
527 1243 692 1281 solitam.
752 1245 804 1281 El
829 1244 910 1280 eius
938 1243 1000 1279 ree·
1016 1244 1218 1293 proposita
1250 1243 1396 1292 aliquot
1421 1241 1606 1291 eaeemplcz.

282 1309 336 1368 Α
370 1340 533 1367 LATINIS
569 1328 759 1367 veteribus
807 1342 1030 1367 concursum
1062 1329 1243 1368 vocalium
1284 1341 1357 1366 non
1396 1327 1604 1366 amantibus
1648 1325 1731 1364 fieri

283 1397 399 1435 saepe
427 1385 600 1430 solitum,
644 1391 685 1421 ut
709 1384 861 1423 vocibus
893 1386 930 1422 in
969 1385 1134 1422 vocalem
1166 1383 1422 1421 desinentibus
1460 1382 1643 1421 adderent
1672 1382 1732 1419 lit-

282 1446 403 1478 teram
421 1436 593 1490 D**'i⁶),
621 1446 699 1476 tum
724 1441 898 1485 maxime,
924 1452 1006 1477 cum
1038 1440 1301 1489 subsequentis
1324 1440 1429 1476 vocis
1459 1439 1576 1489 prima
1605 1437 1732 1474 littera

282 1495 423 1534 vocalis
451 1500 570 1539 esset,
600 1500 727 1530 notum
758 1501 816 1531 est
844 1501 882 1531 et
912 1506 959 1531 ex
989 1494 1109 1531 Fabio
1123 1493 1200 1546 †)‚
1232 1500 1270 1530 et
1299 1506 1320 1531 e
1350 1494 1560 1544 fragmento
1591 1493 1733 1530 colum-

283 1562 355 1588 nae
385 1555 572 1587 rostratae
603 1547 651 1586 C.
679 1548 821 1585 Duillio
851 1549 1011 1599 positae,
1045 1548 1140 1600 quod
1173 1561 1194 1586 e
1226 1548 1308 1585 foro
1341 1547 1596 1600 superioribus
1626 1548 1733 1585 annis

284 1612 430 1643 erutum
468 1616 567 1642 nunc
607 1604 644 1640 in
677 1603 864 1655 Capitolio
902 1604 1050 1641 visitur.
1111 1603 1236 1655 Atque
1274 1602 1373 1641 idem
1401 1604 1637 1641 observatum
1674 1609 1734 1641 est

283 1661 322 1698 in
354 1658 554 1711 iungendis
585 1658 735 1705 verbis,
765 1666 806 1696 ut
835 1672 883 1696 ex
911 1672 954 1696 re
982 1666 1020 1697 et
1048 1672 1115 1705 eo,
1148 1659 1284 1697 redeo.-
1322 1671 1371 1697 ex
1398 1673 1441 1697 rc
1471 1665 1508 1696 et
1533 1672 1634 1705 emo,
1672 1671 1734 1696 re-

285 1717 406 1754 dimo:
439 1714 485 1753 ad
511 1713 745 1765 eundemque
772 1714 917 1752 modum
942 1715 1112 1764 plurima.
1166 1713 1243 1751 Sed
1275 1721 1314 1751 et
1337 1716 1530 1764 mderga,
1553 1715 1730 1764 tedet-ga,

285 1773 472 1821 sederga,
505 1771 558 1808 ad
584 1771 651 1807 scd
678 1783 768 1815 eas,
807 1770 859 1807 ita
890 1770 1108 1820 frequenter
1137 1768 1234 1820 apud
1263 1769 1435 1808 Plautum
1466 1770 1661 1820 leguntur,
1693 1775 1733 1806 ut

286 1827 427 1864 nemini
463 1826 593 1876 ignota
633 1837 719 1863 esse
751 1826 908 1875 possint.
970 1825 1224 1876 Superessent
1260 1831 1297 1862 et
1328 1825 1365 1863 in
1398 1825 1619 1876 posterioris
1647 1825 1733 1862 aevi

287 1881 535 1933 scriptoribus
572 1880 685 1918 multa
716 1881 798 1918 eius
828 1880 1110 1918 consuetudinis
1140 1880 1324 1931 vestigia,
1364 1881 1435 1918 nisi
1467 1893 1536 1931 per
1564 1893 1733 1918 errorem

287 1937 505 1975 oblitterata
532 1943 672 1974 essent.
730 1936 828 1973 Nam
861 1943 899 1973 et
927 1935 1022 1987 apud
1054 1935 1242 1973 Catullum
1258 1934 1342 1988 ††)
1379 1936 1488 1986 plane
1521 1937 1572 1973 ita
1600 1936 1732 1986 legen-

288 1991 398 2030 dum:
429 1995 488 2031 At
513 1998 554 2030 tu
580 1992 755 2029 Catulled
782 1991 992 2030 obstinatus
1016 1992 1179 2037 obdura,
1211 1990 1307 2042 quod
1336 2003 1385 2028 ex
1413 2004 1470 2029 me
1494 1991 1532 2028 in
1560 2003 1733 2028 sermone

287 2047 463 2085 familiari
492 2045 657 2084 auditum
688 2046 859 2097 probavit
887 2046 1111 2085 Turnebus:
1144 2054 1182 2084 et
1211 2045 1307 2097 apud
1331 2046 1529 2084 Horatium
1561 2045 1632 2084 due
1662 2047 1732 2084 loci

289 2109 376 2140 sunt
406 2102 514 2139 huius
534 2108 704 2139 vetustae
734 2101 1014 2139 consuetudinis
1044 2102 1280 2152 ignoratione
1312 2101 1518 2153 depravati.
1569 2102 1666 2141 Nam
1695 2109 1734 2140 ct

287 2157 384 2196 libro
413 2158 525 2196 tertio
557 2156 772 2195 Carminum
788 2156 930 2209 †††),
961 2157 1023 2194 ubi
1055 2157 1167 2207 vulgo
1196 2163 1267 2202 est,

841 2234 929 2267 voS,
963 2223 985 2258 ὃ
1008 2224 1128 2272 pueri
1150 2229 1189 2261 et
1209 2223 1361 2272 puellae

565 2279 645 2317 Iam
673 2278 793 2316 virum
818 2283 1022 2326 expertae,
1056 2278 1154 2315 male
1184 2279 1360 2316 ominales

840 2333 994 2370 Parcite
1022 2332 1145 2370 verbis
1153 2349 1170 2379 3

290 2410 338 2436 ex
374 2409 447 2449 quo
486 2397 549 2436 alii
588 2398 784 2447 fecerunt,
834 2399 932 2437 male
972 2400 1200 2437 nomz'natz‘s:
1246 2398 1414 2450 plerique
1455 2404 1604 2437 veteres
1648 2398 1732 2437 libri

364 2495 409 2531 ³2³)
430 2503 499 2531 cap.
521 2497 572 2526 11.

363 2544 433 2578 -έε-κε)
454 2544 579 2574 Dictum
598 2543 700 2573 Eveni
718 2543 808 2574 Parii
826 2543 859 2573 in
873 2543 1025 2575 Brunckii
1043 2544 1193 2575 Analect.
1214 2546 1302 2575 Tom.
1320 2547 1344 2575 1.
1365 2552 1437 2582 pag.
1455 2545 1526 2576 164.
1553 2545 1585 2574 in
1603 2547 1730 2576 Jacobs.

289 2581 420 2611 Anthol.
442 2583 494 2610 Gr.
515 2583 604 2610 Tom.
624 2583 648 2611 1.
670 2589 741 2618 pag.
761 2583 813 2612 97.
832 2585 886 2612 111.
906 2590 939 2611 v.
959 2582 991 2612 4.

364 2629 460 2665 {³1:02³}
481 2629 528 2660 cf.
549 2630 633 2660 infra
652 2630 706 2659 lib.
726 2632 810 2661 XIX.
829 2638 898 2666 cap.
919 2631 949 2660 7.

365 2675 413 2715 ᾧ)
434 2680 509 2707 Inst.
532 2679 583 2707 Or.
605 2678 660 2709 lib.
676 2681 699 2707 Ι.
720 2686 788 2715 cap.
804 2680 832 2708 7.
853 2680 885 2714 ς.
903 2680 952 2708 12.
973 2678 1025 2708 uhi
1046 2679 1188 2709 additur:
1210 2681 1291 2715 quod
1309 2679 1504 2716 manifestum
1520 2681 1567 2710 est
1582 2681 1673 2709 etiam
1691 2688 1733 2710 esc

290 2714 431 2745 columna
450 2717 601 2753 rostrata,
623 2724 702 2752 quae
720 2719 767 2746 est
788 2719 821 2747 Ο.
841 2718 964 2746 Duellio
984 2719 1016 2745 2¹11
1033 2717 1108 2752 foro
1128 2719 1239 2753 posita.

290 2762 439 2830 obdussg]
467 2764 573 2795 Catm.
592 2766 675 2796 Vllt.
696 2768 780 2796 extr.
819 2765 965 2802 Sittigius
991 2768 1024 2796 et
1043 2766 1223 2797 Weberus:
1255 2767 1297 2797 Al
1315 2767 1364 2805 tn,
1398 2766 1536 2802 Catulle,
1565 2767 1733 2797 destinatus

365 2846 468 2889 †††)
488 2849 539 2889 14,
561 2849 602 2881 1⁰
619 2857 687 2887 sqq-
