1726 3106
107 1957 170 1987 262

206 106 290 149 250
375 106 379 110 ’
768 104 897 145 VAR.
930 104 1085 145 LECT.

206 218 283 257 filio
311 215 519 264 blanditur,
552 222 704 254 veretur
731 227 815 253 eum
844 213 1034 279 claudum,
1067 223 1106 254 ut
1135 224 1237 263 erat,
1273 230 1433 269 voear03
1474 218 1570 270 quod
1600 233 1646 258 ea

205 287 269 312 res
302 274 403 312 nullo
432 273 538 310 modo
574 271 619 309 ad
649 271 958 322 vituperationem
990 272 1106 322 ipsius
1138 275 1346 323 pertineat,
1390 286 1510 325 neque
1543 275 1647 327 quid-

206 342 310 380 quam
342 329 388 366 de
420 328 598 378 dignitate
627 328 744 378 ipsius
775 326 962 364 deiraham
1005 324 1145 376 οὕτως,
1172 329 1310 379 inquit,
1331 326 1506 379 Ι’Όμηρος
1535 346 1647 369 κατα-

203 385 300 450 γελᾷ
321 387 396 423 τῶν
426 381 706 434 αἰσχυνομένων
734 380 797 420 ἐπὶ
815 378 993 433 χωλότητι
1019 379 1046 433 ἢ
1070 380 1274 449 τυφλότητι
1290 385 1362 435 ἢ),
1392 381 1478 423 ου’τε
1501 382 1646 435 ψεκτὸν

203 436 416 505 ἡγούμενος
446 435 489 477 τὸ
531 435 582 489 μὴ
613 434 790 490 αἰσχρὸν,
834 434 919 476 οὔτε
957 434 1112 488 αι’σχοὸν
1147 435 1189 477 τὸ
1225 436 1275 490 μὴ
1308 437 1357 478 δι’
1394 436 1514 490 ἡμᾶς,
1559 437 1640 480 ἀλλ’

204 492 280 534 ἀπὸ
308 492 422 545 τύχης
451 491 661 546 γινόμενον.
718 493 936 544 Eodemque
966 493 1073 530 modo
1103 493 1229 531 Attius
1259 496 1293 531 in
1323 495 1530 533 Philocteta
1546 495 1643 548 Μ),

204 563 311 599 quem
345 551 442 588 Ulixi
474 549 719 587 blandientem
749 548 970 594 induxerat,
1011 547 1057 586 ab
1085 561 1130 586 eo
1160 547 1195 586 id
1225 553 1507 589 commemorati
1538 552 1641 598 facit,

203 605 352 643 Ulixem
383 606 584 643 formosum
614 618 686 642 non
717 616 818 642 esse.

477 683 646 727 Inclate,
675 694 797 731 parva
821 682 998 732 praedite
1013 680 1165 732 forma,

477 740 636 777 Nomine
666 737 829 781 celebri,
866 738 1045 786 claroque
1066 744 1200 787 polens

478 795 654 837 Pectore,
685 793 843 829 Achivis
873 791 1058 829 elassibus
1089 793 1240 839 ductor,

483 849 619 886 Gravis·
647 847 854 885 Dardaniis
879 847 1057 897 gentibus
1088 849 1202 893 ultor,

477 903 696 942 Laertiade.

200 978 276 1017 Ubi
315 979 423 1017 etiam
467 979 556 1018 illud
586 985 736 1026 notant,
777 977 871 1030 quod
911 979 1027 1030 patris
1068 991 1200 1017 nomen
1241 979 1278 1016 in
1317 978 1481 1016 ultimum
1524 978 1642 1016 locum

201 1035 382 1072 reiecerit
397 1034 528 1084 ***):
568 1037 652 1086 quia
692 1035 727 1072 in
769 1035 936 1072 laudibus
974 1048 1187 1084 magnorum
1217 1036 1378 1072 virorum
1419 1041 1643 1084 postremum

200 1090 319 1128 locum
359 1092 511 1141 generis
541 1092 714 1129 nobilitas
753 1097 899 1127 teneat:
943 1103 987 1128 ea
1023 1097 1144 1127 autem
1183 1090 1348 1140 posuerit
1385 1090 1503 1140 primo
1543 1090 1641 1135 loco,

200 1158 294 1195 quae
333 1147 448 1197 ipsius
484 1147 607 1185 Ulixis
647 1146 793 1195 propria
833 1153 982 1183 essent:
1036 1146 1073 1183 in
1113 1145 1243 1196 quibus
1283 1144 1372 1182 nihil
1415 1145 1485 1182 sibi
1522 1157 1642 1196 neque

198 1200 388 1251 Laertes,
414 1215 533 1253 neque
563 1202 761 1248 Anticlea,
794 1214 915 1253 neque
941 1201 1115 1239 Acrisius
1144 1201 1363 1239 vindicaret.

707 1325 994 1365 CAPUT
1049 1324 1128 1364 XI.

201 1407 309 1457 Quod
337 1406 382 1443 de
405 1407 581 1456 Scipione
608 1412 646 1444 et
666 1407 796 1444 Laelio
826 1405 967 1441 dietum
996 1410 1068 1450 est,
1099 1404 1195 1441 idem
1227 1403 1272 1440 (Ie
1303 1402 1447 1441 duobus
1476 1404 1644 1454 antiquis

280 1462 514 1512 Philosophia
546 1462 682 1499 dictum
712 1473 805 1498 esse.
867 1461 1055 1508 Diogenes
1088 1460 1265 1497 Laertius
1296 1460 1388 1497 locis
1418 1460 1562 1510 aliquot

804 1516 1031 1553 illustratus.

197 1594 418 1652 Smpmms
470 1620 508 1651 et
549 1612 671 1650 Laelii
725 1612 887 1649 amicitia
926 1612 1064 1649 nemini
1115 1612 1242 1662 ignota
1287 1624 1374 1649 esse
1425 1612 1568 1663 paulum
1585 1611 1638 1665 †)

196 1670 304 1708 modo
335 1669 542 1707 humaniori
569 1675 704 1719 potest.
755 1667 848 1705 Cum
877 1674 998 1705 autem
1026 1674 1237 1718 praestaret
1262 1668 1448 1718 sapientia
1469 1667 1638 1714 Laelius,

195 1740 242 1764 ex
273 1740 343 1777 qna
376 1727 485 1763 etiam
524 1725 559 1762 ei
589 1736 795 1774 cognomen
825 1723 979 1760 inditum
1017 1723 1133 1759 fuisse
1168 1730 1290 1760 notum
1330 1730 1412 1761 est:
1453 1724 1545 1760 nihil
1575 1723 1641 1761 ad·

194 1781 340 1819 modum
369 1781 405 1818 in
435 1780 626 1832 republica
658 1779 840 1829 gerebat,
880 1778 971 1815 nihil
1003 1778 1245 1823 moliebatur,
1288 1779 1381 1816 nihil
1413 1779 1640 1829 suscipiebat

195 1837 349 1888 Scipio,
381 1837 452 1874 nisi
483 1835 529 1874 de
559 1835 717 1873 consilio
748 1841 785 1872 et
815 1834 1000 1872 sententia
1026 1833 1161 1870 Laelii.
1220 1832 1331 1872 Unde
1361 1834 1422 1886 qui
1452 1841 1514 1871 aut
1544 1835 1638 1872 tales

193 1894 295 1930 viros
326 1893 423 1929 inter
457 1904 498 1929 se
537 1891 796 1936 committere,
837 1896 900 1927 aut
939 1888 985 1927 de
1011 1888 1199 1939 Scipionis
1236 1890 1355 1940 gloria
1394 1888 1532 1939 aliquid
1570 1889 1638 1927 de-

194 1955 321 1986 terere
338 1946 422 1999 ††)
471 1959 513 1984 ac
552 1946 771 1984 deminuere
811 1945 1010 1990 volebant,
1061 1951 1224 1982 actorem
1267 1944 1375 1982 modo
1415 1958 1501 1983 esse
1519 1944 1636 1997 †††)

193 2003 343 2040 aiebant
374 2003 605 2052 Scipionem,
637 2000 703 2039 sed
723 2000 891 2038 Laelium
923 2003 1082 2051 poetam.
1136 1998 1279 2037 Eadem
1309 2008 1431 2038 autem
1459 2001 1638 2038 orationis

193 2059 311 2109 ligura
350 2056 485 2094 dictum
526 2058 636 2107 vulgo
672 2063 753 2093 erat
791 2063 829 2093 et
866 2063 975 2093 antea
1012 2054 1058 2092 de
1096 2053 1237 2092 duobus
1278 2055 1540 2094 eruditissimis
1573 2056 1638 2093 ho-

192 2114 367 2158 minibus,
397 2111 611 2149 Eretriensi
642 2110 869 2148 Menedemo
899 2118 937 2148 et
961 2109 1204 2160 Asclepiade.
1253 2110 1326 2157 Qui
1357 2124 1437 2148 euin
1467 2112 1567 2148 inter
1595 2124 1636 2149 se

192 2170 243 2207 ita
261 2169 459 2206 coniuncte
480 2166 895 2217 viverent‚uthladea
921 2164 1099 2216 quaedam
1123 2178 1207 2202 esse
1228 2166 1391 2217 ipsorum
1415 2166 1575 2203 amicitia
1587 2164 1633 2218 ᾗ)

190 2231 399 2276 putaretur,
433 2229 605 2273 essetque
636 2220 883 2272 Asclepiades
914 2227 1001 2257 natu
1031 2219 1230 2271 grandior:
1265 2235 1339 2259 non
1369 2220 1542 2270 deerant,
1572 2222 1635 2273 qui

263 2338 307 2373 -:·,:-)
328 2337 424 2372 Apud
444 2338 648 2366 Plutarchum
668 2334 816 2364 scribitur
836 2327 899 2362 ἐπὶ
918 2327 1123 2373 χωλότησιν
1146 2327 1167 2372 ἢ
1193 2328 1428 2375 τυφλότησιν.

266 2403 308 2412 ,,,,,,
280 2387 330 2421 --·’·’)
353 2387 413 2420 Ap
435 2384 583 2419 Appulei
612 2384 651 2412 de
679 2384 737 2411 deo
759 2384 902 2412 Socratis
925 2387 1012 2413 '¹.101n
1030 2387 1067 2413 ll.
1093 2387 1249 2419 pag.117.
1273 2387 1321 2415 ed.
1341 2388 1470 2415 Altenb.
1492 2388 1577 2416 'I'om
1595 2389 1635 2418 n.

187 2425 345 2462 pag.176
367 2424 415 2451 ed
438 2423 577 2451 Oudend.
599 2421 650 2450 ubi
671 2421 802 2455 legitur:
823 2430 922 2456 paria
941 2431 988 2456 pt
997 2424 1102 2450 orlite
1121 2425 1225 2457 putria
1314 2425 1465 2453 classibus
1483 2427 1633 2454 auctor.

187 2462 304 2493 Faesio
333 2461 365 2489 hi
387 2468 502 2488 versus
530 2463 603 2488 sunt
624 2466 716 2493 anap.
738 2460 943 2493 monometri‚
973 2461 1054 2488 unde
1075 2461 1169 2488 scribi
1190 2463 1313 2490 mavult
1342 2463 1495 2497 classibu’‚
1523 2464 1632 2498 yravz‘,

186 2502 327 2538 yentz‘bu’.
367 2499 438 2528 viu
459 2497 767 2526 BomiiPoet.lat.
790 2499 1118 2532 Scen.Fragin.v01
1140 2501 1162 2527 1.
1185 2506 1255 2534 pag.
1277 2501 1348 2528 235.
1369 2503 1399 2529 et
1420 2507 1492 2535 pag.
1514 2502 1585 2530 153.

264 2547 357 2583 >isle-23³)
379 2549 413 2576 ut
433 2545 611 2580 Appuleius
630 2546 653 2573 l.
675 2551 700 2572 c.
720 2546 893 2574 Novissime
912 2548 1031 2579 patrem
1051 2549 1207 2576 memorat.

292 2597 310 2632 )
337 2594 495 2625 Adiunxit
521 2595 664 2622 Muretus
693 2594 909 2627 comparativo
938 2595 1011 2622 adv.
1031 2596 1174 2632 paulum,
1205 2596 1286 2630 quod
1306 2596 1566 2631 reprehendimus
1593 2597 1632 2625 ad

188 2635 242 2664 lib
262 2636 331 2663 Vll.
359 2640 427 2667 cap.
451 2633 498 2660 15.
519 2631 585 2658 init.
625 2630 688 2658 Sed
716 2634 844 2665 propter
869 2639 1008 2667 sequeus
1036 2634 1126 2661 modo
1155 2635 1187 2663 et
1211 2633 1262 2662 liic
1288 2637 1320 2663 et
1346 2641 1444 2670 supra
1463 2635 1634 2664 suavitatis

189 2673 348 2709 quandam
367 2669 439 2698 soni
460 2669 699 2698 excusationem
718 2669 824 2699 hahet.

263 2718 338 2757 ἠγ)
359 2718 431 2747 vid.
452 2718 492 2746 ad
512 2718 610 2747 lib.1.
630 2724 699 2752 cap.
718 2717 749 2746 6.

266 2771 367 2811 ἡ-ῐ--Η
388 2771 460 2801 Vid.
481 2773 640 2801 Plutarch.
661 2766 820 2800 Πολιτικ.
846 2767 1076 2812 παραγγελμ.
1105 2780 1177 2809 pag.
1196 2773 1268 2804 806.
1289 2774 1330 2804 Α.
1369 2775 1480 2803 Pausi.

268 2821 311 2856 κε)
333 2821 399 2852 Cic.
420 2821 458 2850 de
480 2820 547 2850 Fin.
566 2820 621 2851 lib.
641 2822 681 2851 11.
700 2828 770 2858 cap.
790 2821 841 2853 26.
862 2822 895 2858 S.
915 2822 966 2853 5⁴,
