1726 3106
113 403 175 434 162

113 2416 175 2448 163

199 113 281 158 154
760 113 888 153 VAR.
920 111 1075 152 LECT.

200 239 290 266 cero
328 226 424 274 (eius
452 225 549 263 enim
580 236 713 261 caussa
744 222 837 262 hacc
862 229 1033 274 suscepta
1068 229 1106 260 et
1136 223 1300 261 instituta
1330 223 1448 261 oratio
1478 223 1556 276 est)
1584 225 1634 263 ita

199 282 271 321 hac
300 280 347 320 de
385 293 426 319 re
461 280 645 331 loquitur:
691 280 788 318 Num
828 280 929 330 quod
964 280 1119 324 dicunt,
1158 281 1281 316 omnia
1317 292 1357 316 so
1395 280 1549 317 credere
1582 284 1632 326 εί,

199 351 306 389 quem
335 335 644 386 z'udz'oentsaz'sse
669 336 895 385 sapientem.-
928 334 1151 384 probarem,
1181 335 1220 370 se·
1242 335 1283 372 id
1311 336 1429 385 ipsum
1454 336 1568 372 rudes
1598 343 1636 373 et

200 394 347 431 indocte·
374 392 544 429 iudicare
566 392 792 441 potuissent.
852 392 1030 428 Statum-e
1059 390 1178 433 enim,
1211 392 1279 439 qui
1302 392 1354 428 sit
1379 391 1550 439 sapiens,
1580 392 1641 428 vel

199 449 362 487 maaez'me
392 447 540 484 videtur
564 459 643 483 esse
670 447 862 496 sapientis.
922 446 998 483 Sed
1026 451 1070 482 ut
1087 452 1306 494 potuerunt,
1339 445 1506 482 omnibns
1526 446 1637 483 rebus

199 504 362 547 auditis,
402 503 563 551 cognitis
592 502 703 539 eliam
732 503 962 552 reliquorum
992 501 1206 544 sententiis,
1245 501 1528 538 iudicaverunt.-
1571 507 1637 538 aut

199 572 243 597 re
269 557 386 595 semel
419 558 552 594 audita
589 558 640 594 ad
668 558 779 594 um‘us
817 570 856 593 se
885 556 1152 593 auctoritatem
1180 557 1430 593 contulerunt.
1489 554 1551 592 Ex
1580 555 1637 592 his

198 613 396 666 postremis
432 612 557 650 verbis
593 625 675 649 cum
713 618 934 662 appareret,
982 617 1045 648 aut
1084 609 1216 646 nullam
1257 612 1482 648 sententiam
1523 610 1635 657 effici,

198 675 262 708 aut
292 681 388 714 cam,
421 680 515 718 quae
545 667 700 718 quodam
733 666 841 704 modo
871 679 950 703 cum
982 666 1098 717 ipsius
1120 664 1316 703 Ciceronis
1346 673 1468 704 mente
1500 679 1638 717 pugna-

199 731 280 763 ret:
323 725 442 761 visum
467 730 527 761 est
558 723 696 760 homini
726 722 1001 766 eruditissimo,
1039 728 1076 758 et
1106 721 1241 771 alioqui
1271 722 1306 758 in
1336 720 1510 759 sanandis
1540 722 1640 759 eius-

198 779 299 818 modi
321 779 536 818 vulneribus
560 778 778 816 felicissimo
792 777 861 830 ἕ),
888 778 939 814 ita
960 777 1034 827 legi
1060 775 1220 813 debere:
1252 778 1332 815 Sed
1350 783 1393 814 ut
1414 784 1638 827 potuerunt,

199 836 368 876 omnibus
396 835 510 873 rebus
536 835 700 879 auditis,
740 834 901 883 cognitis
929 834 1039 870 etiam
1073 833 1304 882 reliquorum
1333 834 1547 878 sententies,
1581 834 1638 870 iu-

198 892 357 929 dicare.-
402 892 481 937 ita,
522 903 565 927 re
594 890 711 927 semel
734 890 887 933 audita,
924 887 976 925 ad
1003 888 1112 925 unius
1140 900 1180 924 se
1217 888 1481 924 auctoritatem
1511 894 1640 925 contu·

198 947 338 985 lerunt.
408 945 529 993 Quam
565 957 636 994 ego
676 944 951 981 correctionem
991 955 1037 979 eo
1077 942 1235 993 probare
1275 941 1495 988 deterreor,
1545 941 1641 992 quod

197 1000 354 1046 Cicero,
383 1001 413 1038 si
442 1001 493 1037 ita
522 1000 705 1050 legamus,
737 999 847 1036 fateri
876 997 1081 1042 videbitur,
1111 1010 1176 1034 eos
1198 1003 1299 1034 tanta
1329 996 1375 1034 de
1405 1010 1446 1035 re
1476 996 1642 1035 iudicare

196 1057 388 1108 potuisse,
432 1056 464 1092 si
496 1057 658 1092 omnium
689 1055 894 1092 sententias
930 1053 1152 1091 audiissent.
1211 1051 1265 1089 At
1291 1051 1403 1089 rudes
1435 1059 1473 1089 et
1504 1052 1642 1090 indocti

197 1118 319 1150 erant.
377 1110 462 1149 Non
486 1111 599 1161 igitur
622 1116 810 1161 poterant,
841 1121 887 1146 ne
909 1108 1044 1146 auditis
1071 1106 1217 1158 quidem
1243 1114 1280 1145 et
1301 1108 1458 1157 cognitis
1482 1109 1642 1146 omnium

197 1167 409 1213 sententiis,
441 1165 585 1204 iudices
607 1165 731 1203 idonei
761 1178 862 1203 esse.
919 1164 1107 1212 Quocirca
1129 1164 1200 1201 alio
1227 1161 1336 1200 modo
1351 1162 1421 1215 *ἢ
1449 1164 1643 1214 corrigen-

197 1222 281 1260 dum
313 1223 498 1259 arbitror.-
542 1234 674 1272 nempe
705 1222 777 1266 ita,
817 1228 856 1257 ut
888 1232 955 1270 pro
978 1225 1190 1271 potuerunt
1224 1219 1388 1268 legamus
1419 1220 1639 1269 potuerint.-

196 1291 266 1330 pro
297 1278 359 1314 illo
398 1283 465 1314 aul
494 1276 757 1313 substituamus
795 1289 865 1312 non
903 1277 981 1318 ila,
1025 1273 1091 1312 sed
1124 1287 1198 1311 un.-
1239 1280 1351 1310 totam
1383 1280 1505 1311 autem
1542 1286 1643 1311 com-

196 1333 487 1385 prehensionem
519 1329 787 1381 interrogando
827 1329 1024 1368 efferamus
1053 1328 1099 1366 ad
1130 1329 1226 1366 hune
1257 1328 1425 1366 modum:
1467 1330 1565 1376 Sed,
1601 1338 1646 1369 ut

191 1389 411 1440 potuerint.-
444 1387 612 1425 omnibus
643 1387 756 1425 rebus
784 1386 939 1430 auditis,
971 1385 1131 1434 cognitis
1160 1386 1271 1421 etiam
1302 1385 1530 1435 reliquorum
1559 1399 1644 1423 sen-

200 1445 327 1482 tenties
355 1443 599 1488 iudicarunt,
641 1455 715 1488 an,
748 1454 790 1479 re
818 1442 936 1478 semel
961 1441 1114 1484 audita,
1146 1440 1198 1476 ad
1226 1442 1336 1478 unius
1365 1453 1406 1477 se
1435 1443 1644 1479 auctorita-

199 1507 271 1538 tem
305 1498 571 1536 contulerant?
627 1497 682 1534 lta
718 1496 817 1533 enim
861 1494 1004 1532 duobus
1042 1492 1159 1532 modis
1200 1507 1328 1532 eorum
1368 1493 1545 1532 iudicium
1585 1510 1645 1535 re-

197 1552 467 1606 prehendetur.
535 1551 646 1599 Quod
687 1563 806 1601 neque
853 1549 1021 1587 iudicare
1063 1556 1288 1599 potuerunt,
1337 1562 1418 1587 cum
1457 1549 1570 1588 rudes
1608 1559 1646 1590 et

198 1609 340 1648 indocti
371 1615 521 1646 essent:
556 1614 617 1653 et,
650 1613 690 1644 ut
718 1619 784 1643 eos
814 1606 981 1656 potuisse
1013 1603 1141 1641 demus
1173 1605 1238 1656 (ea
1268 1605 1365 1643 enim
1396 1605 1452 1643 vis
1479 1606 1577 1644 inest
1606 1608 1645 1645 in

198 1665 258 1703 his
295 1663 421 1702 verbis
462 1670 503 1701 ut
535 1661 778 1713 potuerint),
819 1674 892 1698 non
929 1667 1052 1697 tamen
1083 1667 1338 1710 cognoverunt
1368 1661 1528 1698 omnium
1559 1674 1646 1700 sen-

198 1721 357 1758 tentias:
399 1717 464 1757 sed
494 1718 632 1755 indicta
670 1729 802 1755 caussa
841 1714 1098 1753 condemnatis
1129 1716 1211 1753 aliis
1248 1717 1354 1754 unius
1385 1718 1645 1755 auctoritatem

199 1782 284 1813 sunt
315 1775 447 1813 secuti.
498 1773 559 1812 De
588 1772 700 1811 rebus
730 1779 851 1810 autem
883 1784 1002 1822 neque
1033 1769 1169 1809 auditis
1200 1784 1320 1823 neque
1350 1772 1512 1823 cognitis
1542 1780 1646 1812 recte

199 1830 366 1870 iudicare
400 1843 509 1868 nemo
539 1828 740 1882 quamlibet
769 1828 919 1879 sapiens
947 1828 1080 1879 possit.

683 1946 971 1988 CAPUT
1032 1945 1162 1985 XIX.

362 2029 557 2067 Ciceronis
588 2028 694 2065 locus
723 2040 773 2065 ex
799 2028 992 2071 Isocrate,
1021 2031 1065 2064 ut
1089 2025 1259 2072 videtur,
1291 2025 1476 2065 imitatus.

198 2107 433 2165 ISOCRATES
469 2139 551 2164 cum
580 2124 783 2175 Euagorae
825 2124 1074 2163 laudationem
1115 2122 1162 2161 ad
1190 2123 1386 2162 Nicoclem
1418 2126 1498 2163 eius
1528 2126 1643 2166 filium

200 2183 389 2229 mitteret,
432 2181 614 2233 principio
647 2194 736 2218 usus
776 2187 833 2218 est
869 2179 1102 2230 pereleganti
1138 2178 1316 2231 valdeque
1354 2179 1400 2217 ad
1438 2181 1644 2221 ornandum

201 2252 246 2277 ac
276 2236 603 2276 commendandum
635 2249 766 2274 munus
807 2248 910 2272 suum
943 2232 1233 2272 accommodam.
1294 2234 1433 2273 Putare
1472 2239 1570 2275 enim
1600 2251 1643 2277 se

202 2293 321 2340 dixit,
353 2294 384 2331 si
415 2294 497 2344 quis
527 2305 677 2337 eorum,
711 2303 804 2342 quae
842 2290 902 2328 hic
933 2291 1047 2334 fiunt,
1079 2303 1210 2327 sensus
1242 2287 1289 2327 ad
1317 2297 1482 2329 mortuos
1510 2306 1643 2344 perve-

203 2351 326 2395 niret,
358 2348 451 2386 nihil
481 2360 594 2399 posse
621 2348 693 2398 ipsi
726 2346 925 2396 Euagorae
955 2344 1126 2383 accidere
1156 2346 1338 2395 optatius,
1377 2359 1484 2397 quam
1514 2356 1554 2386 ut
1581 2362 1644 2387 res

204 2405 249 2443 ah
286 2405 368 2456 ipso
400 2403 593 2454 praeclare
631 2415 676 2441 ac
706 2403 855 2440 fortiter
883 2409 1014 2451 gestae
1053 2401 1260 2450 eloquentis
1300 2402 1453 2441 alicuius
1485 2404 1644 2442 hominis

202 2473 319 2506 voce,
360 2466 400 2497 ut
436 2459 601 2510 ipsarum
644 2458 808 2509 dignitas
840 2463 1038 2509 posceret,
1077 2456 1374 2495 celebrarentur.
1440 2457 1529 2498 Non
1565 2466 1647 2498 erat

279 2566 322 2604 *J
341 2568 444 2598 Paulo
464 2567 618 2596 Manutio.
657 2565 728 2596 Vid.
750 2566 851 2601 Epist.
870 2567 979 2596 Lamb.
999 2567 1019 2595 1.
1039 2567 1062 2596 1.
1083 2575 1154 2604 pag.
1174 2568 1247 2598 401.
1287 2571 1399 2598 Pausi.

277 2616 347 2651 ὅτε-κε)
374 2616 479 2645 Aliter
508 2614 655 2643 emendat
682 2615 854 2643 Lambinus
879 2616 899 2643 l.
921 2623 946 2643 c.
978 2622 1047 2649 pag,
1069 2616 1140 2646 401.
1180 2618 1218 2645 D.
1239 2619 1276 2646 R.
1305 2632 1342 2638 -
1382 2615 1519 2645 Orellius
1545 2617 1645 2645 totum

202 2657 306 2685 locum
325 2654 372 2682 sic
391 2653 569 2682 coustituit:
597 2654 693 2688 Nam,
716 2654 798 2688 quod
815 2654 920 2680 dicunt
940 2655 1114 2691 omnino,
1136 2662 1171 2682 se
1191 2657 1319 2683 credere
1338 2656 1383 2691 εἰ,
1407 2661 1493 2688 quem
1513 2654 1646 2681 indicent

201 2694 302 2728 fuisse
319 2692 503 2727 sapiente2123
523 2692 699 2725 probarem,
720 2691 747 2718 εἰ
766 2691 798 2718 id
813 2691 911 2723 ipsum
930 2692 1024 2718 rudes
1043 2694 1072 2719 et
1085 2693 1200 2720 indocti
1218 2694 1356 2721 iudicare
1373 2692 1542 2727 potuissent
1557 2691 1646 2727 (sm-

203 2733 292 2759 tuere
311 2731 406 2764 enim,
434 2729 485 2764 qui
505 2730 545 2756 sz‘c
564 2729 700 2763 sapiens,
731 2728 779 2756 vel
799 2729 932 2756 maxime
950 2729 1072 2756 videtur
1091 2737 1158 2757 ess-e
1185 2731 1334 2765 sapientis
1332 2731 1375 2766 ).-
1404 2731 1427 2755 ³7<
1440 2729 1494 2756 sed
1520 2729 1553 2756 ut
1577 2736 1645 2762 po-

203 2767 372 2802 tuerint,
402 2767 639 2801 potuerunt,
671 2766 808 2794 omnibus
828 2767 920 2794 rebus
940 2768 1071 2800 auditis,
1099 2769 1229 2802 cognitis
1248 2769 1338 2796 etiam
1362 2767 1554 2801 reliquorum
1572 2772 1646 2793 sen-

203 2806 324 2870 τεεηῑϋει.ο
353 2805 569 2833 iudicaverunt
593 2804 720 2833 autem
745 2810 782 2832 re
800 2804 893 2833 semel
920 2805 1027 2834 audita
1055 2805 1176 2840 atque
1201 2806 1243 2835 aa
1260 2807 1351 2835 ultius
1375 2812 1410 2834 se
1432 2804 1646 2832 auctoritatem

203 2843 297 2872 contu
311 2843 410 2871 erunt.
