1778 3096
241 130 324 173 454
349 180 351 182 ,
798 131 930 173 VAR.
961 130 1119 173 LECT.

156 246 219 276 478
243 241 449 280 stratonici
485 239 597 279 dictis
631 253 765 280 versus
803 242 899 282 male
934 244 1045 294 vulgo
1076 257 1144 295 pro
1185 243 1304 283 soluta
1339 246 1511 283 oratione
1550 247 1688 297 accipi.

162 2194 224 2226 479

244 298 447 337 Subiiciam
487 304 609 335 autem
647 303 686 334 et
721 310 817 347 quae
857 300 1019 337 citantur
1053 311 1074 336 e
1103 300 1199 338 libro
1238 301 1356 351 primo
1391 300 1577 340 Chai-ielis
1605 301 1692 355 περὶ

243 355 314 392 τοῦ
351 349 508 392 ἆστικοῦ
554 349 704 404 ἀγῶνος
725 352 797 406 ³54),
846 362 886 392 ut
924 356 962 393 in
1012 356 1203 393 veteribus
1244 356 1347 393 libris
1393 357 1567 407 leguntur
1589 355 1688 410 Ἠὸ).

246 409 417 459 quoniam
450 420 494 444 ea
525 407 636 445 aliter
666 408 711 444 ab
740 410 824 447 aliis
859 417 1001 448 tentata
1031 410 1163 448 video:
1211 387 1451 461 Γυμνωωὺςυ
1455 410 1494 451 δὲ
1527 409 1691 465 ἀγῶνας,

246 463 336 515 ἔφη,
363 461 639 502 διατιθέτωσαν
657 460 820 515 Ἠλεῖοι,
846 467 1056 518 Κορίνθιοι
1083 465 1124 505 δὲ
1145 463 1393 516 θυμελικοὺς,
1416 465 1625 519 Ἀθηναῖοι
1652 466 1693 507 δὲ

247 514 464 569 σκηνικούς.
504 518 540 558 εἴ
572 534 629 565 τις
655 517 799 560 τούτων
833 520 1090 590 πλημμελοίη,
1125 519 1473 589 μαστιγούσθωσαν
1501 523 1694 563 Λακεδαι-

247 570 397 625 μόνιοι,
434 571 681 614 ἐπισκώπτων
716 592 785 623 τας
819 575 908 629 παρ’
951 574 1081 624 αὐτοῖς
1116 592 1231 630 αγομε
1224 576 1303 623 ’νας
1336 576 1592 631 μαστιγώσεις.
1649 579 1694 616 Iu

248 630 311 666 illa
343 630 453 679 longa
488 630 645 667 historia
675 631 819 683 Diphili
858 632 903 669 de
933 633 1122 683 piscibus,
1165 633 1227 669 ubi
1256 632 1301 669 nil
1336 633 1522 672 Bacchum
1553 635 1694 685 piscem

247 692 398 722 ventum
433 692 511 729 est,
543 686 593 723 ita
625 694 682 724 est
711 688 747 725 in
779 688 884 725 libris
912 689 1069 725 vetustis
1085 684 1209 738 εἦε).
1247 684 1395 739 Βακχος
1423 686 1597 740 εὔχυλος,
1627 704 1695 728 πο-

247 736 427 791 λύχυλος,
468 737 664 793 εὔτροφος.
735 740 884 796 Τράγος
922 740 994 782 οὐκ
1034 739 1211 794 εὔχυλος,
1254 740 1439 791 ἄπεπτος,
1481 741 1693 797 βρομώδης.

248 795 303 833 At
332 806 353 833 a
385 797 542 846 vulgatis
577 810 690 835 voces
721 798 861 849 aliquot
889 799 1035 838 absunt.
1095 797 1169 835 Sed
1201 805 1238 836 et
1269 801 1405 837 morosi
1446 799 1543 838 illius
1574 802 1693 845 senis,

250 851 313 901 qui
341 853 464 889 omnia
496 851 566 888 sibi
597 853 840 891 conforzmitis
870 853 916 891 ad
946 853 1233 891 imminuendum
1275 854 1484 893 nominibus
1515 855 1696 906 appellari

248 906 418 951 volebat,
463 905 560 958 quod
588 908 660 946 sibi
691 923 736 946 eo
766 909 875 947 modo
905 910 1084 947 minorem
1116 916 1296 960 sumptum
1329 910 1456 947 facere
1486 911 1693 956 videretur,

249 962 332 999 eius
359 962 473 1012 igitur
507 963 621 1000 verba
651 964 731 1015 ipsa
761 978 906 1016 quoque
936 964 1111 1002 diminuta
1126 964 1177 1016 †)
1215 972 1252 1002 et
1281 964 1476 1004 decurtata
1504 967 1615 1017 vulgo
1643 967 1697 1004 le·

249 1023 399 1067 guntur.
460 1016 642 1068 Legenda
671 1027 793 1058 autem
823 1027 907 1057 sunt
934 1021 1003 1058 hoc
1033 1018 1138 1057 modo
1155 1019 1262 1072 ᾖξ’)

408 1079 654 1151 ΞΕπεξαπατα
682 1100 748 1136 με,
778 1083 868 1133 τοὺς
898 1085 965 1138 μὲν
995 1086 1109 1155 ἰχθῦς
1137 1100 1201 1136 μοι
1227 1082 1333 1125 καλει

408 1134 587 1206 ἰιΙχθύδιΪ
618 1137 722 1189 ὄψον
753 1139 785 1180 δ’
821 1139 888 1182 ἐαν
916 1141 1025 1197 λέγης
1055 1141 1200 1192 ἓτερον,
1229 1138 1336 1181 κάλει

411 1190 618 1248 Ὀψάριον.
647 1194 761 1247 ἥδιον
788 1213 860 1250 γαρ
886 1195 1104 1248 ἀπολοῦμαι
1129 1192 1239 1236 πολύ.

250 1270 293 1308 ln
322 1272 493 1310 versibus
525 1279 673 1319 autem,
705 1287 796 1324 quos
826 1275 1068 1321 cantitabam,
1100 1275 1161 1326 qui
1191 1286 1353 1311 coronae
1381 1274 1512 1326 stipem
1542 1274 1697 1326 collige-

249 1325 360 1373 bant,
391 1334 430 1365 et
458 1327 532 1365 alia
560 1328 671 1366 multa
701 1329 899 1380 depravata
930 1337 1035 1376 sunt,
1069 1337 1107 1368 et
1136 1329 1196 1366 hic
1225 1343 1380 1368 veisus.

420 1392 535 1442 Θεοὶ,
563 1391 709 1447 γένοιτο
740 1391 1003 1447 μετάπεμπτος
1030 1412 1055 1448 η
1086 1391 1197 1448 κόρη,

250 1474 333 1500 cum
362 1462 561 1514 legendum
591 1465 658 1512 sit,

420 1528 529 1579 Θεοὶ,
557 1529 703 1584 γένοιτο
732 1528 844 1572 παντ’
876 1528 1069 1584 ἄμεμπτος
1098 1549 1124 1584 η
1155 1527 1289 1584 κούρη.

250 1604 325 1643 Ubi
356 1604 401 1643 de
429 1607 545 1645 verbo
575 1609 721 1661 βαλλίζε
725 1626 761 1650 ιν
790 1611 937 1662 quaerit
958 1610 1142 1661 Ulpianus
1157 1609 1220 1662 Η·
1224 1608 1299 1662 †),
1333 1609 1395 1660 qui
1423 1608 1576 1647 verbum
1608 1608 1697 1648 illud

251 1659 454 1709 irridebat,
496 1664 548 1701 ait
579 1673 739 1716 emptum
769 1666 887 1705 videri
926 1664 968 1705 ἐκ
997 1669 1069 1719 γῆς
1098 1664 1290 1717 σιβούρας.
1349 1663 1458 1712 Quod
1490 1666 1550 1715 qui
1580 1666 1699 1703 inter-

252 1724 419 1767 pretatus
449 1718 596 1772 est*),
637 1735 685 1759 ex
721 1728 826 1760 terra
863 1722 1044 1767 subulca,
1087 1721 1256 1772 equidem
1288 1720 1372 1770 quid
1410 1720 1479 1757 sibi
1520 1721 1697 1767 voluerit,

252 1773 404 1810 nescio.
453 1773 543 1811 illud
582 1777 682 1822 scio,
728 1776 926 1827 legendum
967 1789 1052 1814 esse
1090 1775 1133 1816 ἐκ
1171 1780 1239 1828 τῆς
1277 1772 1493 1828 Συβούρας.
1561 1775 1699 1813 Cuius-

252 1826 353 1864 modi
391 1835 514 1867 autem
545 1832 720 1870 mulieres
758 1835 795 1870 in
827 1832 973 1870 Subura
1003 1833 1089 1870 olim
1120 1832 1391 1895 habitaverit-nt,
1434 1838 1472 1869 et
1501 1844 1593 1882 quae
1624 1832 1699 1870 illic

253 1888 329 1919 tum
366 1884 465 1922 vitae
504 1892 578 1923 tuni
617 1890 802 1926 sermonis
840 1888 1026 1939 elegantia
1065 1888 1201 1934 fuerit,
1242 1887 1379 1924 nemini
1415 1887 1580 1937 ignotum
1622 1894 1695 1925 est.

252 1936 372 1975 Paulo
402 1947 484 1990 post
514 1948 634 1979 autem
665 1957 738 1981 una
769 1918 922 1981 voocula
928 1950 1124 1994 corrupta,
1162 1956 1208 1981 ne
1238 1943 1450 1980 trochaicus
1481 1941 1699 1993 Epicharmi

252 1993 503 2044 intelligatur,
536 1997 801 2048 impedimento
835 2007 906 2037 est.
971 1999 1028 2036 lta
1058 2000 1154 2037 enim
1181 1998 1317 2036 habent
1348 1998 1433 2035 libri
1462 1997 1672 2051 editi**):

368 2057 417 2100 T
401 2076 425 2099 α
452 2058 528 2114 πρὸ
556 2067 625 2102 τοῦ
650 2061 712 2103 δύ’
745 2062 882 2119 ανδρες
910 2064 1058 2119 ἔλεγον,
1088 2061 1246 2118 εἰςαγῶν
1276 2060 1460 2118 ἀποχρέω.

253 2137 335 2163 cum
365 2126 562 2176 legendum
593 2130 657 2176 sit,

370 2189 426 2231 Τὰ
452 2197 597 2248 προτοῦ
626 2192 692 2235 δύ’
723 2193 860 2250 ἄνδρες
888 2196 1038 2251 ἔλεγον,
1065 2191 1120 2244 εἷς
1149 2194 1246 2250 ἐγὼν
1272 2193 1453 2250 ἀποχρέω.

328 2308 374 2345 ἤϊ’)
394 2309 575 2344 Legebatur
595 2306 775 2342 ἀστεϊκοῦ.
813 2311 961 2341 Correxit
981 2311 1126 2341 Faesius.

327 2365 399 2445 ἴυζε)
419 2373 491 2401 pag.
508 2368 580 2397 350.
595 2368 632 2396 Β.
659 2367 775 2402 legitur
791 2365 823 2397 εἰ
843 2364 888 2399 δέ
902 2377 952 2404 τις
969 2363 1107 2399 τούτων
1124 2368 1194 2405 cet„
1213 2367 1295 2403 quod
1309 2365 1444 2396 Faesius
1458 2367 1554 2397 tacite
1568 2368 1696 2404 recepit.

367 2423 421 2458 ἔ···1’()
442 2431 513 2459 pag
534 2425 606 2454 356.
622 2426 658 2454 Β.
696 2425 803 2454 Verba
823 2420 1075 2474 πολύχυλος..
1089 2417 1268 2465 ..εὔχυλος
1287 2425 1404 2454 absunt
1419 2432 1440 2454 a
1458 2425 1579 2455 duobus
1594 2426 1696 2455 libris,

252 2468 376 2497 Deinde
396 2469 576 2500 Dindorfius
597 2471 726 2506 scripsit
744 2464 957 2511 βοωιιώδης.

328 2518 374 2558 ἦ)
385 2520 498 2550 Potius
513 2523 713 2553 scribendum
728 2525 893 2560 deminuta,
908 2527 939 2553 et
951 2522 1020 2551 infr.
1031 2523 1193 2552 Obss.1ur.
1203 2528 1271 2557 cap.
1282 2522 1330 2551 14.
1343 2523 1381 2551 de
1395 2529 1431 2550 eo
1447 2523 1696 2553 denzinuz'tur.

313 2569 406 2622 -l-T)
427 2579 497 2607 pag.
518 2574 590 2603 359.
612 2575 646 2604 C.
663 2577 699 2604 F.
737 2575 916 2604 Dindorfius
937 2582 1007 2604 cum
1028 2576 1351 2610 Schweighaeusero.
1371 2569 1574 2625 ’ἰχθύδιον
1580 2569 1697 2625 όψον

307 2609 354 2647 ἂν
372 2614 476 2660 λέγης
494 2620 553 2648 cet.
582 2620 688 2650 versu
703 2628 771 2657 seq.
787 2622 871 2656 quod
889 2621 1027 2650 inlibris
1047 2621 1116 2650 suis
1132 2624 1277 2651 Muretus
1296 2621 1430 2656 invenit,
1451 2615 1555 2652 πάντ
1575 2613 1695 2664 ἄμεμ-

253 2670 353 2701 πτος,
373 2670 455 2692 nunc
474 2665 648 2699 receptum.

329 2716 430 2758 †††)
451 2725 524 2755 pag.
543 2719 615 2750 362.
629 2721 671 2750 A.
709 2720 889 2751 Dindorfius
909 2717 949 2752 ἐκ
966 2718 1026 2762 τῆς
1043 2714 1236 2763 Συβούρας
1255 2721 1387 2758 recepit.

327 2769 370 2807 ἦῖ·)
397 2771 484 2801 Ante
503 2773 629 2802 Ruhnk
654 2775 738 2803 male
767 2775 857 2809 Quod
878 2775 912 2803 ει·
937 2775 990 2806 int.
1010 2777 1065 2805 est.
1105 2775 1224 2811 Tangit
1249 2771 1509 2811 Dalecampium‚
1534 2772 1576 2803 ad
1603 2779 1696 2809 quem

253 2809 350 2840 etiam
370 2816 439 2844 cap.
460 2811 542 2840 extr.
562 2811 702 2847 respicit.
740 2814 854 2841 FAzsu.

328 2858 373 2884 *fi*
366 2858 397 2894 )
417 2864 488 2894 pag.
510 2859 582 2890 362.
602 2861 641 2890 D.
679 2861 795 2891 Mureti
815 2860 973 2897 scriptura
993 2868 1014 2891 a
1033 2861 1192 2891 Dindorfio
1213 2862 1350 2897 recepta.
