1726 3106
116 1507 179 1538 152

214 140 294 185 144
777 140 902 182 VAR.
937 141 1092 182 LECT.

722 251 754 290 C
786 252 823 292 A
851 253 884 291 P
912 252 949 291 U
976 253 1011 291 T
1067 253 1146 291 IX.

393 333 614 371 Illum-atas
644 331 748 368 locus
773 344 793 369 e
814 332 940 382 primo
975 332 1197 381 Tope'corecm
1225 331 1465 372 Arz'stotelzze.

214 411 413 478 QUODAM
449 431 532 468 loco
568 443 590 468 e
623 430 741 481 primo
780 430 1005 480 Topicorum
1036 428 1312 484 Aristotelisfff)
1355 433 1413 469 vis
1452 432 1656 483 particulae

211 485 310 542 πρὸς
346 501 418 525 non
458 486 548 524 satis
584 498 604 523 e
641 485 789 523 Latinis
828 485 1093 536 interpretibus
1132 487 1276 537 percipi
1312 495 1455 538 potest:
1499 488 1559 525 ubi
1599 489 1656 526 sic

210 543 454 596 philosophus
489 541 676 592 loquitur:
717 537 793 592 Μὴ
829 539 1051 580 λανθανέτω
1089 537 1124 579 δ’
1160 537 1285 592 ἡμᾶς,
1326 540 1385 582 ὅτι
1415 539 1462 582 τὰ
1490 539 1587 596 πρὸς
1613 539 1656 584 τὸ

210 601 332 647 ἴδιον,
370 596 434 637 καὶ
472 593 514 636 τὸ
553 595 682 650 γένος,
716 596 783 636 καὶ
820 593 863 636 τὸ
904 593 1146 648 συμβεβηκὸς
1180 593 1306 636 πάντα
1342 595 1547 652 λεγόμενα,
1592 598 1659 639 καὶ

209 652 307 709 πρὸς
339 650 430 700 τοὺς
459 649 641 705 ὁρισμοὺς
669 649 825 704 ἁρμόσει
854 651 1044 705 λέγεσθαι.
1102 653 1188 690 Non
1217 654 1315 691 enim
1348 654 1565 692 vertendum
1599 661 1658 693 est

208 711 286 758 ita,
316 717 357 748 ut
384 710 435 747 illi
464 709 620 754 faciunt,
652 710 703 746 ud
728 710 942 759 proprium,
969 709 1021 745 acl
1045 720 1181 757 genus,
1213 710 1265 746 acl
1292 716 1484 756 eventum,
1515 711 1567 748 acl
1593 711 1658 747 de-

198 767 424 819 finitiones:
473 763 539 801 sed
575 764 769 801 adversus.
839 763 924 800 Hoc
967 763 1064 800 enim
1104 762 1215 800 docet
1250 764 1514 815 philosophus:
1562 778 1657 816 quae

208 828 431 872 argumenta
458 820 586 857 afferri
617 819 740 855 solent
771 817 816 856 ad
846 817 1076 864 docendum,
1114 819 1251 869 aliquid
1281 833 1352 857 non
1383 833 1468 858 esse
1499 821 1655 858 alicuius

209 879 267 916 rei
298 877 512 928 proprium,
554 881 617 911 aut
643 880 845 921 eventum,
884 880 948 911 aut
978 886 1119 923 genuS,
1163 874 1291 912 eadem
1322 875 1450 913 valere
1477 875 1656 914 adversus

210 932 462 971 definitiones.
523 929 620 967 Nam
654 937 717 973 ut,
752 930 783 966 si
815 928 901 979 quid
932 942 1004 966 non
1037 929 1318 979 reciprocatur,
1360 932 1549 982 proprium
1581 945 1656 969 non

208 995 293 1034 est,
330 989 380 1025 ita
420 998 541 1037 neque
580 984 762 1022 delinitio.
822 983 874 1021 Et
913 984 944 1021 si
970 983 1174 1031 doceatur,
1212 999 1331 1036 genus
1367 1000 1439 1023 non
1478 999 1566 1025 esse
1600 985 1654 1033 id,

208 1043 306 1094 quod
340 1044 378 1080 in
409 1041 623 1079 definitione
652 1053 719 1090 pro
750 1053 891 1089 genere
922 1040 1081 1090 positum
1114 1047 1194 1077 est:
1235 1041 1313 1092 ipsa
1351 1054 1496 1093 quoque
1525 1040 1657 1080 defini-

207 1101 261 1137 tio
291 1099 511 1150 perimetur.
573 1096 672 1143 Quin
714 1096 824 1133 etiam
856 1097 887 1132 si
920 1094 1005 1145 quid
1037 1095 1258 1133 ostendatur
1287 1109 1437 1142 eorum,
1485 1110 1579 1148 quae
1610 1096 1657 1135 ad

208 1153 457 1193 definiendum
490 1151 654 1190 adhibita
686 1158 792 1196 sunt,
835 1147 886 1202 μὴ
915 1147 1120 1202 ὑπάρχειν,
1159 1152 1311 1189 tolletur
1340 1151 1532 1190 delinitio:
1573 1166 1655 1190 cum

206 1211 247 1248 in
286 1208 460 1247 tollendis
494 1208 605 1246 etiam
646 1207 790 1244 eventis
829 1206 958 1243 cadem
997 1207 1092 1243 ratio
1132 1207 1263 1246 valeat.
1332 1206 1406 1245 Est
1445 1215 1566 1246 autem
1605 1209 1655 1246 ila

208 1265 347 1303 dictum
395 1260 511 1317 πρὸς,
556 1269 595 1299 ut
635 1262 671 1299 in
711 1262 784 1298 illis
821 1258 919 1314 πρὸς
949 1261 1169 1312 Λεπτίνην,
1211 1259 1307 1315 πρὸς
1346 1259 1416 1315 τὴν
1458 1263 1655 1302 Φιλίππου

205 1317 431 1371 ἐπιστολήν,
472 1326 509 1357 et
550 1317 746 1355 similibus.
807 1317 871 1355 Sic
912 1324 949 1354 et
980 1318 1074 1354 libro
1106 1318 1270 1355 secundo
1288 1315 1360 1368 ἢ’ἔῆ
1389 1315 1436 1357 τὰ
1462 1315 1560 1372 πρὸς
1585 1315 1656 1371 τὴν

206 1375 321 1417 θέσιν
349 1375 497 1415 vocavit
526 1387 590 1425 ea,
621 1385 714 1425 quac
749 1370 795 1410 ad
823 1371 1106 1424 oppugnandam
1136 1372 1247 1413 θέσιν
1274 1374 1459 1413 valerent.

738 1491 1026 1532 CAPUT
1081 1494 1132 1533 X.

365 1575 567 1614 Correetus
589 1579 628 1611 et
653 1573 869 1611 illustratus
896 1573 1000 1610 loeus
1028 1585 1048 1609 e
1073 1573 1235 1610 secundo
1268 1574 1499 1624 Topz'corum.

207 1656 267 1713 Sz
296 1685 457 1719 QUANDO
487 1674 604 1712 thesis
631 1673 739 1711 nobis
769 1672 892 1722 aliqua
920 1670 1171 1722 impugnanda
1200 1672 1264 1718 sit,
1296 1685 1391 1724 quae
1422 1673 1585 1720 sterilis,
1614 1679 1655 1711 ut

206 1734 261 1771 ita
290 1730 433 1777 dicam,
471 1737 509 1769 et
536 1731 659 1768 ieiuna
689 1730 762 1775 sit,
804 1739 924 1779 neque
955 1740 1127 1778 magnum
1157 1727 1269 1765 ullum
1301 1728 1437 1766 habeat
1466 1742 1651 1780 campum,

206 1789 247 1826 in
279 1800 350 1838 quo
381 1799 585 1824 excurrere
616 1786 734 1836 possit
762 1784 906 1822 oratio:
939 1795 1009 1833 qua
1039 1783 1183 1820 ratione
1214 1783 1299 1820 huic
1328 1783 1562 1821 incommodo
1589 1797 1654 1822 oc-

207 1855 364 1881 currere
401 1855 444 1879 ac
483 1840 625 1879 mederi
657 1840 880 1884 debeamus,
918 1839 1069 1889 copiose
1097 1839 1325 1876 Aristoteles
1365 1839 1458 1877 libro
1489 1838 1653 1878 secundo

206 1898 434 1949 Topicorum
474 1897 598 1935 docet.
663 1896 770 1934 Inter
804 1901 932 1932 cetera
967 1901 1089 1931 autem
1127 1907 1220 1945 quae
1262 1894 1366 1945 ponit
1399 1903 1483 1945 apta
1516 1902 1555 1933 et
1590 1907 1655 1933 ac-

207 1952 440 1992 commodata
474 1952 521 1991 ad
559 1953 764 1990 orationem
802 1951 839 1987 in
874 1949 1020 2000 planum
1060 1962 1103 1987 ac
1133 1956 1321 2001 patentem
1351 1950 1471 1988 locum
1502 1963 1550 1988 ex
1579 1950 1654 1988 illis

206 2009 388 2059 angustiis
419 2007 674 2054 educendam,
705 2007 848 2045 vafrum
878 2003 1060 2055 quoddam
1094 2012 1132 2042 et
1159 2004 1330 2042 callidum
1359 2006 1557 2043 artificium
1588 2004 1654 2044 de-

207 2065 327 2115 tegit,
370 2076 441 2114 quo
475 2063 665 2114 sophistae
705 2063 759 2100 uti
798 2061 984 2099 solerent:
1024 2060 1071 2097 ob
1111 2059 1219 2111 idque
1247 2060 1366 2098 locum
1396 2061 1497 2098 illum
1527 2061 1654 2112 sophi-

207 2121 340 2158 sticum
372 2125 503 2157 vocat:
540 2114 658 2164 τόπος
688 2119 782 2155 enim
814 2117 948 2167 plane,
992 2128 1064 2152 non
1092 2113 1257 2165 τρόπος,
1297 2128 1342 2152 eo
1372 2115 1454 2153 loco
1469 2113 1565 2164 ἢῆ)
1599 2116 1654 2154 le-

205 2174 369 2226 gendum
408 2172 570 2212 videtur.
629 2172 674 2211 ld
714 2179 796 2209 erat
831 2169 1057 2208 huiusmodi.
1117 2170 1316 2207 Habebam
1356 2171 1546 2221 sophistae
1575 2183 1654 2209 me-

208 2230 344 2268 ditatos
393 2242 437 2267 ac
478 2234 627 2280 paratos
668 2227 800 2264 multos
840 2225 1000 2262 diversis
1042 2223 1088 2262 de
1130 2225 1241 2263 rebus
1279 2238 1494 2264 communes
1530 2227 1649 2264 locos.

205 2286 252 2324 In
293 2286 338 2322 iis
374 2291 412 2322 et
451 2290 750 2322 ornamentorum
783 2288 822 2319 et
851 2287 1151 2330 argumentorum
1181 2281 1280 2318 omni
1312 2293 1454 2331 genere
1481 2281 1653 2319 abunda-

206 2341 312 2379 bant.
371 2339 476 2391 Ergo
517 2340 548 2376 si
584 2339 681 2376 forte
719 2338 756 2375 in
797 2336 874 2374 suis
914 2335 987 2372 illis
1027 2334 1227 2383 ἐπιδείξεσι
1267 2337 1436 2387 quaestio
1466 2336 1653 2374 inciderat

208 2396 424 2448 quaepiam,
455 2394 501 2433 ad
530 2407 635 2445 quam
665 2393 736 2445 ipsi
767 2389 993 2429 tractandam
1026 2392 1142 2428 minus
1172 2392 1345 2429 instructi
1375 2392 1522 2438 forent,
1563 2405 1652 2443 qua-

209 2463 355 2503 cunque
394 2451 455 2489 via
494 2456 691 2501 poterant,
743 2446 976 2485 abducebant
1012 2444 1294 2496 disputationem
1332 2460 1353 2484 a
1384 2459 1425 2485 re
1462 2449 1652 2498 proposita

208 2506 258 2545 ad
305 2519 415 2544 unum
456 2505 613 2556 aliquem
656 2517 676 2543 e
715 2504 806 2541 locis
844 2502 919 2539 illis
959 2502 1237 2548 communibus,
1289 2502 1327 2539 in
1366 2514 1483 2552 eoque
1522 2509 1653 2554 postea

209 2575 296 2601 sese
331 2561 531 2599 iactabant.
592 2558 634 2598 Id
663 2567 819 2610 quatuor
851 2556 968 2594 modis
999 2557 1079 2593 lieri
1111 2564 1246 2606 potest.
1309 2556 1477 2604 Quorum
1505 2558 1651 2609 priores

210 2617 283 2656 duo
314 2617 498 2655 neminem
530 2614 734 2653 dedecent:
776 2614 908 2651 tertius
940 2611 1051 2649 hahet
1080 2611 1216 2663 aliquid
1246 2612 1508 2663 sophisticum:
1549 2612 1650 2650 ideo-

209 2685 282 2724 que
309 2686 422 2724 parce
455 2685 498 2709 ac
534 2669 681 2708 modice
709 2682 754 2707 eo
783 2666 974 2706 utendum.
1024 2665 1190 2714 Quartus
1219 2675 1341 2706 autem
1362 2668 1524 2706 continet
1544 2680 1653 2719 aper-

285 2769 327 2805 ÷12·]
347 2776 416 2804 cap.
436 2770 467 2799 6.

284 2818 353 2853 ³³³3]
373 2825 444 2853 cap.
464 2818 493 2847 2.
513 2818 545 2847 5.

286 2873 380 2908 {ox-³3²)
401 2874 479 2908 Top.
501 2872 554 2902 lib.
574 2874 613 2902 11.
633 2879 701 2908 cap.
723 2871 753 2900 5.
783 2871 951 2901 Bekkerus
972 2859 1104 2909 τρόπος
1125 2868 1262 2899 retinuit.
