1778 3096
179 393 239 423 361

189 2015 250 2046 362

268 106 350 149 346
829 105 957 145 VAP..
991 105 1143 146 LECT.

268 216 482 286 φαινόμενα
511 235 564 266 ως
589 221 678 266 ζῶα,
700 214 792 269 μετὰ
815 213 888 272 τὴν
916 215 1108 268 ε’κτρωσιν,
1136 214 1208 257 οὐκ
1229 216 1305 257 ἐστι
1334 216 1387 266 δὲ,
1409 233 1462 264 ως
1487 213 1706 268 θυησκοντα

267 271 361 327 μετὰ
388 279 516 314 ταῦτα.
554 273 620 313 καὶ
657 272 756 312 ἐστιν
785 272 857 311 οὐν
884 271 1075 325 φαντασίᾳ
1104 270 1171 322 μὲν
1200 274 1415 326 παραυτίκα
1443 269 1556 321 ὄντα,
1591 270 1707 312 δυνά-

267 345 329 382 μει
359 329 399 369 δὲ
436 328 507 369 οὐκ
541 329 628 369 ἔστι
684 328 746 366 Ex
781 327 914 378 quibus
952 329 1062 364 ctiam
1094 328 1222 365 Sabini
1259 330 1386 366 verbis
1417 328 1603 375 coniicio,
1644 329 1707 366 ubi

268 385 364 436 apud
388 385 657 435 Hippocratem
676 383 833 434 legimus
856 381 1053 429 ἔκπτωσιν,
1078 382 1270 432 legendum
1295 383 1484 436 ε’κτρωσιυ.
1532 382 1627 421 Sunt
1651 390 1705 430 et,

267 453 361 491 quae
394 448 621 490 sequuntur,
663 438 754 490 depr
757 445 861 476 ivnta
894 441 930 475 iu
965 439 1204 488 Ilippociatis
1235 438 1358 477 libris:
1401 452 1494 490 quac
1525 438 1707 489 quomodo

268 494 497 533 emendanda
537 496 636 540 siut,
687 494 863 544 cognosci
901 495 1036 544 poterit
1078 505 1098 531 e
1136 493 1279 539 Genio,
1321 494 1405 531 libri
1446 495 1549 532 tertii
1587 495 1709 545 capite

267 550 377 589 XVI.
410 550 508 588 unde
538 551 647 587 etiam
678 557 821 600 sumpta
854 556 962 594 sunt,
997 561 1089 598 quae
1118 547 1226 585 modo
1255 550 1385 586 attuli:
1427 556 1464 586 ut
1497 550 1629 587 mirum
1663 550 1711 587 sit

268 619 313 643 cn
342 614 415 643 tam
445 604 506 643 diu
535 605 706 651 latuisse,
739 618 819 641 cum
848 611 919 641 tam
951 611 1083 654 aperto
1113 616 1157 641 ac
1180 603 1320 641 celebri
1349 604 1386 641 in
1410 605 1489 642 loco
1520 611 1707 656 paterent.

267 660 415 700 Eodem
444 668 567 699 autem
598 659 770 710 loquendi
801 671 942 709 genere
972 672 1060 696 usus
1088 666 1144 696 est
1164 658 1319 696 Plautus
1348 659 1384 696 iu
1400 659 1617 698 Trinummo
1634 660 1707 712 *):

378 729 449 767 Est
477 734 589 778 atqae
617 740 689 764 non
719 731 777 763 cst
806 726 901 762 mihi
925 726 962 762 in
990 738 1102 763 mana
1132 726 1413 774 Megaronides.

382 785 478 834 Quin
508 784 661 828 dicant,
692 794 768 820 non
797 787 877 819 est.-
911 782 1044 818 merito
1075 787 1120 819 ut
1140 793 1189 818 ne
1217 781 1370 827 dicant,
1400 780 1442 817 id
1467 787 1538 820 est.

758 888 1038 929 CAPUT
1094 890 1224 928 XIII.

529 970 734 1009 Emendate*
760 983 780 1006 e
815 969 1027 1008 Trinummo
1054 970 1234 1007 Plautina
1263 968 1343 1006 loci
1367 968 1455 1005 dico.

267 1039 421 1098 FAcm
445 1071 503 1097 me
519 1059 728 1097 Trinummi
747 1059 886 1096 mentio
905 1057 1095 1103 admonet,
1116 1064 1155 1094 ut
1174 1057 1358 1107 insignem
1379 1068 1427 1094 ex
1447 1067 1491 1093 ea
1511 1054 1629 1093 locum
1642 1053 1713 1108 ΨΚ)

269 1115 488 1154 emendem:
529 1116 566 1152 in
596 1127 667 1165 quo
697 1120 735 1152 et
774 1127 904 1152 versus
943 1126 1136 1164 perperam
1169 1112 1341 1151 collocati
1373 1117 1481 1156 sunt,
1521 1117 1559 1148 et
1587 1123 1717 1162 perso-

269 1184 400 1209 narum
440 1171 588 1208 uomina
626 1170 718 1207 locis
761 1182 832 1206 non
869 1169 946 1208 suis
983 1169 1125 1219 posita,
1170 1175 1207 1206 et
1249 1166 1441 1218 depravati
1477 1178 1630 1212 versus,
1678 1173 1717 1204 et

271 1226 432 1275 denique
472 1222 586 1264 οὐδὲν
615 1222 729 1277 ὑγιές.
790 1224 889 1261 Nolo
923 1232 1044 1261 autem
1076 1225 1212 1269 otium,
1258 1236 1328 1273 quo
1366 1222 1515 1259 minime
1552 1220 1715 1268 abundo,

271 1282 445 1319 inanibus
476 1281 599 1317 verbis
632 1292 869 1317 consumere.
930 1279 1090 1316 Tantum
1118 1292 1320 1329 proponam
1350 1278 1471 1315 locum
1501 1277 1620 1328 ipsum
1649 1277 1715 1323 ila,

270 1344 312 1374 ut
346 1336 434 1373 mihi
465 1333 648 1385 legendus
679 1333 829 1372 videtur
843 1331 968 1386 *4³72

272 1401 419 1440 PHusr.
463 1403 547 1440 Non
576 1401 712 1450 edepol
742 1401 814 1438 tibi
833 1413 1052 1450 pernegare
1075 1413 1226 1451 possam
1257 1400 1458 1451 quidquam
1489 1397 1590 1449 qaod
1615 1398 1717 1436 velis.

388 1457 459 1494 Cai
488 1462 692 1505 egestatem
722 1457 890 1493 tolerare
916 1456 1002 1491 vis?
1034 1456 1186 1505 loquere
1213 1456 1396 1492 audacter·
1416 1454 1538 1504 patri.

273 1511 417 1550 Lst'.
450 1511 654 1549 Lesbonico
684 1511 772 1546 haic
802 1510 1054 1554 adolescenti,
1090 1510 1315 1546 Clzarmidae
1343 1510 1454 1546 huius
1468 1509 1580 1558 filio.-

389 1568 464 1616 Qui
478 1567 557 1604 illic
578 1565 740 1603 habitat.
781 1563 858 1601 ΡΗ.
890 1566 963 1614 Qai
980 1565 1153 1609 comedit,
1172 1562 1381 1614 qaodfidt,
1404 1564 1504 1614 qaod
1520 1562 1721 1614 nonfuit?

274 1621 352 1661 LY.
384 1623 443 1661 Ne
472 1620 662 1672 opprobra
685 1626 824 1671 pater.-
856 1621 1030 1657 eveniant
1061 1621 1178 1658 malta
1207 1620 1350 1657 homini
1377 1631 1472 1669 qnae
1501 1619 1593 1664 vult,
1625 1630 1721 1669 qaae

1216 1688 1263 1712 ne
1291 1673 1450 1727 vult-1⁴).

387 1733 608 1783 Sapientiae
639 1737 745 1768 aetas
775 1731 1047 1768 condimentum
1076 1735 1156 1768 est.-
1187 1731 1374 1780 sapientia
1406 1730 1529 1768 aetati
1555 1728 1690 1766 cz'bust.

276 1788 354 1827 ΡΗ.
388 1790 553 1827 Mentire
571 1787 704 1837 edepol
726 1793 838 1824 nate.-
871 1793 982 1836 atqae
1004 1785 1044 1822 id
1064 1798 1164 1823 nanc
1179 1784 1290 1834 sacis
1314 1786 1419 1822 haud
1439 1784 1717 1823 consuetudine.

389 1846 488 1882 Nam
516 1844 667 1893 sapiens
692 1843 837 1892 quidem
863 1843 932 1891 pol
961 1843 1039 1891 ipse
1054 1841 1183 1890 fingit
1202 1841 1405 1891 fortunam
1433 1840 1520 1878 sibi.

386 1900 498 1938 Nalli
522 1911 618 1949 qaae
646 1911 693 1935 ne
721 1898 798 1935 volt
821 1898 1018 1941 eveniant,
1049 1897 1126 1933 nisi
1138 1895 1263 1946 fictor
1291 1897 1410 1933 malas
1438 1897 1522 1932 siet.

275 1954 353 1993 LY.
385 1955 511 1993 Malta
542 1960 600 1991 est
629 1965 745 2003 opera
776 1966 867 2003 opas
882 1952 1078 2001 fl'ctzcl'ac,
1114 1952 1182 2001 qai
1206 1965 1247 1989 se
1264 1951 1444 2001 fictorem
1469 1949 1630 2001 probum

390 2011 501 2047 Vitae
521 2010 694 2058 agendae
716 2021 795 2045 esse
814 2009 970 2057 expetit.
1000 2008 1076 2044 Sed
1093 2007 1154 2043 hic
1174 2008 1370 2044 admodum
1389 2005 1718 2044 adolescentulust.

276 2063 356 2102 ΡΗ.
389 2065 476 2102 Non
508 2070 657 2109 aetate,
683 2076 810 2100 veram
837 2064 989 2112 ingenio
1021 2063 1207 2112 apiscitur
1235 2063 1437 2112 sapientia.

385 2119 590 2169 Agedum,
631 2119 833 2169 eloquere,
876 2119 967 2168 qnid
1001 2119 1095 2155 dare
1129 2118 1190 2155 illi
1226 2130 1324 2155 nanc
1360 2117 1446 2154 vis?
1500 2114 1577 2152 LY.
1618 2115 1727 2153 Nihil

1221 2172 1421 2222 quidquam
1443 2178 1569 2220 pater.

394 2230 449 2268 Ta
478 2229 586 2266 modo
615 2241 663 2266 nc
693 2240 750 2265 me
772 2226 980 2276 prohibeas
1009 2227 1204 2276 accipere,
1236 2227 1274 2263 si
1302 2227 1391 2277 qaid
1420 2226 1482 2264 det
1507 2226 1611 2263 mz‘lzz'.

279 2292 389 2341 Quod
418 2300 541 2332 autem
571 2294 622 2331 ait
640 2292 830 2345 Lysiteles
858 2290 902 2329 ad
925 2291 1176 2329 excusandum
1206 2291 1386 2338 sodalem,
1414 2293 1622 2342 sapientiae
1644 2305 1725 2330 esse

279 2350 553 2388 condimentum
585 2356 773 2394 aetatem,
804 2354 842 2385 et
869 2349 1092 2397 sapientiam
1122 2349 1244 2385 aetati
1271 2349 1413 2393 cibam,
1446 2347 1541 2385 hanc
1571 2354 1724 2385 sentcn-

279 2406 367 2442 tiam
405 2404 530 2442 habet.
593 2403 752 2451 Quidam
783 2403 856 2441 cibi
890 2409 998 2448 sunt,
1039 2403 1100 2453 qui
1131 2410 1303 2441 recentes
1342 2401 1489 2454 quidem
1528 2416 1601 2440 non
1640 2409 1725 2440 sunt

281 2460 380 2506 esui,
400 2459 467 2498 sed
490 2461 621 2511 reponi
647 2460 769 2498 solent
797 2459 835 2496 in
857 2458 1005 2508 longam
1030 2458 1197 2496 usionem
1214 2457 1297 2511 ††)
1324 2465 1362 2497 et
1386 2459 1504 2497 muria
1529 2465 1592 2497 aut
1616 2465 1724 2497 aceto

355 2559 400 2594 δῖε)
421 2561 444 2588 1.
466 2560 496 2596 2,
517 2560 568 2588 67.

355 2607 426 2642 *za-J
447 2609 486 2636 Π.
507 2609 537 2644 2,
560 2607 609 2636 76.

355 2657 404 2680 *232
408 2654 450 2690 *J
467 2657 553 2683 Haec
570 2653 949 2685 xersuumPlautinorum
970 2653 1135 2689 dispositio
1154 2655 1194 2683 ab
1212 2654 1301 2683 editt
1316 2656 1445 2689 recepta
1459 2662 1521 2683 non
1535 2656 1592 2684 est.
1612 2655 1724 2682 FAsssi.

356 2703 403 2741 †)
425 2703 622 2732 Coniunctim
643 2703 842 2732 scribendum
869 2710 943 2733 esse
962 2704 1066 2732 aci-alc
1096 2704 1151 2732 xel
1171 2704 1276 2739 potius
1296 2705 1414 2742 nevolt,
1443 2705 1478 2733 ut
1498 2706 1530 2732 et
1548 2704 1644 2731 antea
1663 2700 1726 2729 toll

281 2743 314 2771 et
334 2749 393 2777 μω
379 2744 407 2769 t
426 2742 546 2777 nevolt,
568 2742 644 2770 dicit
663 2741 810 2770 Faesius.

357 2788 430 2828 qT]
452 2789 504 2818 sic
524 2790 590 2818 fere
611 2789 750 2823 loquitur
765 2789 925 2817 Scaevola
944 2789 1102 2823 ap.Ge11
1120 2788 1242 2820 liulv.
1264 2796 1331 2826 cap.
1353 2790 1381 2821 1.
1401 2789 1501 2826 917.
1522 2788 1726 2825 quaeeunque

283 2828 400 2857 usionis
418 2829 520 2864 ,qratia
539 2828 764 2857 contrahantur
784 2829 814 2858 ez
833 2827 1053 2857 reconduntur.
