1726 3106
99 1851 141 1881 26

137 145 191 185 22
701 141 831 181 VAR.
863 142 1018 183 LECT.

143 254 201 292 bis
239 260 276 291 et
315 253 464 291 minime
498 251 655 290 triw'alis
691 250 879 291 doctrinae
909 254 1056 306 plenum
1097 256 1237 306 ingenii
1275 256 1332 294 sui
1371 266 1585 293 monumen-

142 317 218 346 tum
257 308 422 358 reliquit.
483 307 618 357 Neque
658 321 747 346 vero
788 322 938 359 parvum
978 310 1261 348 emolumentum
1292 311 1429 348 Petrus
1458 310 1586 346 Victo-

144 365 222 403 rius
263 363 438 400 studiosis
477 364 648 400 attulisse
678 364 887 401 censendus
916 371 998 410 est,
1042 379 1121 403 cum
1153 367 1238 403 olim
1271 365 1316 403 ad
1341 379 1423 402 cum
1454 365 1586 402 librum

147 417 377 471 purgandum
415 418 601 455 incubuit:
642 419 817 469 laborque
858 420 998 469 ipsius,
1043 427 1083 457 ut
1109 433 1254 471 semper
1284 422 1405 466 alias,
1446 421 1496 457 ita
1527 419 1588 456 hic

148 486 293 525 quoquc
338 472 531 511 admodum
572 473 672 510 utilis
711 481 748 512 et
779 475 992 512 fructuosus
1034 475 1115 513 suit.
1191 476 1307 514 Cuius
1345 475 1478 512 summi
1517 475 1588 512 viri

149 528 320 578 exemplo
360 541 426 565 nos
459 530 568 565 etiam
602 529 764 575 incitati,
808 530 916 579 longe
945 528 1091 580 quidem
1123 543 1166 568 ac
1199 531 1346 568 multum
1378 531 1508 580 impari
1535 530 1590 566 fa-

150 584 309 628 cultate,
351 583 416 620 sed
456 596 528 620 non
559 582 696 634 dispari
728 584 944 631 voluntate,
981 584 1135 622 eandem
1176 586 1269 623 viam
1301 586 1512 636 sequimur,
1552 590 1591 622 et

150 646 318 677 veterum
349 639 485 688 scripta
505 666 517 683 ‚
563 646 738 689 quantum
769 641 804 677 in
832 640 936 677 nobis
966 646 1050 686 est,
1089 640 1246 678 obscura
1277 641 1485 686 illustrare,
1525 638 1592 676 de-

151 701 302 745 pravata
339 693 538 731 emendare
580 708 770 732 conamur.
830 695 949 745 Igitur
988 708 1106 745 quae,
1152 708 1232 732 cum
1264 708 1344 733 eum
1374 696 1504 733 librum
1535 701 1593 732 at-

152 756 252 787 tente
292 748 563 799 diligenterque
595 750 830 799 legeremus,
875 750 980 787 nobis
1013 757 1050 787 et
1079 751 1313 788 correctione
1346 751 1466 800 aliqua
1496 748 1593 786 indi-

151 817 259 855 gere,
291 811 329 841 et
356 818 426 841 non
462 805 511 840 ita
541 804 690 841 difficile
719 805 858 855 corrigi
885 818 995 855 posse
1025 806 1105 841 visa
1134 812 1235 852 sunt,
1266 818 1393 843 eorum
1423 806 1483 842 bic
1509 817 1594 855 par·

152 867 227 898 tem
258 859 417 910 aliquam
447 872 528 896 eum
560 858 736 896 studiosis
763 860 1138 897 communicabimus:
1171 861 1202 897 si
1232 861 1328 897 forte
1358 867 1484 898 nostra
1504 873 1594 910 quo-

154 927 226 966 que
257 914 440 951 industria
463 921 533 950 tam
557 915 670 976 polito
693 915 866 964 scriptori
888 915 967 964 opis
993 914 1129 966 aliquid
1154 915 1279 952 all'crri
1299 922 1424 965 queat.
1470 915 1595 965 Ipsum

155 977 278 1007 autem
325 969 408 1006 libri
453 969 673 1019 principium
720 971 798 1007 seio
847 971 1034 1019 negotium
1071 970 1288 1007 exhibuisse
1327 969 1597 1007 multis.1ta

158 1025 256 1063 enim
287 1023 443 1074 legitur.
461 1020 611 1076 ΓΏςστεο
643 1040 668 1075 η
698 1024 852 1075 ποίησις
880 1025 1078 1077 ὁιαιοεῖται
1103 1029 1183 1072 τοῖς
1209 1023 1377 1090 μέτροις,
1406 1020 1490 1064 οἷον
1510 1020 1597 1090 ἥμι-

157 1078 318 1145 μέτροις,
347 1095 372 1129 ⁷2
403 1077 628 1147 ἑξαμέτροις,
655 1077 679 1130 ἡ
708 1084 788 1126 τοῖς
811 1077 956 1126 ἄλλοις
986 1078 1085 1120 οὕτω
1111 1080 1177 1119 καὶ
1203 1076 1273 1131 τὴν
1302 1079 1502 1131 ἓομηνείαν
1527 1076 1597 1130 τὴν

159 1130 315 1188 λογικην
350 1134 492 1186 διαιρεῖ
515 1133 581 1173 καὶ
609 1133 794 1187 διακρίνει
822 1151 869 1173 τα
900 1133 1113 1185 καλούμενα
1141 1138 1255 1174 κῶλα.
1313 1135 1389 1173 Sed
1419 1148 1500 1172 cum
1532 1136 1598 1171 ab-

161 1188 310 1227 surdum
349 1190 419 1234 sit,
462 1203 529 1241 pro
567 1198 765 1228 metrorum
804 1191 972 1259 exemplo
1000 1188 1184 1242 ημίμετοα
1213 1203 1376 1240 ponere,
1417 1203 1485 1241 pro
1515 1185 1600 1229 οἷον

160 1242 379 1297 ἡμιμέτοοις
405 1244 601 1294 legendum
633 1258 769 1283 censeo
800 1241 883 1284 οἷον
910 1243 935 1296 ἢ
965 1246 1151 1298 διμέτοοις
1164 1244 1218 1295 a).

271 1300 380 1345 Item,
406 1300 468 1336 ubi
499 1301 657 1351 loquitur
688 1300 734 1338 de
762 1301 808 1338 iis
837 1300 1019 1351 periodis,
1050 1313 1143 1365 quae
1175 1300 1311 1338 habent
1342 1300 1504 1350 speciem
1532 1299 1600 1336 ali-

163 1368 269 1406 quam
301 1351 542 1403 ἀντιθέσεως,
570 1369 651 1392 cum
682 1362 804 1393 tamen
835 1353 1031 1403 ἀντίθεσις
1059 1358 1095 1395 in
1125 1357 1182 1394 eis
1212 1357 1310 1394 nulla
1336 1356 1400 1402 sit,
1430 1354 1600 1407 exemplo

163 1410 312 1462 quidem
341 1410 411 1447 hoc
440 1409 657 1461 Epicharmi
686 1412 817 1458 utitur,

252 1483 356 1526 Τόκα
383 1485 451 1538 μὲν
479 1486 520 1526 ἒν
547 1483 677 1539 τήνοις
704 1484 800 1541 ἔγών
826 1481 897 1540 ἧν,
926 1486 1021 1529 τόκα
1050 1487 1090 1528 δὲ
1117 1485 1223 1541 noco&
1248 1484 1378 1540 τήνοις
1406 1483 1502 1540 ἐγών
1515 1483 1601 1539 ἢ).

163 1562 314 1602 Deinde
344 1563 466 1602 addit.
509 1561 561 1604 Τὸ
592 1561 684 1604 αὐτὸ
717 1563 784 1616 μὲν
811 1581 882 1619 ycco
909 1565 1080 1634 ei'oiywt3
1112 1565 1177 1606 καὶ
1213 1562 1327 1605 οὐδὲν
1355 1563 1536 1604 ἐναντίον.
1581 1579 1603 1604 o

165 1617 206 1658 δὲ
242 1616 383 1671 τρόπος
419 1635 488 1671 της
530 1619 728 1672 ἑρμηνείας
772 1621 1018 1674 μεμιγμένος,
1061 1619 1259 1660 ἂντίθεσίν
1294 1635 1378 1659 τινα
1412 1623 1606 1660 πλανῶντι

165 1673 298 1714 ἔοικεν.
356 1675 474 1722 Quam
505 1676 667 1713 ultimam
700 1684 838 1743 partem
871 1678 921 1715 ita
950 1678 1056 1727 lego:
1094 1673 1138 1715 O
1166 1674 1207 1715 δὲ
1232 1672 1372 1729 τρόπος
1398 1691 1466 1727 της
1493 1674 1605 1726 ἑρμη-

166 1729 271 1776 νείας
307 1727 536 1781 μιμούμενος
553 1728 653 1782 ³⁶³⁶&
693 1728 891 1771 ἆντίθεσίν
925 1747 1029 1780 τινα,
1065 1734 1256 1771 πλανῶντι
1295 1730 1426 1770 εὀικεν.
1491 1729 1605 1768 Haud

169 1786 220 1822 ita
251 1787 361 1823 multo
392 1793 474 1836 post
487 1785 563 1838 ᾧ),
596 1786 657 1824 ubi
688 1785 733 1824 de
765 1788 936 1825 similiter
964 1787 1218 1825 desinentibus
1246 1786 1370 1824 verbis
1399 1785 1607 1837 disputatur

169 1840 473 1892 ostenditurque,
519 1841 556 1879 id
598 1851 852 1880 ornamentum
901 1842 947 1880 ad
986 1843 1142 1880 affectus
1180 1840 1442 1907 exprimendos
1477 1841 1607 1880 inutile

172 1908 282 1941 esse3
314 1896 372 1933 ubi
404 1897 565 1946 legitur.
605 1897 722 1936 ποίαν
748 1913 819 1951 γαο
841 1894 956 1937 πόλιν
981 1901 1057 1937 τῶν
1086 1896 1236 1949 ἒχθοῶν
1255 1892 1434 1947 τοιαύτην
1456 1894 1605 1947 ἔλαβον,

172 1948 313 1990 ὁποίαν
339 1966 409 2001 την
441 1952 543 1990 ἰδίαν
567 1948 637 1990 εἷπε
630 1951 779 2003 ’βαλον,
819 1967 885 2004 pio
915 1953 1051 2004 ἔ2αβον
1078 1953 1253 1990 libentius
1286 1953 1439 2002 legerim
1469 1948 1607 1991 ἀπέλα·

170 2007 252 2057 βον.
318 2006 392 2044 Ubi
439 2005 484 2044 de
526 2008 723 2057 magnifica
760 2009 929 2046 oratione
964 2007 1285 2070 disseritur-015⁴),
1334 2020 1416 2044 cum
1448 2006 1607 2046 dixisset

172 2062 333 2111 scriptor
368 2061 429 2098 ille
466 2060 513 2099 de
537 2062 754 2100 Aristotelis
794 2064 1003 2109 sententia,
1041 2063 1257 2114 paeonicam
1294 2063 1499 2099 orationem
1529 2076 1606 2100 ma-

172 2117 344 2166 gnificam
375 2129 486 2154 esse:
525 2130 670 2180 paeona
707 2118 817 2155 ctiam
854 2117 1037 2169 duplicem
1069 2130 1153 2155 6556
1184 2116 1334 2162 docuit,
1375 2129 1484 2154 unum
1514 2132 1606 2169 προ-

170 2168 444 2234 καταοκτικόν,
480 2173 541 2223 qui
571 2181 725 2223 quatuor
754 2173 907 2224 syllabis
938 2179 1105 2239 constet,
1146 2172 1259 2222 longa
1287 2172 1426 2222 prima,
1466 2174 1606 2210 ceteris

172 2227 372 2264 brevibus.
405 2227 558 2278 eiusque
588 2228 794 2279 exemplum
825 2229 953 2280 ponit,
982 2225 1121 2281 ἤοξατο
1148 2203 1233 2267 δέεο
1245 2227 1416 2273 alterum,
1453 2229 1514 2279 qui
1544 2241 1607 2266 su-

173 2283 313 2333 periori
350 2283 403 2320 illi
435 2295 482 2320 ex
509 2283 627 2321 altera
658 2290 763 2335 parte
794 2283 1042 2336 respondeat,
1081 2290 1119 2321 et
1143 2296 1164 2321 a
1190 2283 1309 2321 tribus
1337 2295 1493 2321 exorsus
1522 2282 1608 2322 bre÷

249 2425 290 2462 2)
311 2428 479 2458 Vulcatam
499 2428 626 2457 tuentur
646 2427 797 2458 lvalzius
817 2429 849 2458 et
867 2425 1406 2464 Franc.Goe11eru3,nuperrimus
1423 2427 1527 2458 libelli
1546 2435 1608 2458 ex-

171 2463 305 2500 plicatur
325 2465 564 2501 (Lips.1837).

263 2512 316 2548 (ἕξ)
339 2513 370 2547 §.
391 2513 441 2541 24.
469 2513 528 2542 Hic
556 2520 671 2542 versus
699 2514 808 2543 eodem
835 2513 902 2542 fere
927 2514 1018 2542 modo
1046 2514 1162 2556 legitur
1189 2513 1272 2548 apud
1292 2513 1458 2544 Aristotel.
1477 2515 1607 2545 Rhetor.

172 2554 230 2585 lib.
248 2524 304 2584 lll.
332 2563 400 2590 cap.
426 2556 456 2585 9.
479 2559 562 2586 extr.
590 2557 652 2585 nisi
680 2559 761 2592 quod
783 2560 950 2587 Bekkerus
979 2559 1076 2587 edidit
1101 2549 1198 2585 Τόκα
1219 2551 1293 2603 μὲν
1313 2552 1353 2585 ἐν
1376 2549 1528 2605 τήνων
1547 2563 1607 2593 etc

173 2598 296 2626 Deinde
322 2599 438 2627 Faesio
470 2600 597 2628 videtur
623 2601 822 2630 scribendum
850 2610 923 2631 6556
953 2593 1039 2629 τόκα
1068 2597 1109 2631 δὲ
1135 2595 1225 2642 πὰρ
1255 2609 1271 2629 τ
1275 2608 1374 2640 ηνοις
1396 2597 1438 2642 ἓ)
1441 2595 1502 2632 ών
1541 2604 1605 2633 Sed

174 2636 303 2664 mutatis
324 2636 482 2665 nonnullis
502 2639 541 2666 ab
562 2637 630 2671 ipso
642 2640 764 2667 Mureto
787 2639 941 2672 profertur
961 2640 1042 2669 infra
1058 2642 1112 2670 lib.
1126 2643 1206 2671 XIV.
1224 2648 1291 2677 cap.
1309 2643 1338 2671 5.
1368 2643 1515 2672 Ceterum
1527 2641 1608 2677 Epi-

173 2673 292 2701 chaimi
313 2673 489 2709 fragmenta
508 2675 634 2710 collegit
653 2677 688 2704 P.
710 2677 897 2706 Kluseman.
937 2679 1080 2708 Hailemi
1102 2679 1191 2708 1834.

249 2727 309 2751 *³²²2
300 2727 342 2762 *J
362 2730 411 2757 Ex
431 2728 649 2757 emendatione
662 2728 793 2757 Victorii
807 2729 957 2761 tValzius
977 2735 1009 2761 et
1024 2734 1189 2764 Goellerus
1208 2736 1325 2766 habent
1342 2727 1606 2774 μεαιμημένθς.

175 2764 256 2800 quod
277 2768 308 2793 et
328 2766 431 2799 ipsum
451 2769 574 2796 mureto
593 2766 735 2796 tribuens
754 2766 874 2798 fallitur
894 2771 1114 2803 schneiderus.

253 2810 299 2849 ‘U
320 2814 350 2848 S
372 2814 421 2843 28-

254 2859 327 2899 ts)
349 2861 381 2897 §-
400 2862 450 2891 38.
