1778 3096
484 138 587 180 LIB.
620 139 732 179 XIV.
792 138 918 179 CAP.
954 139 1028 178 XI.
1404 135 1485 176 315

556 249 587 288 C
616 249 654 288 A
683 249 717 288 P
743 249 780 288 U
803 249 839 288 T
894 248 975 288 XI.

261 325 298 364 E
325 325 422 364 libro
449 327 578 377 quinto
610 328 811 366 earundem
842 327 1047 365 emendata
1066 325 1263 377 quaedam.

47 402 314 466 PERSEQUAR
362 432 402 462 et
441 424 513 462 alia
559 439 605 464 ex
653 424 786 464 iisdem
830 423 1040 476 Epistolis:
1101 423 1340 475 dignissimae
1385 423 1483 462 enim

47 487 129 516 sunt
157 478 202 516 ad
230 480 623 530 quasperpurgandas
648 481 770 518 omnia
799 480 844 517 ab
874 481 1043 517 omnibus
1069 481 1325 518 conserantur.
1373 479 1484 527 Quod
1509 484 1571 514 328

45 534 163 583 igitur
190 541 248 571 est
288 535 324 571 in
356 536 511 585 epistola
542 536 703 575 secunda
742 535 827 573 libri
857 535 997 585 quincti
1036 535 1072 572 in
1103 535 1358 581 Manutianis,
1401 549 1484 573 cnm

45 601 103 626 me
136 602 156 626 e
182 591 330 627 Pansae
363 591 476 638 villa,
515 605 601 629 neam
641 592 732 643 qnid
770 591 921 636 vellem,
961 597 1158 639 rogasset:
1197 597 1302 628 certo
1343 591 1484 628 certius

47 650 128 690 est,
174 643 442 682 exturbandum
486 645 572 684 hinc
624 659 710 684 esse
748 649 926 684 Pansam.
993 644 1209 684 victoriani
1253 652 1291 683 et
1335 652 1486 683 veteres

45 697 204 736 habent:
246 712 326 737 cnm
367 713 423 737 me
450 714 612 752 eoepense
639 715 708 739 sua
737 702 841 740 villa.
900 700 1020 738 Unius
1059 700 1245 738 litterulae
1284 701 1486 738 mutatione

45 752 148 790 locus
175 753 321 804 integer
345 754 422 801 fiet,
453 763 493 793 ut
521 757 590 793 sit:
625 770 705 794 enm
727 770 783 794 me
811 757 941 793 eoeiens
969 769 988 792 e
1009 769 1078 793 sna
1100 757 1189 793 villa
1205 755 1269 808 ἰΨ).
1314 755 1487 806 Epistola

47 807 282 855 duodecima,
316 810 379 847 ubi
409 811 517 860 vulgo
545 812 776 862 ineptissime
803 811 965 861 legitur:
997 813 1129 861 Itaque
1160 818 1249 848 erat
1273 811 1310 848 in
1342 813 1483 857 animo,

47 865 146 901 nihil
157 862 367 913 festinare,
388 879 457 904 nec
486 880 542 903 me
570 869 663 905 Delo
691 880 853 911 movere,
872 868 951 903 nisi
971 868 1094 904 omnia
1125 862 1368 919 ἀκρωτηρίων
1398 868 1487 905 iecra

46 919 239 957 vidissem.-
282 932 303 957 e
343 919 554 971 depravatis
591 923 733 960 veteris
776 923 983 972 scripturae
1022 921 1217 971 vestigiis,
1261 935 1354 972 quae
1393 920 1485 958 haec

48 980 152 1019 sunt,
188 986 298 1012 AKRA
329 987 382 1012 ΤΗ
412 988 578 1014 imvm:
626 990 672 1015 ex
701 978 756 1015 eis
791 977 905 1027 igitur
938 975 1133 1026 legendum
1172 983 1258 1027 puto
1290 974 1420 1032 ῥκραῆ
1447 990 1487 1015 τε

45 1026 112 1067 καὶ
139 1025 352 1081 οὔριαῗὲῗὲ).
410 1031 493 1069 Hoc
531 1033 630 1069 enim
673 1031 783 1078 dicit,
829 1045 901 1069 non
933 1044 1018 1068 esse
1056 1031 1128 1068 sibi
1159 1032 1351 1069 consilium
1384 1033 1487 1069 navi-

45 1096 160 1132 gare,
206 1085 276 1121 nisi
312 1098 445 1123 serena
483 1094 521 1124 et
558 1089 753 1138 tranquilla
793 1100 837 1124 ac
871 1086 1034 1124 secunda
1070 1087 1194 1124 omnia
1234 1086 1382 1124 viderit.
1442 1087 1486 1124 ln

45 1137 129 1183 illa,
171 1151 265 1188 quae
303 1142 493 1190 seqnitur,
534 1143 665 1179 mirum
698 1150 778 1189 est,
820 1142 988 1179 homines
1027 1141 1214 1187 cruditos,
1258 1142 1485 1187 manutium,

44 1191 277 1239 Corradum,
308 1195 424 1241 alios,
459 1204 529 1233 tam
561 1198 651 1235 nihil
681 1197 835 1243 vidisse,
865 1204 918 1242 ut,
952 1210 1032 1234 cum
1065 1197 1209 1246 paulum
1242 1196 1348 1234 modo
1378 1204 1486 1234 vetus

44 1248 228 1297 scriptura
264 1249 413 1287 abesset
442 1264 464 1288 a
498 1260 621 1298 recto,
662 1253 734 1302 ipsi
774 1259 845 1288 tam
877 1252 986 1301 longe
1026 1250 1285 1297 deflexerint„
1323 1251 1487 1289 Veteres

43 1301 154 1340 libri:
198 1306 461 1343 Verumtamen
492 1308 740 1344 Decmnaniets
773 1308 948 1344 venissem
988 1319 1070 1344 cnm
1099 1308 1269 1356 imperio.
1330 1306 1383 1344 At
1411 1307 1484 1343 illi:

47 1359 309 1397 Verumtamen
344 1373 426 1398 cum
465 1362 556 1399 civis·
590 1364 778 1400 Romanus
817 1362 998 1399 venissem
1036 1374 1116 1398 cum
1156 1362 1325 1411 imperio.
1393 1361 1489 1398 Erat

45 1420 167 1450 autem
200 1421 361 1452 rectum:
410 1418 673 1455 Verumtamen
708 1417 924 1463 decumani,
964 1423 1006 1455 ut
1034 1417 1072 1454 si
1094 1418 1271 1454 venissem
1310 1430 1390 1454 cum
1422 1418 1488 1454 im-

38 1469 148 1519 perio
164 1466 281 1522 Εἲίςὲεἱγὅ).
341 1470 403 1508 Ne
440 1471 704 1509 intellexerunt
735 1471 882 1522 quidem
913 1470 974 1517 id,
1014 1470 1111 1522 quod
1141 1472 1263 1508 statim
1295 1473 1485 1521 sequitur:

45 1524 109 1561 Eoe
137 1537 209 1574 quo
249 1531 283 1562 te
312 1526 525 1576 intelligere
553 1534 657 1565 cerlo
684 1529 785 1573 scio,
826 1529 1026 1564 mullorum
1056 1539 1239 1564 ιωηιονῑιηι
1268 1528 1488 1565 ostentatio-

44 1590 110 1615 nes
141 1591 240 1616 meas
269 1593 369 1617 nunc
410 1582 447 1618 in
478 1582 680 1619 discrimen
709 1595 790 1619 esse
818 1582 1019 1619 adductas.
1081 1581 1251 1628 Quorum
1287 1582 1487 1620 verborum

46 1634 230 1671 sententia
261 1634 353 1672 haec
384 1643 461 1673 est:
492 1634 544 1673 Et
572 1643 778 1674 ostentarat
808 1648 849 1674 se
875 1635 1015 1674 Cicero
1044 1649 1193 1686 semper
1221 1637 1488 1675 amicissimum

44 1687 165 1726 ordini
195 1689 472 1739 publicanorum
503 1698 542 1729 et
566 1704 716 1742 semper
743 1692 831 1729 item
862 1692 1005 1729 servire
1032 1691 1246 1729 instituerat
1275 1693 1487 1742 provincia-

44 1741 133 1781 lium
172 1744 388 1783 commodis.
458 1745 594 1793 Nune,
641 1760 723 1785 cum
762 1747 861 1784 inter
897 1746 1122 1784 decumanos
1163 1754 1201 1784 et
1239 1748 1488 1797 provinciales

43 1799 139 1836 male
170 1801 412 1847 conveniret,
450 1802 653 1852 periculum
685 1809 789 1847 erat,
832 1801 1004 1853 quicquid
1034 1803 1131 1839 inter
1163 1815 1227 1839 eos
1257 1801 1489 1841 decrevisset

44 1853 81 1890 in
110 1855 302 1904 provincia
332 1869 419 1902 sua,
463 1870 509 1894 ne
540 1858 577 1894 in
607 1858 807 1895 alterorum
848 1858 1091 1895 offensionem
1133 1858 1357 1895 incurreret.
1419 1859 1488 1896 Ait

44 1908 174 1958 igitur,
207 1923 249 1948 se
278 1924 428 1949 usurum
455 1925 498 1950 ea
525 1913 726 1964 palaestra,
759 1925 865 1964 quam
891 1913 937 1950 ab
958 1912 1087 1950 Attico
1121 1911 1319 1950 didicerat.
1368 1913 1489 1952 Multa

46 1965 172 2002 sciens
204 1968 484 2015 praetermitto:
521 1981 640 2018 neque
673 1969 771 2006 enim
812 1969 934 2005 omnia
964 1968 1035 2006 huc
1072 1981 1279 2018 congerere
1317 1967 1484 2007 decrevi.

44 2018 88 2056 In
120 2020 297 2070 epistola,
347 2025 462 2072 Quam
494 2024 621 2061 vellem
637 2022 713 2076 †),
757 2024 808 2061 ita
837 2023 994 2074 legitur:
1037 2026 1188 2062 Stemus
1227 2025 1386 2062 animis.-
1434 2032 1486 2071 et,

46 2075 135 2125 quia
163 2078 350 2123 consiliis,
384 2084 428 2116 ut
455 2079 636 2125 videmur,
664 2080 772 2117 honis
800 2080 954 2124 utimur,
986 2092 1181 2129 speramus
1210 2081 1321 2117 eliam
1350 2092 1489 2127 manu,-

46 2135 125 2167 tuto
156 2133 400 2178 consedimus,
424 2135 572 2183 copioso
601 2146 624 2172 α
642 2134 859 2187 si‘umentO,
886 2135 1054 2173 Ciliciam
1076 2148 1194 2185 prope
1223 2137 1486 2185 conspiciente,

44 2186 220 2234 expedito
260 2188 313 2224 ad
339 2189 555 2226 mutandum
593 2190 725 2229 locum.
783 2188 861 2227 Sed
891 2202 1011 2240 neque
1048 2189 1138 2227 illud
1175 2203 1333 2240 sperare
1373 2203 1488 2228 manu

43 2246 148 2277 recte
175 2239 248 2278 dici
279 2242 463 2289 arbitror,
505 2251 542 2282 et
571 2244 633 2282 illa
663 2251 737 2283 tam
769 2245 883 2282 multa
911 2244 1100 2295 epitheta,
1144 2251 1248 2291 licto,
1286 2246 1433 2295 copioso
1464 2258 1488 2284 α

38 2292 253 2343 frumento,
284 2300 555 2347 conspieciente
586 2301 773 2345 Ciliciam,
805 2301 998 2350 expedito,
1030 2313 1110 2338 cum
1140 2313 1210 2350 quo
1241 2300 1484 2347 cohaereant,

45 2362 119 2386 non
149 2350 299 2389 habent.
360 2352 483 2400 Quid,
522 2354 618 2405 quod
646 2356 698 2393 illi
725 2356 818 2406 ipsi,
858 2356 919 2405 qui
947 2356 999 2393 ita
1025 2355 1173 2406 legunt,
1214 2355 1400 2402 fatentur,
1445 2369 1487 2394 se

45 2403 117 2441 hoe
147 2407 407 2457 excogitasse,
441 2421 521 2446 cum
552 2410 589 2447 in
617 2412 779 2462 antiquis
808 2410 913 2448 libris
945 2418 1091 2448 extaret
1118 2408 1247 2448 aliud?
1297 2410 1356 2448 Illi
1387 2411 1487 2448 enim

45 2458 204 2497 habent:
249 2463 400 2500 Siamus
437 2465 595 2503 animis.-
639 2473 678 2504 et
712 2468 800 2517 quia
837 2467 1027 2512 consilicis,
1070 2473 1113 2504 ut
1145 2466 1336 2512 videmur,
1382 2466 1488 2504 bonis

46 2515 208 2561 utimur,
255 2529 448 2567 speramns
488 2521 600 2558 etiam
637 2534 732 2560 arno
766 2528 846 2560 tuto
892 2523 1124 2560 consedimus
1160 2522 1309 2573 copioso
1343 2533 1367 2559 a
1391 2519 1487 2570 stu·
1511 2525 1575 2554 329

119 2614 163 2649 δῖε)
184 2615 357 2650 necentum
375 2618 437 2647 hoc
456 2618 496 2647 ab
517 2618 646 2647 Orellio.

69 2703 87 2715 ν
119 2668 188 2704 *etz-J
215 2670 382 2701 Ernestius
409 2674 442 2703 et
471 2673 628 2703 Orellius:
663 2672 742 2702 Delo
768 2677 825 2702 nec
850 2679 988 2713 movere,
1027 2673 1088 2703 nisi
1118 2674 1221 2703 omnia
1254 2664 1487 2712 ἀκρωτηρίων

46 2718 150 2752 ovem
175 2714 330 2744 vidissem.

117 2763 212 2798 *³:330
233 2764 399 2794 Ernestius
419 2766 450 2794 et
471 2765 628 2795 ofellius:
652 2765 873 2795 Verumtamen.
895 2767 1081 2802 Decumanz‘,
1103 2774 1140 2796 ac
1159 2768 1188 2796 si
1206 2769 1355 2797 venissem
1375 2772 1435 2800 eet.

115 2810 161 2849 †)
181 2811 281 2846 Epist.
305 2813 352 2841 18.
372 2813 403 2847 S.
424 2814 453 2841 2.
485 2813 651 2842 Ernestius
671 2816 702 2843 et
721 2814 862 2844 Orellius
881 2814 960 2844 nihil
979 2817 1194 2851 mutaverunt,
1216 2817 1278 2846 nisi
1300 2819 1381 2854 quod
1402 2820 1484 2851 scri-

41 2851 176 2885 pserunt
195 2850 339 2885 expedito
360 2852 400 2880 ad
418 2852 594 2881 mutandwn
612 2852 710 2882 loco.
