1778 3096
222 98 304 143 424
781 99 910 141 vAR.
942 98 1099 139 LECT.

224 212 354 250 Bonus
393 216 517 249 antem
548 209 654 248 dolus
685 216 769 257 est,
808 209 870 261 qui
905 207 1061 261 prodest
1089 210 1126 247 ei
1154 211 1251 262 ipsi,
1280 211 1354 262 (qui
1386 209 1590 261 decipitur:
1631 215 1673 249 ut

192 278 195 279 ’
225 268 313 313 ille,
357 280 428 318 quo
459 264 625 304 medicos
660 265 847 303 absinthia
886 265 1015 317 pueris
1048 266 1313 316 propinantes,
1359 267 1411 303 uti
1449 267 1502 303 ait
1529 265 1672 304 Lucre-

168 1761 230 1790 447

226 323 302 360 tius
317 320 389 370 ἦε),
429 329 469 359 et
512 334 535 360 a
570 321 637 359 tali
675 320 759 359 dolo
794 334 842 359 ne
881 320 990 359 deum
1028 319 1176 372 quidem
1217 321 1422 361 abhorrere
1459 321 1675 373 Aeschylus

228 377 323 416 dixit
337 375 431 429 ἤϊ’),

529 426 700 481 Ἀπάτης
727 431 878 478 δικαίας
907 427 980 470 οὐκ
1007 427 1215 470 ἀποστατεῖ
1239 427 1345 478 θεός.

232 498 284 537 Et
316 498 367 535 ita
395 496 656 548 accipiendum
689 496 776 535 illud
800 494 1128 547 Herodoti***):
1160 495 1260 536 ἔνθα
1288 494 1357 549 χρή
1384 513 1420 537 τι
1446 497 1596 547 ψεῦδος
1622 494 1678 536 λέ-

232 557 395 607 γεσθαι,
433 550 613 605 λεγέσθω.
669 553 779 591 Plato
813 551 1023 604 'quoque†)
1064 553 1113 589 ita
1154 551 1349 602 distinguit
1384 552 1595 598 mendacia,
1639 559 1680 590 ut

236 608 417 660 quaedam
447 608 550 646 utilia
579 621 667 645 csse
698 609 881 645 fateatur:
922 615 960 645 et
989 609 1034 645 iis
1063 607 1208 657 quidem
1235 609 1293 658 qui
1327 616 1524 659 praesunt,
1567 609 1681 646 licere

236 671 341 716 putat
371 664 406 700 in
437 670 605 713 tempore
634 663 814 701 adversus
841 676 931 709 eos,
972 663 1104 714 quibus
1135 669 1335 714 praesunt,
1381 663 1572 701 mendacio
1602 664 1679 701 uti:

238 732 321 757 cum
351 726 474 756 tamen
514 718 612 756 idem
642 720 714 765 iis,
755 719 815 768 qui
845 719 967 756 alieno
997 719 1152 768 imperio
1184 718 1338 755 subsunt
1353 717 1461 770 ††)‚
1502 718 1682 756 adversus

239 788 330 820 eos,
363 774 495 825 quibus
526 781 682 825 parent,
716 775 832 812 licere
859 787 931 811 non
963 773 1112 811 debeat.
1173 773 1247 811 Sed
1277 781 1315 810 ct
1344 774 1379 810 in
1407 773 1503 811 bello
1533 773 1684 811 laudan-

240 837 323 876 tur,
356 830 417 880 qui
448 829 591 866 hostem
623 830 941 874 circumveniunt,
974 828 1056 865 dum
1087 841 1133 866 ne
1161 828 1247 879 quid
1278 828 1457 866 adversus
1489 828 1598 866 fidem
1626 829 1685 866 in·

242 886 459 936 terpositam
503 885 590 922 liat:
633 892 670 922 et
701 886 760 922 illa
792 891 900 930 sunt,
940 897 1035 935 quae
1072 891 1254 922 vocantur
1291 891 1576 933 strategemata.
1635 883 1688 922 Et

243 939 339 991 quod
362 940 551 978 Homerus
584 940 750 978 dolosum
771 939 919 977 Ulixem
947 946 1072 983 vocat,
1104 938 1149 976 ad
1181 939 1536 977 commendationem
1570 940 1687 989 ipsius

244 997 433 1048 pertinet,
482 993 578 1046 quod
617 995 731 1034 multa
768 995 931 1033 solerter
973 1001 1011 1032 et
1046 995 1243 1046 ingeniose
1283 994 1465 1033 adversus
1501 994 1688 1034 Troianos

245 1051 537 1090 machinaretur.

771 1138 1059 1179 CAPUT
1113 1139 1166 1179 V.

247 1212 470 1253 Aristotelis
499 1212 604 1250 locus
630 1213 662 1250 Ι.
699 1211 945 1260 Physicorum
976 1224 1026 1249 ea:
1056 1211 1196 1249 Galeno
1226 1211 1442 1249 emendatas
1475 1217 1515 1249 et
1540 1217 1688 1249 auctus.

249 1288 434 1347 Nomms
473 1316 531 1348 est
573 1316 610 1347 et
645 1307 856 1347 celebratus
892 1309 1109 1347 Aristotelis
1152 1307 1255 1347 locus
1293 1322 1314 1347 e
1354 1309 1449 1347 libro
1482 1310 1600 1360 primo
1645 1309 1692 1348 de

250 1365 454 1416 Principiis
469 1363 610 1418 †††),
641 1364 704 1401 ubi
734 1365 806 1410 ait,
840 1365 932 1410 sibi,
963 1365 995 1402 si
1026 1377 1166 1401 summo
1195 1365 1276 1402 iure
1307 1378 1422 1414 agere
1453 1366 1560 1410 velit,
1603 1365 1694 1403 nihil

251 1433 409 1458 caussae
441 1433 553 1467 esse,
599 1433 667 1457 cur
699 1418 879 1457 adversus
909 1419 1170 1457 Parmenidem
1212 1426 1250 1457 et
1279 1419 1474 1457 Melissum
1511 1419 1693 1471 disputet3

253 1476 454 1518 sibienim
490 1475 692 1512 institutam
724 1487 810 1511 esse
845 1473 1130 1524 disputationem
1160 1473 1206 1511 de
1236 1475 1451 1525 principiis:
1493 1483 1531 1512 at
1562 1476 1607 1513 ab
1640 1477 1695 1514 eis

253 1531 438 1583 principia
471 1530 552 1581 ipsa
581 1530 673 1566 tolli.
733 1528 831 1566 Nam
869 1542 951 1566 cum
984 1542 1111 1566 eorum
1142 1536 1297 1578 uterque
1333 1542 1441 1566 unum
1474 1529 1581 1567 modo
1612 1544 1698 1569 esse

254 1599 324 1624 ens
363 1585 530 1631 diceret,
574 1585 740 1636 quamvis
782 1585 862 1635 ipso
900 1585 1048 1622 nomine
1087 1584 1308 1635 principium
1339 1585 1585 1635 intelligeret,
1630 1586 1698 1624 hoc

256 1643 338 1691 ipso
374 1648 498 1679 tamen
526 1640 598 1677 vim
641 1640 756 1690 ipsam
796 1646 835 1677 et
871 1640 1058 1677 notionem
1090 1640 1263 1691 principii
1300 1640 1463 1678 funditus
1489 1641 1697 1681 evertebat.

256 1697 310 1734 Ut
347 1698 447 1734 enim
488 1702 596 1747 pater
632 1695 788 1746 intelligi
829 1709 901 1732 non
937 1702 1059 1746 potest
1100 1696 1181 1733 sine
1221 1695 1318 1732 filio:
1361 1702 1401 1732 ut
1445 1704 1624 1747 nugetur,
1666 1698 1699 1735 si

259 1753 340 1803 quis
370 1764 539 1790 caussam
576 1750 733 1802 aliquam
764 1763 848 1789 esse
881 1749 1003 1796 dicat,
1040 1763 1135 1801 quae
1164 1757 1286 1788 tamen
1318 1751 1452 1789 nullius
1483 1753 1537 1789 rei
1569 1766 1702 1791 caussa

259 1809 331 1854 sit,
371 1808 423 1845 ita
458 1807 638 1844 ridiculus
677 1815 759 1852 est,
811 1806 873 1857 qui
910 1805 999 1844 dicit
1038 1806 1257 1856 principium
1297 1805 1443 1857 quidem
1479 1819 1593 1854 esse,
1635 1807 1702 1846 sed

258 1870 412 1915 praeter
449 1863 568 1913 ipsum
608 1862 828 1912 principium
866 1861 970 1900 nihil.
1033 1861 1147 1900 Certe
1178 1861 1275 1898 enim
1312 1862 1344 1898 si
1375 1863 1594 1913 principium
1626 1871 1699 1909 est,

259 1919 417 1956 alicuius
445 1925 508 1955 aut
534 1918 738 1969 aliquorum
769 1917 987 1968 principium
1020 1917 1069 1953 sit
1097 1929 1252 1955 necesse
1280 1923 1360 1954 est:
1393 1930 1463 1968 quo
1496 1920 1615 1968 posito
1644 1932 1704 1957 se-

260 1975 408 2024 quit-ur,
442 1980 480 2010 ut
508 1973 614 2023 plura
645 1973 732 2011 sint.
794 1971 868 2019 Qui
901 1985 992 2022 ergo
1023 1971 1112 2010 dicit
1142 1985 1251 2009 unum
1282 1984 1365 2010 esse
1395 1974 1632 2025 principium,
1666 1981 1704 2012 et

260 2035 411 2080 praeter
440 2027 530 2065 illud
559 2029 650 2065 nihil
679 2041 789 2074 esse,
830 2028 1044 2078 compungit
1082 2028 1259 2078 quasique
1288 2035 1431 2065 comest
1465 2029 1547 2078 ipse
1578 2042 1618 2066 se
1636 2028 1702 2080 ἦε),

261 2091 300 2122 et
329 2083 366 2120 id
393 2085 528 2135 ipsum,
557 2082 652 2134 quod
680 2096 820 2134 ponere
851 2083 940 2128 vult,
973 2082 1102 2120 eadem
1133 2083 1301 2120 oratione
1331 2082 1541 2121 labefactat.
1591 2084 1704 2122 Omni

261 2147 383 2177 autem
413 2138 653 2189 disputationi
690 2138 917 2189 propositum
949 2150 1035 2175 esse
1066 2137 1176 2176 dehet
1205 2137 1365 2189 aliquid,
1406 2137 1450 2176 de
1479 2152 1550 2190 quo
1581 2139 1706 2190 dispu-

264 2202 384 2240 tetur,
426 2193 534 2245 idque
564 2200 712 2244 oportet
748 2199 920 2231 constare
951 2205 1057 2230 esse:
1096 2191 1276 2243 quomodo
1309 2193 1405 2229 enim
1443 2192 1489 2232 de
1521 2207 1565 2232 eo
1604 2196 1706 2246 quis-

262 2263 369 2301 quam
412 2249 576 2300 disputet
611 2248 696 2301 quid
737 2250 786 2287 sit
817 2255 881 2286 aut
917 2248 1023 2301 quale
1053 2248 1123 2296 sit,
1167 2246 1263 2300 quod
1302 2249 1350 2287 sit
1386 2260 1505 2288 necne
1545 2251 1594 2288 sit
1626 2263 1705 2288 am-

339 2360 382 2396 ÷::-)
405 2363 428 2389 Ι.
447 2360 518 2390 935.
545 2361 597 2389 IV.
621 2361 670 2389 11.

339 2409 408 2475 ’kg-²)
438 2409 604 2475 aphvS‘tob.
631 2410 733 2438 serm.
760 2407 812 2436 ΙΧ.
834 2406 886 2436 23.
924 2404 998 2435 Vid.
1025 2406 1115 2435 Poet.
1144 2408 1196 2436 Gr.
1225 2409 1317 2437 seen.
1344 2410 1471 2443 Fragm.
1499 2406 1547 2436 ed.
1567 2406 1709 2437 Diudorf.

263 2454 336 2482 pag.
358 2453 366 2460 ·
381 2452 387 2460 ·
403 2469 408 2474 .
428 2455 458 2476 n.
544 2469 551 2475 .

341 2499 434 2534 -:·.:-÷:÷>:·.:-)
461 2499 515 2528 lib.
536 2501 589 2529 111.
612 2506 681 2534 cap.
702 2499 752 2528 72.
774 2496 827 2528 ubi
847 2497 980 2532 tegitur:
1009 2491 1100 2526 ἔνθα
1126 2491 1198 2538 γάρ
1225 2505 1256 2526 τι
1284 2492 1344 2527 δεῖ
1364 2492 1502 2538 ψεῦδος
1525 2494 1709 2539 λέγεσθαι,

265 2542 441 2585 λεγέσθω.
490 2542 537 2572 Cf.
558 2546 640 2573 Mur.
661 2544 780 2572 Comm.
800 2542 833 2570 in
854 2541 929 2569 Tac.
950 2540 1029 2575 Opp.
1050 2543 1139 2571 Tam.
1159 2544 1213 2572 lV.
1233 2549 1305 2577 pag.
1325 2542 1365 2571 62
1384 2551 1432 2578 sq.

342 2596 389 2634 ἦ)
409 2595 449 2623 de
468 2594 547 2628 nep.
568 2593 621 2622 lib.
643 2595 681 2622 11.
702 2600 773 2628 pag.
795 2593 866 2621 382.
889 2592 924 2621 C.
954 2592 1007 2621 lib.
1028 2594 1082 2622 111.
1104 2601 1176 2629 pag.
1195 2594 1267 2624 389.
1284 2595 1321 2624 Β.
1342 2594 1414 2625 414.
1431 2595 1467 2624 B.
1483 2594 1533 2625 st.

341 2643 416 2682 ἢ)
437 2642 485 2672 Cf.
505 2648 601 2676 supra
621 2641 663 2669 ad
683 2641 737 2670 lib.
757 2642 839 2669 thl.
860 2647 931 2676 cap.
953 2641 1002 2670 14.
1022 2645 1129 2671 annot.
1150 2641 1209 2681 ἦ).

341 2691 443 2730 -ξ--ῑ-ΔΓ)
464 2689 592 2724 physic.
612 2690 746 2718 Acroas.
766 2696 834 2723 cap.
856 2690 885 2719 2.

341 2741 384 2774 ÷::-)
406 2742 473 2768 Hac
492 2737 642 2772 loquendi
657 2738 781 2766 ratione
801 2737 897 2766 utitur
913 2737 1023 2767 Cicero
1043 2737 1227 2768 dialecticos
1245 2739 1462 2775 perstringens
1483 2740 1523 2768 de
1539 2740 1590 2768 Or.
1606 2739 1658 2768 lib.
1673 2741 1711 2768 11.

267 2788 335 2812 cap.
357 2779 407 2806 38.
431 2779 464 2812 ξ.
488 2778 556 2804 158.
591 2777 738 2804 Hortens.
758 2777 883 2810 Fragm.
913 2783 964 2808 an.
986 2778 1064 2806 Non.
1086 2784 1158 2813 pag.
1178 2779 1235 2815 Sl,
1258 2779 1308 2807 29.
1329 2779 1377 2807 ed.
1399 2781 1495 2808 Mete.
1524 2777 1611 2814 (Cic.
1632 2778 1710 2813 opp.

268 2820 315 2845 ed.
340 2816 439 2845 orell.
462 2815 532 2844 Vol.
553 2814 606 2844 IV.
630 2815 664 2842 P.
686 2814 723 2843 11.
745 2819 818 2849 pag.
839 2813 912 2849 48⁰,
935 2815 1014 2849 15.)-
